<?xml version="1.0" encoding="UTF-8"?><Document xmlns:xsi="http://www.w3.org/2001/XMLSchema-instance" xmlns="urn:iso:std:iso:20022:tech:xsd:camt.054.001.01"><BkToCstmrDbtCdtNtfctnV01><GrpHdr><MsgId>80309K//12857</MsgId><CreDtTm>2018-09-14T20:00:00</CreDtTm></GrpHdr><Ntfctn><Id>80309K//12857//1</Id><CreDtTm>2018-09-14T20:00:00</CreDtTm><Acct><Id><PrtryAcct><Id>20594233939774</Id></PrtryAcct></Id><Ccy>GBP</Ccy></Acct><TxsSummry><TtlNtries><NbOfNtries>6</NbOfNtries><Sum>172.10</Sum></TtlNtries><TtlCdtNtries><NbOfNtries>6</NbOfNtries><Sum>172.10</Sum></TtlCdtNtries><TtlDbtNtries><NbOfNtries>0</NbOfNtries><Sum>0.00</Sum></TtlDbtNtries></TxsSummry><Ntry><Amt Ccy="GBP">0.80</Amt><CdtDbtInd>CRDT</CdtDbtInd><Sts>BOOK</Sts><BookgDt><Dt>2018-09-17</Dt></BookgDt><BkTxCd><Prtry><Cd>SIP UKBA CR 40269</Cd></Prtry></BkTxCd><TxDtls><Refs><EndToEndId>NOREF</EndToEndId><TxId>500000000388867015</TxId></Refs><RltdPties><Dbtr><Nm>A Aziz</Nm></Dbtr><DbtrAcct><Id><PrtryAcct><Id>30929040300760</Id></PrtryAcct></Id></DbtrAcct><Cdtr><Nm>A ROB ARRO</Nm></Cdtr><CdtrAcct><Id><PrtryAcct><Id>23008200195107</Id></PrtryAcct></Id></CdtrAcct><Prtry><Tp>ARRO</Tp><Pty/></Prtry></RltdPties><RmtInf><Strd><AddtlRmtInf>NO REF</AddtlRmtInf></Strd><Strd><AddtlRmtInf>A Aziz//ARRO</AddtlRmtInf></Strd></RmtInf><RltdDts><TxDtTm>2018-09-14T19:34:43</TxDtTm></RltdDts><AddtlTxInf>5000000003888670151020180914826309290</AddtlTxInf></TxDtls><AddtlNtryInf>COMPLETE//0000//003//CREDIT</AddtlNtryInf></Ntry><Ntry><Amt Ccy="GBP">100.00</Amt><CdtDbtInd>CRDT</CdtDbtInd><Sts>BOOK</Sts><BookgDt><Dt>2018-09-17</Dt></BookgDt><BkTxCd><Prtry><Cd>SIP UKBA CR 40269</Cd></Prtry></BkTxCd><TxDtls><Refs><EndToEndId>00151137632BBFFGTB</EndToEndId><TxId>00151137632BBFFGTB</TxId></Refs><RltdPties><Dbtr><Nm>AYSE AYDINLI</Nm></Dbtr><DbtrAcct><Id><PrtryAcct><Id>09012872107352</Id></PrtryAcct></Id></DbtrAcct><Cdtr><Nm>MRS A L AYDINLI</Nm></Cdtr><CdtrAcct><Id><PrtryAcct><Id>23008200025169</Id></PrtryAcct></Id></CdtrAcct><Prtry><Tp>ARRA</Tp><Pty/></Prtry></RltdPties><RmtInf><Strd><AddtlRmtInf>NO REF</AddtlRmtInf></Strd><Strd><AddtlRmtInf>AYSE AYDINLI//ARRA</AddtlRmtInf></Strd></RmtInf><RltdDts><TxDtTm>2018-09-14T19:37:20</TxDtTm></RltdDts><AddtlTxInf>00151137632BBFFGTB1020180914826090128</AddtlTxInf></TxDtls><AddtlNtryInf>COMPLETE//0000//003//CREDIT</AddtlNtryInf></Ntry><Ntry><Amt Ccy="GBP">33.80</Amt><CdtDbtInd>CRDT</CdtDbtInd><Sts>BOOK</Sts><BookgDt><Dt>2018-09-17</Dt></BookgDt><BkTxCd><Prtry><Cd>SIP UKBA CR 40269</Cd></Prtry></BkTxCd><TxDtls><Refs><EndToEndId>NOREF</EndToEndId><TxId>400000000393666328</TxId></Refs><RltdPties><Dbtr><Nm>S Bedford</Nm></Dbtr><DbtrAcct><Id><PrtryAcct><Id>30926845961060</Id></PrtryAcct></Id></DbtrAcct><Cdtr><Nm>ARRO</Nm></Cdtr><CdtrAcct><Id><PrtryAcct><Id>23008200007224</Id></PrtryAcct></Id></CdtrAcct><Prtry><Tp>LLOYDS BANK</Tp><Pty/></Prtry></RltdPties><RmtInf><Strd><AddtlRmtInf>NO REF</AddtlRmtInf></Strd><Strd><AddtlRmtInf>S Bedford//LLOYDS BANK</AddtlRmtInf></Strd></RmtInf><RltdDts><TxDtTm>2018-09-14T19:42:57</TxDtTm></RltdDts><AddtlTxInf>4000000003936663281020180914826309268</AddtlTxInf></TxDtls><AddtlNtryInf>COMPLETE//0000//003//CREDIT</AddtlNtryInf></Ntry><Ntry><Amt Ccy="GBP">20.00</Amt><CdtDbtInd>CRDT</CdtDbtInd><Sts>BOOK</Sts><BookgDt><Dt>2018-09-17</Dt></BookgDt><BkTxCd><Prtry><Cd>SIP UKBA CR 40269</Cd></Prtry></BkTxCd><TxDtls><Refs><EndToEndId>NOREF</EndToEndId><TxId>YBBPI1946262221530</TxId></Refs><RltdPties><Dbtr><Nm>CHARMAINE GALLI</Nm></Dbtr><DbtrAcct><Id><PrtryAcct><Id>05002011310718</Id></PrtryAcct></Id></DbtrAcct><Cdtr><Nm>my arro</Nm></Cdtr><CdtrAcct><Id><PrtryAcct><Id>23008200303446</Id></PrtryAcct></Id></CdtrAcct><Prtry><Tp>my arro</Tp><Pty/></Prtry></RltdPties><RmtInf><Strd><RfrdDocInf><RfrdDocTp><Prtry>002</Prtry></RfrdDocTp></RfrdDocInf><AddtlRmtInf>NO REF</AddtlRmtInf></Strd><Strd><AddtlRmtInf>CHARMAINE GALLI//my arro</AddtlRmtInf></Strd></RmtInf><RltdDts><TxDtTm>2018-09-14T19:46:27</TxDtTm></RltdDts><AddtlTxInf>YBBPI19462622215301020180914826050020</AddtlTxInf></TxDtls><AddtlNtryInf>COMPLETE//0000//003//CREDIT</AddtlNtryInf></Ntry><Ntry><Amt Ccy="GBP">3.70</Amt><CdtDbtInd>CRDT</CdtDbtInd><Sts>BOOK</Sts><BookgDt><Dt>2018-09-17</Dt></BookgDt><BkTxCd><Prtry><Cd>SIP UKBA CR 40269</Cd></Prtry></BkTxCd><TxDtls><Refs><EndToEndId>A WATSON</EndToEndId><TxId>57195305285163000N</TxId><Prtry><Tp>STO REF</Tp><Ref>0000</Ref></Prtry></Refs><RltdPties><Dbtr><Nm>WATSON AS</Nm></Dbtr><DbtrAcct><Id><PrtryAcct><Id>51500265262638</Id></PrtryAcct></Id></DbtrAcct><Cdtr><Nm>MRS S J WRIGHT</Nm></Cdtr><CdtrAcct><Id><PrtryAcct><Id>23008200344977</Id></PrtryAcct></Id></CdtrAcct><Prtry><Tp>A WATSON</Tp><Pty/></Prtry></RltdPties><RmtInf><Strd><AddtlRmtInf>WATSON AS         A WATSON          VIA ONLINE - PYMT</AddtlRmtInf></Strd><Strd><AddtlRmtInf>WATSON AS//A WATSON</AddtlRmtInf></Strd></RmtInf><RltdDts><TxDtTm>2018-09-14T19:53:05</TxDtTm></RltdDts><AddtlTxInf>57195305285163000N1020180914826515002</AddtlTxInf></TxDtls><AddtlNtryInf>COMPLETE//0000//003//CREDIT</AddtlNtryInf></Ntry><Ntry><Amt Ccy="GBP">13.80</Amt><CdtDbtInd>CRDT</CdtDbtInd><Sts>BOOK</Sts><BookgDt><Dt>2018-09-17</Dt></BookgDt><BkTxCd><Prtry><Cd>SIP UKBA CR 40269</Cd></Prtry></BkTxCd><TxDtls><Refs><EndToEndId>NOREF</EndToEndId><TxId>400000000393668733</TxId></Refs><RltdPties><Dbtr><Nm>J Page</Nm></Dbtr><DbtrAcct><Id><PrtryAcct><Id>11037700451037</Id></PrtryAcct></Id></DbtrAcct><Cdtr><Nm>FRESH MOO TO YOU</Nm></Cdtr><CdtrAcct><Id><PrtryAcct><Id>23008200039585</Id></PrtryAcct></Id></CdtrAcct><Prtry><Tp>41 COWPER ROAD</Tp><Pty/></Prtry></RltdPties><RmtInf><Strd><AddtlRmtInf>NO REF</AddtlRmtInf></Strd><Strd><AddtlRmtInf>J Page//41 COWPER ROAD</AddtlRmtInf></Strd></RmtInf><RltdDts><TxDtTm>2018-09-14T19:53:08</TxDtTm></RltdDts><AddtlTxInf>4000000003936687331020180914826110377</AddtlTxInf></TxDtls><AddtlNtryInf>COMPLETE//0000//003//CREDIT</AddtlNtryInf></Ntry></Ntfctn></BkToCstmrDbtCdtNtfctnV01></Document>