<?xml version="1.0" encoding="UTF-8"?><Document xmlns:xsi="http://www.w3.org/2001/XMLSchema-instance" xmlns="urn:iso:std:iso:20022:tech:xsd:camt.054.001.01"><BkToCstmrDbtCdtNtfctnV01><GrpHdr><MsgId>80309K//12932</MsgId><CreDtTm>2018-09-16T18:00:00</CreDtTm></GrpHdr><Ntfctn><Id>80309K//12932//1</Id><CreDtTm>2018-09-16T18:00:00</CreDtTm><Acct><Id><PrtryAcct><Id>20594233939774</Id></PrtryAcct></Id><Ccy>GBP</Ccy></Acct><TxsSummry><TtlNtries><NbOfNtries>3</NbOfNtries><Sum>76.00</Sum></TtlNtries><TtlCdtNtries><NbOfNtries>3</NbOfNtries><Sum>76.00</Sum></TtlCdtNtries><TtlDbtNtries><NbOfNtries>0</NbOfNtries><Sum>0.00</Sum></TtlDbtNtries></TxsSummry><Ntry><Amt Ccy="GBP">1.00</Amt><CdtDbtInd>CRDT</CdtDbtInd><Sts>BOOK</Sts><BookgDt><Dt>2018-09-17</Dt></BookgDt><BkTxCd><Prtry><Cd>SIP UKBA CR 40269</Cd></Prtry></BkTxCd><TxDtls><Refs><EndToEndId>NOREF</EndToEndId><TxId>RP4679961526587300</TxId></Refs><RltdPties><Dbtr><Nm>JAKUSENOKS A</Nm></Dbtr><DbtrAcct><Id><PrtryAcct><Id>20218093919854</Id></PrtryAcct></Id></DbtrAcct><Cdtr><Nm>EDVARDAS MILER</Nm></Cdtr><CdtrAcct><Id><PrtryAcct><Id>23008200105961</Id></PrtryAcct></Id></CdtrAcct><Prtry><Tp>MONETKA</Tp><Pty/></Prtry></RltdPties><RmtInf><Strd><AddtlRmtInf>NO REF</AddtlRmtInf></Strd><Strd><AddtlRmtInf>JAKUSENOKS A//MONETKA</AddtlRmtInf></Strd></RmtInf><RltdDts><TxDtTm>2018-09-16T17:33:20</TxDtTm></RltdDts><AddtlTxInf>RP46799615265873001020180916826200026</AddtlTxInf></TxDtls><AddtlNtryInf>COMPLETE//0000//003//CREDIT</AddtlNtryInf></Ntry><Ntry><Amt Ccy="GBP">20.00</Amt><CdtDbtInd>CRDT</CdtDbtInd><Sts>BOOK</Sts><BookgDt><Dt>2018-09-17</Dt></BookgDt><BkTxCd><Prtry><Cd>SIP UKBA CR 40269</Cd></Prtry></BkTxCd><TxDtls><Refs><EndToEndId>PPWD00000000ANRDSS</EndToEndId><TxId>PPWD00000000ANRDSS</TxId></Refs><RltdPties><Dbtr><Nm>PayPal</Nm><PstlAdr><AdrLine>2211 N 1st Street San Jose CA 95131</AdrLine><Ctry/></PstlAdr></Dbtr><DbtrAcct><Id><PrtryAcct><Id>23526278959595</Id></PrtryAcct></Id></DbtrAcct><Cdtr><Nm>John Andrew Robins-Walker</Nm><PstlAdr><AdrLine>64 Theynes Croft</AdrLine><Ctry/></PstlAdr></Cdtr><CdtrAcct><Id><PrtryAcct><Id>23008200427602</Id></PrtryAcct></Id></CdtrAcct><Prtry><Tp>PPWDL44H22AL4M6VT8</Tp><Pty/></Prtry></RltdPties><RmtInf><Strd><RfrdDocInf><RfrdDocTp><Prtry>002</Prtry></RfrdDocTp></RfrdDocInf><AddtlRmtInf>NO REF</AddtlRmtInf></Strd><Strd><AddtlRmtInf>PayPal//PPWDL44H22AL4M6VT8</AddtlRmtInf></Strd></RmtInf><RltdDts><TxDtTm>2018-09-16T17:34:33</TxDtTm></RltdDts><AddtlTxInf>PPWD00000000ANRDSS1020180916826235262</AddtlTxInf></TxDtls><AddtlNtryInf>COMPLETE//0000//003//CREDIT</AddtlNtryInf></Ntry><Ntry><Amt Ccy="GBP">55.00</Amt><CdtDbtInd>CRDT</CdtDbtInd><Sts>BOOK</Sts><BookgDt><Dt>2018-09-17</Dt></BookgDt><BkTxCd><Prtry><Cd>SIP UKBA CR 40269</Cd></Prtry></BkTxCd><TxDtls><Refs><EndToEndId>ANFIELD</EndToEndId><TxId>49173737588474000R</TxId><Prtry><Tp>STO REF</Tp><Ref>0000</Ref></Prtry></Refs><RltdPties><Dbtr><Nm>GREGORY CONSULTANC</Nm></Dbtr><DbtrAcct><Id><PrtryAcct><Id>83470010522354</Id></PrtryAcct></Id></DbtrAcct><Cdtr><Nm>CRAIG STABLES</Nm></Cdtr><CdtrAcct><Id><PrtryAcct><Id>23008200165405</Id></PrtryAcct></Id></CdtrAcct><Prtry><Tp>ANFIELD</Tp><Pty/></Prtry></RltdPties><RmtInf><Strd><AddtlRmtInf>GREGORY CONSULTANCANFIELD           VIA MOBILE - LVP</AddtlRmtInf></Strd><Strd><AddtlRmtInf>GREGORY CONSULTANC//ANFIELD</AddtlRmtInf></Strd></RmtInf><RltdDts><TxDtTm>2018-09-16T17:37:37</TxDtTm></RltdDts><AddtlTxInf>49173737588474000R1020180916826834700</AddtlTxInf></TxDtls><AddtlNtryInf>COMPLETE//0000//003//CREDIT</AddtlNtryInf></Ntry></Ntfctn></BkToCstmrDbtCdtNtfctnV01></Document>