<?xml version="1.0" encoding="UTF-8"?><Document xmlns:xsi="http://www.w3.org/2001/XMLSchema-instance" xmlns="urn:iso:std:iso:20022:tech:xsd:camt.054.001.01"><BkToCstmrDbtCdtNtfctnV01><GrpHdr><MsgId>80309K//13312</MsgId><CreDtTm>2018-09-25T12:30:00</CreDtTm></GrpHdr><Ntfctn><Id>80309K//13312//1</Id><CreDtTm>2018-09-25T12:30:00</CreDtTm><Acct><Id><PrtryAcct><Id>20594233939774</Id></PrtryAcct></Id><Ccy>GBP</Ccy></Acct><TxsSummry><TtlNtries><NbOfNtries>14</NbOfNtries><Sum>720.01</Sum></TtlNtries><TtlCdtNtries><NbOfNtries>14</NbOfNtries><Sum>720.01</Sum></TtlCdtNtries><TtlDbtNtries><NbOfNtries>0</NbOfNtries><Sum>0.00</Sum></TtlDbtNtries></TxsSummry><Ntry><Amt Ccy="GBP">30.00</Amt><CdtDbtInd>CRDT</CdtDbtInd><Sts>BOOK</Sts><BookgDt><Dt>2018-09-25</Dt></BookgDt><BkTxCd><Prtry><Cd>SIP UKBA CR 40269</Cd></Prtry></BkTxCd><TxDtls><Refs><EndToEndId>NOREF</EndToEndId><TxId>60120213031072000N</TxId><Prtry><Tp>STO REF</Tp><Ref>0000</Ref></Prtry></Refs><RltdPties><Dbtr><Nm>ROSI V BANUVE</Nm><PstlAdr><AdrLine>APS COTTONS CENTRE SE1 2QG</AdrLine><Ctry/></PstlAdr></Dbtr><DbtrAcct><Id><PrtryAcct><Id>08719906762189</Id></PrtryAcct></Id></DbtrAcct><Cdtr><Nm>ROSI BANUVE</Nm></Cdtr><CdtrAcct><Id><PrtryAcct><Id>23008200455409</Id></PrtryAcct></Id></CdtrAcct><Prtry><Tp>CRYSTAL</Tp><Pty/></Prtry></RltdPties><RmtInf><Strd><AddtlRmtInf>CRYSTAL</AddtlRmtInf></Strd><Strd><AddtlRmtInf>ROSI V BANUVE//CRYSTAL</AddtlRmtInf></Strd></RmtInf><RltdDts><TxDtTm>2018-09-25T12:02:13</TxDtTm></RltdDts><AddtlTxInf>60120213031072000N1020180925826087199</AddtlTxInf></TxDtls><AddtlNtryInf>COMPLETE//0000//001//CREDIT</AddtlNtryInf></Ntry><Ntry><Amt Ccy="GBP">35.00</Amt><CdtDbtInd>CRDT</CdtDbtInd><Sts>BOOK</Sts><BookgDt><Dt>2018-09-25</Dt></BookgDt><BkTxCd><Prtry><Cd>SIP UKBA CR 40269</Cd></Prtry></BkTxCd><TxDtls><Refs><EndToEndId>NOREF</EndToEndId><TxId>RP4659985276115300</TxId></Refs><RltdPties><Dbtr><Nm>IRELAND G G</Nm></Dbtr><DbtrAcct><Id><PrtryAcct><Id>20632840483982</Id></PrtryAcct></Id></DbtrAcct><Cdtr><Nm>BAEMMS LTD</Nm></Cdtr><CdtrAcct><Id><PrtryAcct><Id>23008200223303</Id></PrtryAcct></Id></CdtrAcct><Prtry><Tp>GEORGE IRELAND</Tp><Pty/></Prtry></RltdPties><RmtInf><Strd><AddtlRmtInf>NO REF</AddtlRmtInf></Strd><Strd><AddtlRmtInf>IRELAND G G//GEORGE IRELAND</AddtlRmtInf></Strd></RmtInf><RltdDts><TxDtTm>2018-09-25T12:08:10</TxDtTm></RltdDts><AddtlTxInf>RP46599852761153001020180925826200026</AddtlTxInf></TxDtls><AddtlNtryInf>COMPLETE//0000//001//CREDIT</AddtlNtryInf></Ntry><Ntry><Amt Ccy="GBP">10.00</Amt><CdtDbtInd>CRDT</CdtDbtInd><Sts>BOOK</Sts><BookgDt><Dt>2018-09-25</Dt></BookgDt><BkTxCd><Prtry><Cd>SIP UKBA CR 40269</Cd></Prtry></BkTxCd><TxDtls><Refs><EndToEndId>NOREF</EndToEndId><TxId>RP4679962195087800</TxId></Refs><RltdPties><Dbtr><Nm>OWARE C</Nm></Dbtr><DbtrAcct><Id><PrtryAcct><Id>20259520462365</Id></PrtryAcct></Id></DbtrAcct><Cdtr><Nm>CHANEL OWARE</Nm></Cdtr><CdtrAcct><Id><PrtryAcct><Id>23008200327086</Id></PrtryAcct></Id></CdtrAcct><Prtry><Tp>CORDELIA</Tp><Pty/></Prtry></RltdPties><RmtInf><Strd><AddtlRmtInf>NO REF</AddtlRmtInf></Strd><Strd><AddtlRmtInf>OWARE C//CORDELIA</AddtlRmtInf></Strd></RmtInf><RltdDts><TxDtTm>2018-09-25T12:11:54</TxDtTm></RltdDts><AddtlTxInf>RP46799621950878001020180925826200026</AddtlTxInf></TxDtls><AddtlNtryInf>COMPLETE//0000//001//CREDIT</AddtlNtryInf></Ntry><Ntry><Amt Ccy="GBP">55.00</Amt><CdtDbtInd>CRDT</CdtDbtInd><Sts>BOOK</Sts><BookgDt><Dt>2018-09-25</Dt></BookgDt><BkTxCd><Prtry><Cd>SIP UKBA CR 40269</Cd></Prtry></BkTxCd><TxDtls><Refs><EndToEndId>NOREF</EndToEndId><TxId>500000000391698900</TxId></Refs><RltdPties><Dbtr><Nm>E Martin</Nm></Dbtr><DbtrAcct><Id><PrtryAcct><Id>77852147021668</Id></PrtryAcct></Id></DbtrAcct><Cdtr><Nm>TOS CLEAN SUPREME</Nm></Cdtr><CdtrAcct><Id><PrtryAcct><Id>23008200223887</Id></PrtryAcct></Id></CdtrAcct><Prtry><Tp>00002</Tp><Pty/></Prtry></RltdPties><RmtInf><Strd><AddtlRmtInf>NO REF</AddtlRmtInf></Strd><Strd><AddtlRmtInf>E Martin//00002</AddtlRmtInf></Strd></RmtInf><RltdDts><TxDtTm>2018-09-25T12:12:19</TxDtTm></RltdDts><AddtlTxInf>5000000003916989001020180925826778521</AddtlTxInf></TxDtls><AddtlNtryInf>COMPLETE//0000//001//CREDIT</AddtlNtryInf></Ntry><Ntry><Amt Ccy="GBP">245.00</Amt><CdtDbtInd>CRDT</CdtDbtInd><Sts>BOOK</Sts><BookgDt><Dt>2018-09-25</Dt></BookgDt><BkTxCd><Prtry><Cd>SIP UKBA CR 40269</Cd></Prtry></BkTxCd><TxDtls><Refs><EndToEndId>NOREF</EndToEndId><TxId>10121730279755000N</TxId><Prtry><Tp>STO REF</Tp><Ref>0000</Ref></Prtry></Refs><RltdPties><Dbtr><Nm>MOHAMED NUR ADAM</Nm><PstlAdr><AdrLine>APS COTTONS CENTRE SE1 2QG</AdrLine><Ctry/></PstlAdr></Dbtr><DbtrAcct><Id><PrtryAcct><Id>08719986302344</Id></PrtryAcct></Id></DbtrAcct><Cdtr><Nm>RATHORE TECH LTD</Nm></Cdtr><CdtrAcct><Id><PrtryAcct><Id>23008200222719</Id></PrtryAcct></Id></CdtrAcct><Prtry><Tp>FRIEND</Tp><Pty/></Prtry></RltdPties><RmtInf><Strd><AddtlRmtInf>FRIEND</AddtlRmtInf></Strd><Strd><AddtlRmtInf>MOHAMED NUR ADAM//FRIEND</AddtlRmtInf></Strd></RmtInf><RltdDts><TxDtTm>2018-09-25T12:17:30</TxDtTm></RltdDts><AddtlTxInf>10121730279755000N1020180925826087199</AddtlTxInf></TxDtls><AddtlNtryInf>COMPLETE//0000//001//CREDIT</AddtlNtryInf></Ntry><Ntry><Amt Ccy="GBP">0.01</Amt><CdtDbtInd>CRDT</CdtDbtInd><Sts>BOOK</Sts><BookgDt><Dt>2018-09-25</Dt></BookgDt><BkTxCd><Prtry><Cd>SIP UKBA CR 40269</Cd></Prtry></BkTxCd><TxDtls><Refs><EndToEndId>PPRD00000000AQ0NQW</EndToEndId><TxId>PPRD00000000AQ0NQW</TxId></Refs><RltdPties><Dbtr><Nm>PAYPAL CODE 2733</Nm><PstlAdr><AdrLine>2211 N 1st Street San Jose CA 95131</AdrLine><Ctry/></PstlAdr></Dbtr><DbtrAcct><Id><PrtryAcct><Id>23526285010101</Id></PrtryAcct></Id></DbtrAcct><Cdtr><Nm>Paul Swannick</Nm><PstlAdr><AdrLine>8 Coronation Street</AdrLine><Ctry/></PstlAdr></Cdtr><CdtrAcct><Id><PrtryAcct><Id>23008200466090</Id></PrtryAcct></Id></CdtrAcct><Prtry><Tp>PAYPAL CODE 2733</Tp><Pty/></Prtry></RltdPties><RmtInf><Strd><RfrdDocInf><RfrdDocTp><Prtry>002</Prtry></RfrdDocTp></RfrdDocInf><AddtlRmtInf>NO REF</AddtlRmtInf></Strd><Strd><AddtlRmtInf>PAYPAL CODE 2733//PAYPAL CODE 2733</AddtlRmtInf></Strd></RmtInf><RltdDts><TxDtTm>2018-09-25T12:17:38</TxDtTm></RltdDts><AddtlTxInf>PPRD00000000AQ0NQW1020180925826235262</AddtlTxInf></TxDtls><AddtlNtryInf>COMPLETE//0000//001//CREDIT</AddtlNtryInf></Ntry><Ntry><Amt Ccy="GBP">120.00</Amt><CdtDbtInd>CRDT</CdtDbtInd><Sts>BOOK</Sts><BookgDt><Dt>2018-09-25</Dt></BookgDt><BkTxCd><Prtry><Cd>SIP UKBA CR 40269</Cd></Prtry></BkTxCd><TxDtls><Refs><EndToEndId>NOREF</EndToEndId><TxId>63122559529699000N</TxId><Prtry><Tp>STO REF</Tp><Ref>0000</Ref></Prtry></Refs><RltdPties><Dbtr><Nm>WHG (INTERNATIONAL</Nm></Dbtr><DbtrAcct><Id><PrtryAcct><Id>60954439080519</Id></PrtryAcct></Id></DbtrAcct><Cdtr><Nm>JOANNE MARSH</Nm></Cdtr><CdtrAcct><Id><PrtryAcct><Id>23008200416635</Id></PrtryAcct></Id></CdtrAcct><Prtry><Tp>553646916</Tp><Pty/></Prtry></RltdPties><RmtInf><Strd><AddtlRmtInf>WHG (INTERNATIONAL553646916</AddtlRmtInf></Strd><Strd><AddtlRmtInf>WHG (INTERNATIONAL//553646916</AddtlRmtInf></Strd></RmtInf><RltdDts><TxDtTm>2018-09-25T12:25:59</TxDtTm></RltdDts><AddtlTxInf>63122559529699000N1020180925826609544</AddtlTxInf></TxDtls><AddtlNtryInf>COMPLETE//0000//001//CREDIT</AddtlNtryInf></Ntry><Ntry><Amt Ccy="GBP">27.50</Amt><CdtDbtInd>CRDT</CdtDbtInd><Sts>BOOK</Sts><BookgDt><Dt>2018-09-25</Dt></BookgDt><BkTxCd><Prtry><Cd>SIP UKBA CR 40269</Cd></Prtry></BkTxCd><TxDtls><Refs><EndToEndId>NOREF</EndToEndId><TxId>13122600941438000N</TxId><Prtry><Tp>STO REF</Tp><Ref>0000</Ref></Prtry></Refs><RltdPties><Dbtr><Nm>WHG (INTERNATIONAL</Nm></Dbtr><DbtrAcct><Id><PrtryAcct><Id>60954439080519</Id></PrtryAcct></Id></DbtrAcct><Cdtr><Nm>DREW THOMAS</Nm></Cdtr><CdtrAcct><Id><PrtryAcct><Id>23008200393547</Id></PrtryAcct></Id></CdtrAcct><Prtry><Tp>553622989</Tp><Pty/></Prtry></RltdPties><RmtInf><Strd><AddtlRmtInf>WHG (INTERNATIONAL553622989</AddtlRmtInf></Strd><Strd><AddtlRmtInf>WHG (INTERNATIONAL//553622989</AddtlRmtInf></Strd></RmtInf><RltdDts><TxDtTm>2018-09-25T12:26:01</TxDtTm></RltdDts><AddtlTxInf>13122600941438000N1020180925826609544</AddtlTxInf></TxDtls><AddtlNtryInf>COMPLETE//0000//001//CREDIT</AddtlNtryInf></Ntry><Ntry><Amt Ccy="GBP">40.00</Amt><CdtDbtInd>CRDT</CdtDbtInd><Sts>BOOK</Sts><BookgDt><Dt>2018-09-25</Dt></BookgDt><BkTxCd><Prtry><Cd>SIP UKBA CR 40269</Cd></Prtry></BkTxCd><TxDtls><Refs><EndToEndId>NOREF</EndToEndId><TxId>18122601013690000N</TxId><Prtry><Tp>STO REF</Tp><Ref>0000</Ref></Prtry></Refs><RltdPties><Dbtr><Nm>WHG (INTERNATIONAL</Nm></Dbtr><DbtrAcct><Id><PrtryAcct><Id>60954439080519</Id></PrtryAcct></Id></DbtrAcct><Cdtr><Nm>DAVID PALMER</Nm></Cdtr><CdtrAcct><Id><PrtryAcct><Id>23008200401543</Id></PrtryAcct></Id></CdtrAcct><Prtry><Tp>553630829</Tp><Pty/></Prtry></RltdPties><RmtInf><Strd><AddtlRmtInf>WHG (INTERNATIONAL553630829</AddtlRmtInf></Strd><Strd><AddtlRmtInf>WHG (INTERNATIONAL//553630829</AddtlRmtInf></Strd></RmtInf><RltdDts><TxDtTm>2018-09-25T12:26:01</TxDtTm></RltdDts><AddtlTxInf>18122601013690000N1020180925826609544</AddtlTxInf></TxDtls><AddtlNtryInf>COMPLETE//0000//001//CREDIT</AddtlNtryInf></Ntry><Ntry><Amt Ccy="GBP">55.00</Amt><CdtDbtInd>CRDT</CdtDbtInd><Sts>BOOK</Sts><BookgDt><Dt>2018-09-25</Dt></BookgDt><BkTxCd><Prtry><Cd>SIP UKBA CR 40269</Cd></Prtry></BkTxCd><TxDtls><Refs><EndToEndId>NOREF</EndToEndId><TxId>15122601066757000N</TxId><Prtry><Tp>STO REF</Tp><Ref>0000</Ref></Prtry></Refs><RltdPties><Dbtr><Nm>WHG (INTERNATIONAL</Nm></Dbtr><DbtrAcct><Id><PrtryAcct><Id>60954439080519</Id></PrtryAcct></Id></DbtrAcct><Cdtr><Nm>J PATTERSON</Nm></Cdtr><CdtrAcct><Id><PrtryAcct><Id>23008200459802</Id></PrtryAcct></Id></CdtrAcct><Prtry><Tp>553636035</Tp><Pty/></Prtry></RltdPties><RmtInf><Strd><AddtlRmtInf>WHG (INTERNATIONAL553636035</AddtlRmtInf></Strd><Strd><AddtlRmtInf>WHG (INTERNATIONAL//553636035</AddtlRmtInf></Strd></RmtInf><RltdDts><TxDtTm>2018-09-25T12:26:01</TxDtTm></RltdDts><AddtlTxInf>15122601066757000N1020180925826609544</AddtlTxInf></TxDtls><AddtlNtryInf>COMPLETE//0000//001//CREDIT</AddtlNtryInf></Ntry><Ntry><Amt Ccy="GBP">45.00</Amt><CdtDbtInd>CRDT</CdtDbtInd><Sts>BOOK</Sts><BookgDt><Dt>2018-09-25</Dt></BookgDt><BkTxCd><Prtry><Cd>SIP UKBA CR 40269</Cd></Prtry></BkTxCd><TxDtls><Refs><EndToEndId>NOREF</EndToEndId><TxId>18122601198704000N</TxId><Prtry><Tp>STO REF</Tp><Ref>0000</Ref></Prtry></Refs><RltdPties><Dbtr><Nm>WHG (INTERNATIONAL</Nm></Dbtr><DbtrAcct><Id><PrtryAcct><Id>60954439080519</Id></PrtryAcct></Id></DbtrAcct><Cdtr><Nm>M WALKER</Nm></Cdtr><CdtrAcct><Id><PrtryAcct><Id>23008200403025</Id></PrtryAcct></Id></CdtrAcct><Prtry><Tp>553664212</Tp><Pty/></Prtry></RltdPties><RmtInf><Strd><AddtlRmtInf>WHG (INTERNATIONAL553664212</AddtlRmtInf></Strd><Strd><AddtlRmtInf>WHG (INTERNATIONAL//553664212</AddtlRmtInf></Strd></RmtInf><RltdDts><TxDtTm>2018-09-25T12:26:01</TxDtTm></RltdDts><AddtlTxInf>18122601198704000N1020180925826609544</AddtlTxInf></TxDtls><AddtlNtryInf>COMPLETE//0000//001//CREDIT</AddtlNtryInf></Ntry><Ntry><Amt Ccy="GBP">25.00</Amt><CdtDbtInd>CRDT</CdtDbtInd><Sts>BOOK</Sts><BookgDt><Dt>2018-09-25</Dt></BookgDt><BkTxCd><Prtry><Cd>SIP UKBA CR 40269</Cd></Prtry></BkTxCd><TxDtls><Refs><EndToEndId>NOREF</EndToEndId><TxId>21122601298264000N</TxId><Prtry><Tp>STO REF</Tp><Ref>0000</Ref></Prtry></Refs><RltdPties><Dbtr><Nm>WHG (INTERNATIONAL</Nm></Dbtr><DbtrAcct><Id><PrtryAcct><Id>60954439080519</Id></PrtryAcct></Id></DbtrAcct><Cdtr><Nm>KEVIN WHELAN</Nm></Cdtr><CdtrAcct><Id><PrtryAcct><Id>23008200457000</Id></PrtryAcct></Id></CdtrAcct><Prtry><Tp>553707411</Tp><Pty/></Prtry></RltdPties><RmtInf><Strd><AddtlRmtInf>WHG (INTERNATIONAL553707411</AddtlRmtInf></Strd><Strd><AddtlRmtInf>WHG (INTERNATIONAL//553707411</AddtlRmtInf></Strd></RmtInf><RltdDts><TxDtTm>2018-09-25T12:26:01</TxDtTm></RltdDts><AddtlTxInf>21122601298264000N1020180925826609544</AddtlTxInf></TxDtls><AddtlNtryInf>COMPLETE//0000//001//CREDIT</AddtlNtryInf></Ntry><Ntry><Amt Ccy="GBP">7.50</Amt><CdtDbtInd>CRDT</CdtDbtInd><Sts>BOOK</Sts><BookgDt><Dt>2018-09-25</Dt></BookgDt><BkTxCd><Prtry><Cd>SIP UKBA CR 40269</Cd></Prtry></BkTxCd><TxDtls><Refs><EndToEndId>ME</EndToEndId><TxId>21122738476639000N</TxId><Prtry><Tp>STO REF</Tp><Ref>0000</Ref></Prtry></Refs><RltdPties><Dbtr><Nm>HILLIER AL</Nm></Dbtr><DbtrAcct><Id><PrtryAcct><Id>55612170091943</Id></PrtryAcct></Id></DbtrAcct><Cdtr><Nm>MASTERCARD 8241</Nm></Cdtr><CdtrAcct><Id><PrtryAcct><Id>23008200373363</Id></PrtryAcct></Id></CdtrAcct><Prtry><Tp>ME</Tp><Pty/></Prtry></RltdPties><RmtInf><Strd><AddtlRmtInf>HILLIER AL        ME                VIA MOBILE - LVP</AddtlRmtInf></Strd><Strd><AddtlRmtInf>HILLIER AL//ME</AddtlRmtInf></Strd></RmtInf><RltdDts><TxDtTm>2018-09-25T12:27:38</TxDtTm></RltdDts><AddtlTxInf>21122738476639000N1020180925826556121</AddtlTxInf></TxDtls><AddtlNtryInf>COMPLETE//0000//001//CREDIT</AddtlNtryInf></Ntry><Ntry><Amt Ccy="GBP">25.00</Amt><CdtDbtInd>CRDT</CdtDbtInd><Sts>BOOK</Sts><BookgDt><Dt>2018-09-25</Dt></BookgDt><BkTxCd><Prtry><Cd>SIP UKBA CR 40269</Cd></Prtry></BkTxCd><TxDtls><Refs><EndToEndId>NOREF</EndToEndId><TxId>RP4659985277890200</TxId></Refs><RltdPties><Dbtr><Nm>ALEXANDER ZDB</Nm></Dbtr><DbtrAcct><Id><PrtryAcct><Id>20238180181838</Id></PrtryAcct></Id></DbtrAcct><Cdtr><Nm>ZOE SAVERS</Nm></Cdtr><CdtrAcct><Id><PrtryAcct><Id>23008200457785</Id></PrtryAcct></Id></CdtrAcct><Prtry><Tp>MONEY</Tp><Pty/></Prtry></RltdPties><RmtInf><Strd><AddtlRmtInf>NO REF</AddtlRmtInf></Strd><Strd><AddtlRmtInf>ALEXANDER ZDB//MONEY</AddtlRmtInf></Strd></RmtInf><RltdDts><TxDtTm>2018-09-25T12:28:32</TxDtTm></RltdDts><AddtlTxInf>RP46599852778902001020180925826200026</AddtlTxInf></TxDtls><AddtlNtryInf>COMPLETE//0000//001//CREDIT</AddtlNtryInf></Ntry></Ntfctn></BkToCstmrDbtCdtNtfctnV01></Document>