<?xml version="1.0" encoding="UTF-8"?><Document xmlns:xsi="http://www.w3.org/2001/XMLSchema-instance" xmlns="urn:iso:std:iso:20022:tech:xsd:camt.054.001.01"><BkToCstmrDbtCdtNtfctnV01><GrpHdr><MsgId>80309K//12369</MsgId><CreDtTm>2018-09-03T16:00:00</CreDtTm></GrpHdr><Ntfctn><Id>80309K//12369//1</Id><CreDtTm>2018-09-03T16:00:00</CreDtTm><Acct><Id><PrtryAcct><Id>20594233939774</Id></PrtryAcct></Id><Ccy>GBP</Ccy></Acct><TxsSummry><TtlNtries><NbOfNtries>13</NbOfNtries><Sum>1921.00</Sum></TtlNtries><TtlCdtNtries><NbOfNtries>13</NbOfNtries><Sum>1921.00</Sum></TtlCdtNtries><TtlDbtNtries><NbOfNtries>0</NbOfNtries><Sum>0.00</Sum></TtlDbtNtries></TxsSummry><Ntry><Amt Ccy="GBP">35.00</Amt><CdtDbtInd>CRDT</CdtDbtInd><Sts>BOOK</Sts><BookgDt><Dt>2018-09-03</Dt></BookgDt><BkTxCd><Prtry><Cd>SIP UKBA CR 40269</Cd></Prtry></BkTxCd><TxDtls><Refs><EndToEndId>00151092632BBJHNZZ</EndToEndId><TxId>00151092632BBJHNZZ</TxId></Refs><RltdPties><Dbtr><Nm>HAZEL CORE</Nm></Dbtr><DbtrAcct><Id><PrtryAcct><Id>09012834385390</Id></PrtryAcct></Id></DbtrAcct><Cdtr><Nm>ARRO CARD</Nm></Cdtr><CdtrAcct><Id><PrtryAcct><Id>23008200014496</Id></PrtryAcct></Id></CdtrAcct><Prtry><Tp>phone bill</Tp><Pty/></Prtry></RltdPties><RmtInf><Strd><AddtlRmtInf>NO REF</AddtlRmtInf></Strd><Strd><AddtlRmtInf>HAZEL CORE//phone bill</AddtlRmtInf></Strd></RmtInf><RltdDts><TxDtTm>2018-09-03T15:30:50</TxDtTm></RltdDts><AddtlTxInf>00151092632BBJHNZZ1020180903826090128</AddtlTxInf></TxDtls><AddtlNtryInf>COMPLETE//0000//002//CREDIT</AddtlNtryInf></Ntry><Ntry><Amt Ccy="GBP">5.00</Amt><CdtDbtInd>CRDT</CdtDbtInd><Sts>BOOK</Sts><BookgDt><Dt>2018-09-03</Dt></BookgDt><BkTxCd><Prtry><Cd>SIP UKBA CR 40269</Cd></Prtry></BkTxCd><TxDtls><Refs><EndToEndId>PPWD00000000AKGRVS</EndToEndId><TxId>PPWD00000000AKGRVS</TxId></Refs><RltdPties><Dbtr><Nm>PayPal</Nm><PstlAdr><AdrLine>2211 N 1st Street San Jose CA 95131</AdrLine><Ctry/></PstlAdr></Dbtr><DbtrAcct><Id><PrtryAcct><Id>23526278959595</Id></PrtryAcct></Id></DbtrAcct><Cdtr><Nm>Richard Christopher McVitty</Nm><PstlAdr><AdrLine>20 Colburn Avenue</AdrLine><Ctry/></PstlAdr></Cdtr><CdtrAcct><Id><PrtryAcct><Id>23008200427181</Id></PrtryAcct></Id></CdtrAcct><Prtry><Tp>PPWDL4W7J2AKR3V574</Tp><Pty/></Prtry></RltdPties><RmtInf><Strd><RfrdDocInf><RfrdDocTp><Prtry>002</Prtry></RfrdDocTp></RfrdDocInf><AddtlRmtInf>NO REF</AddtlRmtInf></Strd><Strd><AddtlRmtInf>PayPal//PPWDL4W7J2AKR3V574</AddtlRmtInf></Strd></RmtInf><RltdDts><TxDtTm>2018-09-03T15:34:36</TxDtTm></RltdDts><AddtlTxInf>PPWD00000000AKGRVS1020180903826235262</AddtlTxInf></TxDtls><AddtlNtryInf>COMPLETE//0000//002//CREDIT</AddtlNtryInf></Ntry><Ntry><Amt Ccy="GBP">80.00</Amt><CdtDbtInd>CRDT</CdtDbtInd><Sts>BOOK</Sts><BookgDt><Dt>2018-09-03</Dt></BookgDt><BkTxCd><Prtry><Cd>SIP UKBA CR 40269</Cd></Prtry></BkTxCd><TxDtls><Refs><EndToEndId>NOREF</EndToEndId><TxId>RP4659983749939100</TxId></Refs><RltdPties><Dbtr><Nm>CDP COURIER T/AS</Nm></Dbtr><DbtrAcct><Id><PrtryAcct><Id>20454523279235</Id></PrtryAcct></Id></DbtrAcct><Cdtr><Nm>T MARSHALL LTD</Nm></Cdtr><CdtrAcct><Id><PrtryAcct><Id>23008200033369</Id></PrtryAcct></Id></CdtrAcct><Prtry><Tp>85 CDP COURIERS</Tp><Pty/></Prtry></RltdPties><RmtInf><Strd><AddtlRmtInf>NO REF</AddtlRmtInf></Strd><Strd><AddtlRmtInf>CDP COURIER T/AS//85 CDP COURIERS</AddtlRmtInf></Strd></RmtInf><RltdDts><TxDtTm>2018-09-03T15:36:42</TxDtTm></RltdDts><AddtlTxInf>RP46599837499391001020180903826200026</AddtlTxInf></TxDtls><AddtlNtryInf>COMPLETE//0000//002//CREDIT</AddtlNtryInf></Ntry><Ntry><Amt Ccy="GBP">200.00</Amt><CdtDbtInd>CRDT</CdtDbtInd><Sts>BOOK</Sts><BookgDt><Dt>2018-09-03</Dt></BookgDt><BkTxCd><Prtry><Cd>SIP UKBA CR 40269</Cd></Prtry></BkTxCd><TxDtls><Refs><EndToEndId>NOREF</EndToEndId><TxId>RP4679960495711700</TxId></Refs><RltdPties><Dbtr><Nm>KUMAR H</Nm></Dbtr><DbtrAcct><Id><PrtryAcct><Id>20710360947105</Id></PrtryAcct></Id></DbtrAcct><Cdtr><Nm>JITENDER SINGH</Nm></Cdtr><CdtrAcct><Id><PrtryAcct><Id>23008200367820</Id></PrtryAcct></Id></CdtrAcct><Prtry><Tp>GIFTS</Tp><Pty/></Prtry></RltdPties><RmtInf><Strd><AddtlRmtInf>NO REF</AddtlRmtInf></Strd><Strd><AddtlRmtInf>KUMAR H//GIFTS</AddtlRmtInf></Strd></RmtInf><RltdDts><TxDtTm>2018-09-03T15:38:57</TxDtTm></RltdDts><AddtlTxInf>RP46799604957117001020180903826200026</AddtlTxInf></TxDtls><AddtlNtryInf>COMPLETE//0000//002//CREDIT</AddtlNtryInf></Ntry><Ntry><Amt Ccy="GBP">100.00</Amt><CdtDbtInd>CRDT</CdtDbtInd><Sts>BOOK</Sts><BookgDt><Dt>2018-09-03</Dt></BookgDt><BkTxCd><Prtry><Cd>SIP UKBA CR 40269</Cd></Prtry></BkTxCd><TxDtls><Refs><EndToEndId>00156365632BBCXWRV</EndToEndId><TxId>00156365632BBCXWRV</TxId></Refs><RltdPties><Dbtr><Nm>EDITH MORUTHOANE</Nm></Dbtr><DbtrAcct><Id><PrtryAcct><Id>09013460660489</Id></PrtryAcct></Id></DbtrAcct><Cdtr><Nm>BEN ARRO</Nm></Cdtr><CdtrAcct><Id><PrtryAcct><Id>23008200209247</Id></PrtryAcct></Id></CdtrAcct><Prtry><Tp>Ben Refund</Tp><Pty/></Prtry></RltdPties><RmtInf><Strd><AddtlRmtInf>NO REF</AddtlRmtInf></Strd><Strd><AddtlRmtInf>EDITH MORUTHOANE//Ben Refund</AddtlRmtInf></Strd></RmtInf><RltdDts><TxDtTm>2018-09-03T15:40:07</TxDtTm></RltdDts><AddtlTxInf>00156365632BBCXWRV1020180903826090134</AddtlTxInf></TxDtls><AddtlNtryInf>COMPLETE//0000//002//CREDIT</AddtlNtryInf></Ntry><Ntry><Amt Ccy="GBP">100.00</Amt><CdtDbtInd>CRDT</CdtDbtInd><Sts>BOOK</Sts><BookgDt><Dt>2018-09-03</Dt></BookgDt><BkTxCd><Prtry><Cd>SIP UKBA CR 40269</Cd></Prtry></BkTxCd><TxDtls><Refs><EndToEndId>NOREF</EndToEndId><TxId>RP4679960495876400</TxId></Refs><RltdPties><Dbtr><Nm>ROUAFI S A</Nm></Dbtr><DbtrAcct><Id><PrtryAcct><Id>20254263824780</Id></PrtryAcct></Id></DbtrAcct><Cdtr><Nm>DJAMEL CHARMAIT</Nm></Cdtr><CdtrAcct><Id><PrtryAcct><Id>23008200206335</Id></PrtryAcct></Id></CdtrAcct><Prtry><Tp>MADRID</Tp><Pty/></Prtry></RltdPties><RmtInf><Strd><AddtlRmtInf>NO REF</AddtlRmtInf></Strd><Strd><AddtlRmtInf>ROUAFI S A//MADRID</AddtlRmtInf></Strd></RmtInf><RltdDts><TxDtTm>2018-09-03T15:40:34</TxDtTm></RltdDts><AddtlTxInf>RP46799604958764001020180903826200026</AddtlTxInf></TxDtls><AddtlNtryInf>COMPLETE//0000//002//CREDIT</AddtlNtryInf></Ntry><Ntry><Amt Ccy="GBP">475.00</Amt><CdtDbtInd>CRDT</CdtDbtInd><Sts>BOOK</Sts><BookgDt><Dt>2018-09-03</Dt></BookgDt><BkTxCd><Prtry><Cd>SIP UKBA CR 40269</Cd></Prtry></BkTxCd><TxDtls><Refs><EndToEndId>000000FT182465KZN4</EndToEndId><TxId>000000FT182465KZN4</TxId></Refs><RltdPties><Dbtr><Nm>BUTESCU TRANS LTD</Nm><PstlAdr><AdrLine>38 WHITLEY WOOD LANE;READING</AdrLine><Ctry/></PstlAdr></Dbtr><DbtrAcct><Id><PrtryAcct><Id>23058029794774</Id></PrtryAcct></Id></DbtrAcct><Cdtr><Nm>JITENDER</Nm><PstlAdr><AdrLine>WIRECARD;Newcastle Upon Tyne</AdrLine><Ctry/></PstlAdr></Cdtr><CdtrAcct><Id><PrtryAcct><Id>23008200367820</Id></PrtryAcct></Id></CdtrAcct><Prtry><Tp>PAY</Tp><Pty/></Prtry></RltdPties><RmtInf><Strd><AddtlRmtInf>NO REF</AddtlRmtInf></Strd><Strd><AddtlRmtInf>BUTESCU TRANS LTD//PAY</AddtlRmtInf></Strd></RmtInf><RltdDts><TxDtTm>2018-09-03T15:48:12</TxDtTm></RltdDts><AddtlTxInf>000000FT182465KZN41020180903826230580</AddtlTxInf></TxDtls><AddtlNtryInf>COMPLETE//0000//002//CREDIT</AddtlNtryInf></Ntry><Ntry><Amt Ccy="GBP">235.00</Amt><CdtDbtInd>CRDT</CdtDbtInd><Sts>BOOK</Sts><BookgDt><Dt>2018-09-03</Dt></BookgDt><BkTxCd><Prtry><Cd>SIP UKBA CR 40269</Cd></Prtry></BkTxCd><TxDtls><Refs><EndToEndId>NOREF</EndToEndId><TxId>100000000383942813</TxId></Refs><RltdPties><Dbtr><Nm>I Khan</Nm></Dbtr><DbtrAcct><Id><PrtryAcct><Id>30961817030568</Id></PrtryAcct></Id></DbtrAcct><Cdtr><Nm>NAT</Nm></Cdtr><CdtrAcct><Id><PrtryAcct><Id>23008200187243</Id></PrtryAcct></Id></CdtrAcct><Prtry><Tp>WAGES 21.8.18</Tp><Pty/></Prtry></RltdPties><RmtInf><Strd><AddtlRmtInf>NO REF</AddtlRmtInf></Strd><Strd><AddtlRmtInf>I Khan//WAGES 21.8.18</AddtlRmtInf></Strd></RmtInf><RltdDts><TxDtTm>2018-09-03T15:48:56</TxDtTm></RltdDts><AddtlTxInf>1000000003839428131020180903826309618</AddtlTxInf></TxDtls><AddtlNtryInf>COMPLETE//0000//002//CREDIT</AddtlNtryInf></Ntry><Ntry><Amt Ccy="GBP">100.00</Amt><CdtDbtInd>CRDT</CdtDbtInd><Sts>BOOK</Sts><BookgDt><Dt>2018-09-03</Dt></BookgDt><BkTxCd><Prtry><Cd>SIP UKBA CR 40269</Cd></Prtry></BkTxCd><TxDtls><Refs><EndToEndId>SUTTER</EndToEndId><TxId>24155026224030000N</TxId><Prtry><Tp>STO REF</Tp><Ref>0000</Ref></Prtry></Refs><RltdPties><Dbtr><Nm>FARMER CS</Nm></Dbtr><DbtrAcct><Id><PrtryAcct><Id>60233682539782</Id></PrtryAcct></Id></DbtrAcct><Cdtr><Nm>BEN MORUTHANE</Nm></Cdtr><CdtrAcct><Id><PrtryAcct><Id>23008200209247</Id></PrtryAcct></Id></CdtrAcct><Prtry><Tp>SUTTER</Tp><Pty/></Prtry></RltdPties><RmtInf><Strd><AddtlRmtInf>FARMER CS         SUTTER            VIA MOBILE - LVP</AddtlRmtInf></Strd><Strd><AddtlRmtInf>FARMER CS//SUTTER</AddtlRmtInf></Strd></RmtInf><RltdDts><TxDtTm>2018-09-03T15:50:26</TxDtTm></RltdDts><AddtlTxInf>24155026224030000N1020180903826602336</AddtlTxInf></TxDtls><AddtlNtryInf>COMPLETE//0000//002//CREDIT</AddtlNtryInf></Ntry><Ntry><Amt Ccy="GBP">10.00</Amt><CdtDbtInd>CRDT</CdtDbtInd><Sts>BOOK</Sts><BookgDt><Dt>2018-09-03</Dt></BookgDt><BkTxCd><Prtry><Cd>SIP UKBA CR 40269</Cd></Prtry></BkTxCd><TxDtls><Refs><EndToEndId>00151522632BBKFRSM</EndToEndId><TxId>00151522632BBKFRSM</TxId></Refs><RltdPties><Dbtr><Nm>NANCY SWEENEY</Nm></Dbtr><DbtrAcct><Id><PrtryAcct><Id>09012782888949</Id></PrtryAcct></Id></DbtrAcct><Cdtr><Nm>H JOYCE</Nm></Cdtr><CdtrAcct><Id><PrtryAcct><Id>23008200183520</Id></PrtryAcct></Id></CdtrAcct><Prtry><Tp>loan</Tp><Pty/></Prtry></RltdPties><RmtInf><Strd><AddtlRmtInf>NO REF</AddtlRmtInf></Strd><Strd><AddtlRmtInf>NANCY SWEENEY//loan</AddtlRmtInf></Strd></RmtInf><RltdDts><TxDtTm>2018-09-03T15:52:01</TxDtTm></RltdDts><AddtlTxInf>00151522632BBKFRSM1020180903826090127</AddtlTxInf></TxDtls><AddtlNtryInf>COMPLETE//0000//002//CREDIT</AddtlNtryInf></Ntry><Ntry><Amt Ccy="GBP">500.00</Amt><CdtDbtInd>CRDT</CdtDbtInd><Sts>BOOK</Sts><BookgDt><Dt>2018-09-03</Dt></BookgDt><BkTxCd><Prtry><Cd>SIP UKBA CR 40269</Cd></Prtry></BkTxCd><TxDtls><Refs><EndToEndId>NOREF</EndToEndId><TxId>RP4679960497601000</TxId></Refs><RltdPties><Dbtr><Nm>OYEWUMI OK</Nm></Dbtr><DbtrAcct><Id><PrtryAcct><Id>20407180193313</Id></PrtryAcct></Id></DbtrAcct><Cdtr><Nm>EXPORT SOLUTIONS</Nm></Cdtr><CdtrAcct><Id><PrtryAcct><Id>23008200044254</Id></PrtryAcct></Id></CdtrAcct><Prtry><Tp>O. OYEWUMI</Tp><Pty/></Prtry></RltdPties><RmtInf><Strd><AddtlRmtInf>NO REF</AddtlRmtInf></Strd><Strd><AddtlRmtInf>OYEWUMI OK//O. OYEWUMI</AddtlRmtInf></Strd></RmtInf><RltdDts><TxDtTm>2018-09-03T15:57:20</TxDtTm></RltdDts><AddtlTxInf>RP46799604976010001020180903826200026</AddtlTxInf></TxDtls><AddtlNtryInf>COMPLETE//0000//002//CREDIT</AddtlNtryInf></Ntry><Ntry><Amt Ccy="GBP">26.00</Amt><CdtDbtInd>CRDT</CdtDbtInd><Sts>BOOK</Sts><BookgDt><Dt>2018-09-03</Dt></BookgDt><BkTxCd><Prtry><Cd>SIP UKBA CR 40269</Cd></Prtry></BkTxCd><TxDtls><Refs><EndToEndId>NOREF</EndToEndId><TxId>FP18246O10550637</TxId></Refs><RltdPties><Dbtr><Nm>Alexe Mariana</Nm></Dbtr><DbtrAcct><Id><PrtryAcct><Id>07043641707592</Id></PrtryAcct></Id></DbtrAcct><Cdtr><Nm>M POP</Nm></Cdtr><CdtrAcct><Id><PrtryAcct><Id>23008200032095</Id></PrtryAcct></Id></CdtrAcct><Prtry><Tp>SIS</Tp><Pty/></Prtry></RltdPties><RmtInf><Strd><AddtlRmtInf>NO REF</AddtlRmtInf></Strd><Strd><AddtlRmtInf>Alexe Mariana//SIS</AddtlRmtInf></Strd></RmtInf><RltdDts><TxDtTm>2018-09-03T15:58:54</TxDtTm></RltdDts><AddtlTxInf>FP18246O10550637  1020180903826070436</AddtlTxInf></TxDtls><AddtlNtryInf>COMPLETE//0000//002//CREDIT</AddtlNtryInf></Ntry><Ntry><Amt Ccy="GBP">55.00</Amt><CdtDbtInd>CRDT</CdtDbtInd><Sts>BOOK</Sts><BookgDt><Dt>2018-09-03</Dt></BookgDt><BkTxCd><Prtry><Cd>SIP UKBA CR 40269</Cd></Prtry></BkTxCd><TxDtls><Refs><EndToEndId>00151995632BBDJCSP</EndToEndId><TxId>00151995632BBDJCSP</TxId></Refs><RltdPties><Dbtr><Nm>SHANE DOHERTY</Nm></Dbtr><DbtrAcct><Id><PrtryAcct><Id>09012835482399</Id></PrtryAcct></Id></DbtrAcct><Cdtr><Nm>E G</Nm></Cdtr><CdtrAcct><Id><PrtryAcct><Id>23008200425522</Id></PrtryAcct></Id></CdtrAcct><Prtry><Tp>donate</Tp><Pty/></Prtry></RltdPties><RmtInf><Strd><AddtlRmtInf>NO REF</AddtlRmtInf></Strd><Strd><AddtlRmtInf>SHANE DOHERTY//donate</AddtlRmtInf></Strd></RmtInf><RltdDts><TxDtTm>2018-09-03T15:59:49</TxDtTm></RltdDts><AddtlTxInf>00151995632BBDJCSP1020180903826090128</AddtlTxInf></TxDtls><AddtlNtryInf>COMPLETE//0000//002//CREDIT</AddtlNtryInf></Ntry></Ntfctn></BkToCstmrDbtCdtNtfctnV01></Document>