<?xml version="1.0" encoding="UTF-8"?><Document xmlns:xsi="http://www.w3.org/2001/XMLSchema-instance" xmlns="urn:iso:std:iso:20022:tech:xsd:camt.054.001.01"><BkToCstmrDbtCdtNtfctnV01><GrpHdr><MsgId>80309K//12683</MsgId><CreDtTm>2018-09-10T21:00:00</CreDtTm></GrpHdr><Ntfctn><Id>80309K//12683//1</Id><CreDtTm>2018-09-10T21:00:00</CreDtTm><Acct><Id><PrtryAcct><Id>20594233939774</Id></PrtryAcct></Id><Ccy>GBP</Ccy></Acct><TxsSummry><TtlNtries><NbOfNtries>6</NbOfNtries><Sum>976.00</Sum></TtlNtries><TtlCdtNtries><NbOfNtries>6</NbOfNtries><Sum>976.00</Sum></TtlCdtNtries><TtlDbtNtries><NbOfNtries>0</NbOfNtries><Sum>0.00</Sum></TtlDbtNtries></TxsSummry><Ntry><Amt Ccy="GBP">650.00</Amt><CdtDbtInd>CRDT</CdtDbtInd><Sts>BOOK</Sts><BookgDt><Dt>2018-09-11</Dt></BookgDt><BkTxCd><Prtry><Cd>SIP UKBA CR 40269</Cd></Prtry></BkTxCd><TxDtls><Refs><EndToEndId>NOREF</EndToEndId><TxId>910032830302019001</TxId><Prtry><Tp>STO REF</Tp><Ref>0000</Ref></Prtry></Refs><RltdPties><Dbtr><Nm>HODSDON S</Nm></Dbtr><DbtrAcct><Id><PrtryAcct><Id>40310561224549</Id></PrtryAcct></Id></DbtrAcct><Cdtr><Nm>Gary Painter</Nm></Cdtr><CdtrAcct><Id><PrtryAcct><Id>23008200289108</Id></PrtryAcct></Id></CdtrAcct><Prtry><Tp>Decorating</Tp><Pty/></Prtry></RltdPties><RmtInf><Strd><AddtlRmtInf>NO REF</AddtlRmtInf></Strd><Strd><AddtlRmtInf>HODSDON S//Decorating</AddtlRmtInf></Strd></RmtInf><RltdDts><TxDtTm>2018-09-10T20:30:38</TxDtTm></RltdDts><AddtlTxInf>9100328303020190011020180910826403105</AddtlTxInf></TxDtls><AddtlNtryInf>COMPLETE//0000//003//CREDIT</AddtlNtryInf></Ntry><Ntry><Amt Ccy="GBP">20.00</Amt><CdtDbtInd>CRDT</CdtDbtInd><Sts>BOOK</Sts><BookgDt><Dt>2018-09-11</Dt></BookgDt><BkTxCd><Prtry><Cd>SIP UKBA CR 40269</Cd></Prtry></BkTxCd><TxDtls><Refs><EndToEndId>PPWD00000000AMC89S</EndToEndId><TxId>PPWD00000000AMC89S</TxId></Refs><RltdPties><Dbtr><Nm>PayPal</Nm><PstlAdr><AdrLine>2211 N 1st Street San Jose CA 95131</AdrLine><Ctry/></PstlAdr></Dbtr><DbtrAcct><Id><PrtryAcct><Id>23526278959595</Id></PrtryAcct></Id></DbtrAcct><Cdtr><Nm>Robert Bell</Nm><PstlAdr><AdrLine>13 Player Green</AdrLine><Ctry/></PstlAdr></Cdtr><CdtrAcct><Id><PrtryAcct><Id>23008200437805</Id></PrtryAcct></Id></CdtrAcct><Prtry><Tp>PPWDL4ZY22AKY6GGGQ</Tp><Pty/></Prtry></RltdPties><RmtInf><Strd><RfrdDocInf><RfrdDocTp><Prtry>002</Prtry></RfrdDocTp></RfrdDocInf><AddtlRmtInf>NO REF</AddtlRmtInf></Strd><Strd><AddtlRmtInf>PayPal//PPWDL4ZY22AKY6GGGQ</AddtlRmtInf></Strd></RmtInf><RltdDts><TxDtTm>2018-09-10T20:34:09</TxDtTm></RltdDts><AddtlTxInf>PPWD00000000AMC89S1020180910826235262</AddtlTxInf></TxDtls><AddtlNtryInf>COMPLETE//0000//003//CREDIT</AddtlNtryInf></Ntry><Ntry><Amt Ccy="GBP">4.00</Amt><CdtDbtInd>CRDT</CdtDbtInd><Sts>BOOK</Sts><BookgDt><Dt>2018-09-11</Dt></BookgDt><BkTxCd><Prtry><Cd>SIP UKBA CR 40269</Cd></Prtry></BkTxCd><TxDtls><Refs><EndToEndId>NOREF</EndToEndId><TxId>500000000387690674</TxId></Refs><RltdPties><Dbtr><Nm>J Redsull</Nm></Dbtr><DbtrAcct><Id><PrtryAcct><Id>30991324467060</Id></PrtryAcct></Id></DbtrAcct><Cdtr><Nm>MR LUKE GRIGGS</Nm></Cdtr><CdtrAcct><Id><PrtryAcct><Id>23008200387583</Id></PrtryAcct></Id></CdtrAcct><Prtry><Tp>PIZZA</Tp><Pty/></Prtry></RltdPties><RmtInf><Strd><AddtlRmtInf>NO REF</AddtlRmtInf></Strd><Strd><AddtlRmtInf>J Redsull//PIZZA</AddtlRmtInf></Strd></RmtInf><RltdDts><TxDtTm>2018-09-10T20:37:34</TxDtTm></RltdDts><AddtlTxInf>5000000003876906741020180910826309913</AddtlTxInf></TxDtls><AddtlNtryInf>COMPLETE//0000//003//CREDIT</AddtlNtryInf></Ntry><Ntry><Amt Ccy="GBP">267.00</Amt><CdtDbtInd>CRDT</CdtDbtInd><Sts>BOOK</Sts><BookgDt><Dt>2018-09-11</Dt></BookgDt><BkTxCd><Prtry><Cd>SIP UKBA CR 40269</Cd></Prtry></BkTxCd><TxDtls><Refs><EndToEndId>NOREF</EndToEndId><TxId>RP4679961089401200</TxId></Refs><RltdPties><Dbtr><Nm>BAMOTRA M</Nm></Dbtr><DbtrAcct><Id><PrtryAcct><Id>20297910203742</Id></PrtryAcct></Id></DbtrAcct><Cdtr><Nm>T TROLLEY</Nm></Cdtr><CdtrAcct><Id><PrtryAcct><Id>23008200438312</Id></PrtryAcct></Id></CdtrAcct><Prtry><Tp>LH88AT</Tp><Pty/></Prtry></RltdPties><RmtInf><Strd><AddtlRmtInf>NO REF</AddtlRmtInf></Strd><Strd><AddtlRmtInf>BAMOTRA M//LH88AT</AddtlRmtInf></Strd></RmtInf><RltdDts><TxDtTm>2018-09-10T20:41:12</TxDtTm></RltdDts><AddtlTxInf>RP46799610894012001020180910826200026</AddtlTxInf></TxDtls><AddtlNtryInf>COMPLETE//0000//003//CREDIT</AddtlNtryInf></Ntry><Ntry><Amt Ccy="GBP">25.00</Amt><CdtDbtInd>CRDT</CdtDbtInd><Sts>BOOK</Sts><BookgDt><Dt>2018-09-11</Dt></BookgDt><BkTxCd><Prtry><Cd>SIP UKBA CR 40269</Cd></Prtry></BkTxCd><TxDtls><Refs><EndToEndId>NOREF</EndToEndId><TxId>RP4679961089726100</TxId></Refs><RltdPties><Dbtr><Nm>KRUCZEK K</Nm></Dbtr><DbtrAcct><Id><PrtryAcct><Id>20136760062669</Id></PrtryAcct></Id></DbtrAcct><Cdtr><Nm>GRZEGORZ MATKOWSKI</Nm></Cdtr><CdtrAcct><Id><PrtryAcct><Id>23008200431689</Id></PrtryAcct></Id></CdtrAcct><Prtry><Tp>LOAN</Tp><Pty/></Prtry></RltdPties><RmtInf><Strd><AddtlRmtInf>NO REF</AddtlRmtInf></Strd><Strd><AddtlRmtInf>KRUCZEK K//LOAN</AddtlRmtInf></Strd></RmtInf><RltdDts><TxDtTm>2018-09-10T20:46:01</TxDtTm></RltdDts><AddtlTxInf>RP46799610897261001020180910826200026</AddtlTxInf></TxDtls><AddtlNtryInf>COMPLETE//0000//003//CREDIT</AddtlNtryInf></Ntry><Ntry><Amt Ccy="GBP">10.00</Amt><CdtDbtInd>CRDT</CdtDbtInd><Sts>BOOK</Sts><BookgDt><Dt>2018-09-11</Dt></BookgDt><BkTxCd><Prtry><Cd>SIP UKBA CR 40269</Cd></Prtry></BkTxCd><TxDtls><Refs><EndToEndId>NOREF</EndToEndId><TxId>RP4679961090068700</TxId></Refs><RltdPties><Dbtr><Nm>GREENSLADE ET</Nm></Dbtr><DbtrAcct><Id><PrtryAcct><Id>20353213222705</Id></PrtryAcct></Id></DbtrAcct><Cdtr><Nm>ARRO</Nm></Cdtr><CdtrAcct><Id><PrtryAcct><Id>23008200387583</Id></PrtryAcct></Id></CdtrAcct><Prtry><Tp>D.KKOG</Tp><Pty/></Prtry></RltdPties><RmtInf><Strd><AddtlRmtInf>NO REF</AddtlRmtInf></Strd><Strd><AddtlRmtInf>GREENSLADE ET//D.KKOG</AddtlRmtInf></Strd></RmtInf><RltdDts><TxDtTm>2018-09-10T20:51:14</TxDtTm></RltdDts><AddtlTxInf>RP46799610900687001020180910826200000</AddtlTxInf></TxDtls><AddtlNtryInf>COMPLETE//0000//003//CREDIT</AddtlNtryInf></Ntry></Ntfctn></BkToCstmrDbtCdtNtfctnV01></Document>