<?xml version="1.0" encoding="UTF-8"?><Document xmlns:xsi="http://www.w3.org/2001/XMLSchema-instance" xmlns="urn:iso:std:iso:20022:tech:xsd:camt.054.001.01"><BkToCstmrDbtCdtNtfctnV01><GrpHdr><MsgId>80309K//12663</MsgId><CreDtTm>2018-09-10T11:00:00</CreDtTm></GrpHdr><Ntfctn><Id>80309K//12663//1</Id><CreDtTm>2018-09-10T11:00:00</CreDtTm><Acct><Id><PrtryAcct><Id>20594233939774</Id></PrtryAcct></Id><Ccy>GBP</Ccy></Acct><TxsSummry><TtlNtries><NbOfNtries>3</NbOfNtries><Sum>1050.01</Sum></TtlNtries><TtlCdtNtries><NbOfNtries>3</NbOfNtries><Sum>1050.01</Sum></TtlCdtNtries><TtlDbtNtries><NbOfNtries>0</NbOfNtries><Sum>0.00</Sum></TtlDbtNtries></TxsSummry><Ntry><Amt Ccy="GBP">0.01</Amt><CdtDbtInd>CRDT</CdtDbtInd><Sts>BOOK</Sts><BookgDt><Dt>2018-09-10</Dt></BookgDt><BkTxCd><Prtry><Cd>SIP UKBA CR 40269</Cd></Prtry></BkTxCd><TxDtls><Refs><EndToEndId>PPRD00000000AM5V2M</EndToEndId><TxId>PPRD00000000AM5V2M</TxId></Refs><RltdPties><Dbtr><Nm>PAYPAL CODE 1785</Nm><PstlAdr><AdrLine>2211 N 1st Street San Jose CA 95131</AdrLine><Ctry/></PstlAdr></Dbtr><DbtrAcct><Id><PrtryAcct><Id>23526285010101</Id></PrtryAcct></Id></DbtrAcct><Cdtr><Nm>Elizabeth Jordison</Nm><PstlAdr><AdrLine>78 Park Avenue South</AdrLine><Ctry/></PstlAdr></Cdtr><CdtrAcct><Id><PrtryAcct><Id>23008200433005</Id></PrtryAcct></Id></CdtrAcct><Prtry><Tp>PAYPAL CODE 1785</Tp><Pty/></Prtry></RltdPties><RmtInf><Strd><RfrdDocInf><RfrdDocTp><Prtry>002</Prtry></RfrdDocTp></RfrdDocInf><AddtlRmtInf>NO REF</AddtlRmtInf></Strd><Strd><AddtlRmtInf>PAYPAL CODE 1785//PAYPAL CODE 1785</AddtlRmtInf></Strd></RmtInf><RltdDts><TxDtTm>2018-09-10T10:35:31</TxDtTm></RltdDts><AddtlTxInf>PPRD00000000AM5V2M1020180910826235262</AddtlTxInf></TxDtls><AddtlNtryInf>COMPLETE//0000//001//CREDIT</AddtlNtryInf></Ntry><Ntry><Amt Ccy="GBP">50.00</Amt><CdtDbtInd>CRDT</CdtDbtInd><Sts>BOOK</Sts><BookgDt><Dt>2018-09-10</Dt></BookgDt><BkTxCd><Prtry><Cd>SIP UKBA CR 40269</Cd></Prtry></BkTxCd><TxDtls><Refs><EndToEndId>NOREF</EndToEndId><TxId>180910104326516526</TxId></Refs><RltdPties><Dbtr><Nm>Phoenix Chauffeur Service Limited</Nm></Dbtr><DbtrAcct><Id><PrtryAcct><Id>77620535235760</Id></PrtryAcct></Id></DbtrAcct><Cdtr><Nm>Phoenix Chauffeur</Nm></Cdtr><CdtrAcct><Id><PrtryAcct><Id>23008200037860</Id></PrtryAcct></Id></CdtrAcct><Prtry><Tp>DRIVER1</Tp><Pty/></Prtry></RltdPties><RmtInf><Strd><AddtlRmtInf>NO REF</AddtlRmtInf></Strd><Strd><AddtlRmtInf>Phoenix Chauffeur //DRIVER1</AddtlRmtInf></Strd></RmtInf><RltdDts><TxDtTm>2018-09-10T10:43:23</TxDtTm></RltdDts><AddtlTxInf>1809101043265165261020180910826776205</AddtlTxInf></TxDtls><AddtlNtryInf>COMPLETE//0000//001//CREDIT</AddtlNtryInf></Ntry><Ntry><Amt Ccy="GBP">1000.00</Amt><CdtDbtInd>CRDT</CdtDbtInd><Sts>BOOK</Sts><BookgDt><Dt>2018-09-10</Dt></BookgDt><BkTxCd><Prtry><Cd>SIP UKBA CR 40269</Cd></Prtry></BkTxCd><TxDtls><Refs><EndToEndId>NOREF</EndToEndId><TxId>RP4679961040063800</TxId></Refs><RltdPties><Dbtr><Nm>MOROZAN S</Nm></Dbtr><DbtrAcct><Id><PrtryAcct><Id>20710330463035</Id></PrtryAcct></Id></DbtrAcct><Cdtr><Nm>BSM DRIVING SCHOOL</Nm></Cdtr><CdtrAcct><Id><PrtryAcct><Id>23008200437403</Id></PrtryAcct></Id></CdtrAcct><Prtry><Tp>DRIVING SCHOOL</Tp><Pty/></Prtry></RltdPties><RmtInf><Strd><AddtlRmtInf>NO REF</AddtlRmtInf></Strd><Strd><AddtlRmtInf>MOROZAN S//DRIVING SCHOOL</AddtlRmtInf></Strd></RmtInf><RltdDts><TxDtTm>2018-09-10T10:54:10</TxDtTm></RltdDts><AddtlTxInf>RP46799610400638001020180910826200026</AddtlTxInf></TxDtls><AddtlNtryInf>COMPLETE//0000//001//CREDIT</AddtlNtryInf></Ntry></Ntfctn></BkToCstmrDbtCdtNtfctnV01></Document>