<?xml version="1.0" encoding="UTF-8"?><Document xmlns:xsi="http://www.w3.org/2001/XMLSchema-instance" xmlns="urn:iso:std:iso:20022:tech:xsd:camt.054.001.01"><BkToCstmrDbtCdtNtfctnV01><GrpHdr><MsgId>80309K//12601</MsgId><CreDtTm>2018-09-08T19:30:00</CreDtTm></GrpHdr><Ntfctn><Id>80309K//12601//1</Id><CreDtTm>2018-09-08T19:30:00</CreDtTm><Acct><Id><PrtryAcct><Id>20594233939774</Id></PrtryAcct></Id><Ccy>GBP</Ccy></Acct><TxsSummry><TtlNtries><NbOfNtries>6</NbOfNtries><Sum>2729.39</Sum></TtlNtries><TtlCdtNtries><NbOfNtries>3</NbOfNtries><Sum>157.00</Sum></TtlCdtNtries><TtlDbtNtries><NbOfNtries>3</NbOfNtries><Sum>2572.39</Sum></TtlDbtNtries></TxsSummry><Ntry><Amt Ccy="GBP">12.00</Amt><CdtDbtInd>CRDT</CdtDbtInd><Sts>BOOK</Sts><BookgDt><Dt>2018-09-10</Dt></BookgDt><BkTxCd><Prtry><Cd>SIP UKBA CR 40269</Cd></Prtry></BkTxCd><TxDtls><Refs><EndToEndId>NOREF</EndToEndId><TxId>400000000391970603</TxId></Refs><RltdPties><Dbtr><Nm>A Khan</Nm></Dbtr><DbtrAcct><Id><PrtryAcct><Id>11082713009562</Id></PrtryAcct></Id></DbtrAcct><Cdtr><Nm>MY BILAL</Nm></Cdtr><CdtrAcct><Id><PrtryAcct><Id>23008200107448</Id></PrtryAcct></Id></CdtrAcct><Prtry><Tp>1</Tp><Pty/></Prtry></RltdPties><RmtInf><Strd><AddtlRmtInf>NO REF</AddtlRmtInf></Strd><Strd><AddtlRmtInf>A Khan//1</AddtlRmtInf></Strd></RmtInf><RltdDts><TxDtTm>2018-09-08T19:00:27</TxDtTm></RltdDts><AddtlTxInf>4000000003919706031020180908826110827</AddtlTxInf></TxDtls><AddtlNtryInf>COMPLETE//0000//003//CREDIT</AddtlNtryInf></Ntry><Ntry><Amt Ccy="GBP">329.00</Amt><CdtDbtInd>DBIT</CdtDbtInd><Sts>BOOK</Sts><BookgDt><Dt>2018-09-10</Dt></BookgDt><BkTxCd><Prtry><Cd>AUT UKBA DR 30278</Cd></Prtry></BkTxCd><TxDtls><Refs><TxId>000000000335805000</TxId></Refs><RltdPties><DbtrAcct><Id><PrtryAcct><Id>20594233939774</Id></PrtryAcct></Id></DbtrAcct></RltdPties><RmtInf><Strd><AddtlRmtInf>NO REF</AddtlRmtInf></Strd><Strd><AddtlRmtInf>20180908A44639//7S      F1TGM0P527</AddtlRmtInf></Strd></RmtInf><RltdDts><TxDtTm>2018-09-08T19:01:38</TxDtTm></RltdDts><AddtlTxInf>0000000003358050000020180908826205942</AddtlTxInf></TxDtls><AddtlNtryInf>AUTHSENT//0000//003//DEBIT</AddtlNtryInf></Ntry><Ntry><Amt Ccy="GBP">2143.39</Amt><CdtDbtInd>DBIT</CdtDbtInd><Sts>BOOK</Sts><BookgDt><Dt>2018-09-10</Dt></BookgDt><BkTxCd><Prtry><Cd>AUT UKBA DR 30278</Cd></Prtry></BkTxCd><TxDtls><Refs><TxId>000000000335805200</TxId></Refs><RltdPties><DbtrAcct><Id><PrtryAcct><Id>20594233939774</Id></PrtryAcct></Id></DbtrAcct></RltdPties><RmtInf><Strd><AddtlRmtInf>NO REF</AddtlRmtInf></Strd><Strd><AddtlRmtInf>20180908A44639//7S      F1TGH0C525</AddtlRmtInf></Strd></RmtInf><RltdDts><TxDtTm>2018-09-08T19:01:50</TxDtTm></RltdDts><AddtlTxInf>0000000003358052000020180908826205942</AddtlTxInf></TxDtls><AddtlNtryInf>AUTHSENT//0000//003//DEBIT</AddtlNtryInf></Ntry><Ntry><Amt Ccy="GBP">100.00</Amt><CdtDbtInd>DBIT</CdtDbtInd><Sts>BOOK</Sts><BookgDt><Dt>2018-09-10</Dt></BookgDt><BkTxCd><Prtry><Cd>AUT UKBA DR 30278</Cd></Prtry></BkTxCd><TxDtls><Refs><TxId>000000000335805300</TxId></Refs><RltdPties><DbtrAcct><Id><PrtryAcct><Id>20594233939774</Id></PrtryAcct></Id></DbtrAcct></RltdPties><RmtInf><Strd><AddtlRmtInf>NO REF</AddtlRmtInf></Strd><Strd><AddtlRmtInf>20180908A44639//7S      F1TGGBT523</AddtlRmtInf></Strd></RmtInf><RltdDts><TxDtTm>2018-09-08T19:01:58</TxDtTm></RltdDts><AddtlTxInf>0000000003358053000020180908826205942</AddtlTxInf></TxDtls><AddtlNtryInf>AUTHSENT//0000//003//DEBIT</AddtlNtryInf></Ntry><Ntry><Amt Ccy="GBP">140.00</Amt><CdtDbtInd>CRDT</CdtDbtInd><Sts>BOOK</Sts><BookgDt><Dt>2018-09-10</Dt></BookgDt><BkTxCd><Prtry><Cd>SIP UKBA CR 40269</Cd></Prtry></BkTxCd><TxDtls><Refs><EndToEndId>00151170632BBFBMBT</EndToEndId><TxId>00151170632BBFBMBT</TxId></Refs><RltdPties><Dbtr><Nm>NIA GRIFFITHS HAIR</Nm></Dbtr><DbtrAcct><Id><PrtryAcct><Id>09012857490440</Id></PrtryAcct></Id></DbtrAcct><Cdtr><Nm>MATHEW FARNHAM N</Nm></Cdtr><CdtrAcct><Id><PrtryAcct><Id>23008200042415</Id></PrtryAcct></Id></CdtrAcct><Prtry><Tp>Chair Rental</Tp><Pty/></Prtry></RltdPties><RmtInf><Strd><AddtlRmtInf>NO REF</AddtlRmtInf></Strd><Strd><AddtlRmtInf>NIA GRIFFITHS HAIR//Chair Rental</AddtlRmtInf></Strd></RmtInf><RltdDts><TxDtTm>2018-09-08T19:02:18</TxDtTm></RltdDts><AddtlTxInf>00151170632BBFBMBT1020180908826090128</AddtlTxInf></TxDtls><AddtlNtryInf>COMPLETE//0000//003//CREDIT</AddtlNtryInf></Ntry><Ntry><Amt Ccy="GBP">5.00</Amt><CdtDbtInd>CRDT</CdtDbtInd><Sts>BOOK</Sts><BookgDt><Dt>2018-09-10</Dt></BookgDt><BkTxCd><Prtry><Cd>SIP UKBA CR 40269</Cd></Prtry></BkTxCd><TxDtls><Refs><EndToEndId>DANKO</EndToEndId><TxId>34192951719186000N</TxId><Prtry><Tp>STO REF</Tp><Ref>0000</Ref></Prtry></Refs><RltdPties><Dbtr><Nm>PAULIK M</Nm></Dbtr><DbtrAcct><Id><PrtryAcct><Id>60120125552295</Id></PrtryAcct></Id></DbtrAcct><Cdtr><Nm>DANKO DAVID</Nm></Cdtr><CdtrAcct><Id><PrtryAcct><Id>23008200418892</Id></PrtryAcct></Id></CdtrAcct><Prtry><Tp>DANKO</Tp><Pty/></Prtry></RltdPties><RmtInf><Strd><AddtlRmtInf>PAULIK M          DANKO             VIA ONLINE - PYMT</AddtlRmtInf></Strd><Strd><AddtlRmtInf>PAULIK M//DANKO</AddtlRmtInf></Strd></RmtInf><RltdDts><TxDtTm>2018-09-08T19:29:52</TxDtTm></RltdDts><AddtlTxInf>34192951719186000N1020180908826601201</AddtlTxInf></TxDtls><AddtlNtryInf>COMPLETE//0000//003//CREDIT</AddtlNtryInf></Ntry></Ntfctn></BkToCstmrDbtCdtNtfctnV01></Document>