<?xml version="1.0" encoding="UTF-8"?><Document xmlns:xsi="http://www.w3.org/2001/XMLSchema-instance" xmlns="urn:iso:std:iso:20022:tech:xsd:camt.054.001.01"><BkToCstmrDbtCdtNtfctnV01><GrpHdr><MsgId>80309K//13534</MsgId><CreDtTm>2018-09-30T17:30:00</CreDtTm></GrpHdr><Ntfctn><Id>80309K//13534//1</Id><CreDtTm>2018-09-30T17:30:00</CreDtTm><Acct><Id><PrtryAcct><Id>20594233939774</Id></PrtryAcct></Id><Ccy>GBP</Ccy></Acct><TxsSummry><TtlNtries><NbOfNtries>8</NbOfNtries><Sum>1478.00</Sum></TtlNtries><TtlCdtNtries><NbOfNtries>8</NbOfNtries><Sum>1478.00</Sum></TtlCdtNtries><TtlDbtNtries><NbOfNtries>0</NbOfNtries><Sum>0.00</Sum></TtlDbtNtries></TxsSummry><Ntry><Amt Ccy="GBP">500.00</Amt><CdtDbtInd>CRDT</CdtDbtInd><Sts>BOOK</Sts><BookgDt><Dt>2018-10-01</Dt></BookgDt><BkTxCd><Prtry><Cd>FDP UKBA CR 40269</Cd></Prtry></BkTxCd><TxDtls><Refs><EndToEndId>NOREF</EndToEndId><TxId>302767514361039001</TxId><Prtry><Tp>STO REF</Tp><Ref>0000</Ref></Prtry></Refs><RltdPties><Dbtr><Nm>SINGH S</Nm></Dbtr><DbtrAcct><Id><PrtryAcct><Id>40222001899287</Id></PrtryAcct></Id></DbtrAcct><Cdtr><Nm>Mr K Miah</Nm></Cdtr><CdtrAcct><Id><PrtryAcct><Id>23008200453644</Id></PrtryAcct></Id></CdtrAcct><Prtry><Tp>Sabb Singh</Tp><Pty/></Prtry></RltdPties><RmtInf><Strd><AddtlRmtInf>NO REF</AddtlRmtInf></Strd><Strd><AddtlRmtInf>SINGH S//Sabb Singh</AddtlRmtInf></Strd></RmtInf><RltdDts><TxDtTm>2018-09-30T17:00:03</TxDtTm></RltdDts><AddtlTxInf>3027675143610390014020180930826402220</AddtlTxInf></TxDtls><AddtlNtryInf>COMPLETE//0000//003//CREDIT</AddtlNtryInf></Ntry><Ntry><Amt Ccy="GBP">350.00</Amt><CdtDbtInd>CRDT</CdtDbtInd><Sts>BOOK</Sts><BookgDt><Dt>2018-10-01</Dt></BookgDt><BkTxCd><Prtry><Cd>SIP UKBA CR 40269</Cd></Prtry></BkTxCd><TxDtls><Refs><EndToEndId>NOREF</EndToEndId><TxId>36170416538035000N</TxId><Prtry><Tp>STO REF</Tp><Ref>0000</Ref></Prtry></Refs><RltdPties><Dbtr><Nm>DELGADO M J &amp; S A</Nm></Dbtr><DbtrAcct><Id><PrtryAcct><Id>51703201778765</Id></PrtryAcct></Id></DbtrAcct><Cdtr><Nm>RICHARD ODELL</Nm></Cdtr><CdtrAcct><Id><PrtryAcct><Id>23008200475929</Id></PrtryAcct></Id></CdtrAcct></RltdPties><RmtInf><Strd><AddtlRmtInf>DELGADO M J &amp; S A</AddtlRmtInf></Strd><Strd><AddtlRmtInf>DELGADO M J &amp; S A//</AddtlRmtInf></Strd></RmtInf><RltdDts><TxDtTm>2018-09-30T17:04:16</TxDtTm></RltdDts><AddtlTxInf>36170416538035000N1020180930826517032</AddtlTxInf></TxDtls><AddtlNtryInf>COMPLETE//0000//003//CREDIT</AddtlNtryInf></Ntry><Ntry><Amt Ccy="GBP">40.00</Amt><CdtDbtInd>CRDT</CdtDbtInd><Sts>BOOK</Sts><BookgDt><Dt>2018-10-01</Dt></BookgDt><BkTxCd><Prtry><Cd>SIP UKBA CR 40269</Cd></Prtry></BkTxCd><TxDtls><Refs><EndToEndId>NOREF</EndToEndId><TxId>300000000397205333</TxId></Refs><RltdPties><Dbtr><Nm>D Ryan</Nm></Dbtr><DbtrAcct><Id><PrtryAcct><Id>80489210423267</Id></PrtryAcct></Id></DbtrAcct><Cdtr><Nm>DAMIAN RYAN</Nm></Cdtr><CdtrAcct><Id><PrtryAcct><Id>23008200036559</Id></PrtryAcct></Id></CdtrAcct></RltdPties><RmtInf><Strd><AddtlRmtInf>NO REF</AddtlRmtInf></Strd><Strd><AddtlRmtInf>D Ryan//</AddtlRmtInf></Strd></RmtInf><RltdDts><TxDtTm>2018-09-30T17:11:58</TxDtTm></RltdDts><AddtlTxInf>3000000003972053331020180930826804892</AddtlTxInf></TxDtls><AddtlNtryInf>COMPLETE//0000//003//CREDIT</AddtlNtryInf></Ntry><Ntry><Amt Ccy="GBP">20.00</Amt><CdtDbtInd>CRDT</CdtDbtInd><Sts>BOOK</Sts><BookgDt><Dt>2018-10-01</Dt></BookgDt><BkTxCd><Prtry><Cd>SIP UKBA CR 40269</Cd></Prtry></BkTxCd><TxDtls><Refs><EndToEndId>NOREF</EndToEndId><TxId>400000000398356845</TxId></Refs><RltdPties><Dbtr><Nm>N Baron</Nm></Dbtr><DbtrAcct><Id><PrtryAcct><Id>11006501256739</Id></PrtryAcct></Id></DbtrAcct><Cdtr><Nm>DAZ CASEY</Nm></Cdtr><CdtrAcct><Id><PrtryAcct><Id>23008200169927</Id></PrtryAcct></Id></CdtrAcct><Prtry><Tp>NAT BARON</Tp><Pty/></Prtry></RltdPties><RmtInf><Strd><AddtlRmtInf>NO REF</AddtlRmtInf></Strd><Strd><AddtlRmtInf>N Baron//NAT BARON</AddtlRmtInf></Strd></RmtInf><RltdDts><TxDtTm>2018-09-30T17:12:59</TxDtTm></RltdDts><AddtlTxInf>4000000003983568451020180930826110065</AddtlTxInf></TxDtls><AddtlNtryInf>COMPLETE//0000//003//CREDIT</AddtlNtryInf></Ntry><Ntry><Amt Ccy="GBP">38.00</Amt><CdtDbtInd>CRDT</CdtDbtInd><Sts>BOOK</Sts><BookgDt><Dt>2018-10-01</Dt></BookgDt><BkTxCd><Prtry><Cd>SIP UKBA CR 40269</Cd></Prtry></BkTxCd><TxDtls><Refs><EndToEndId>NOREF</EndToEndId><TxId>FP18273O13554271</TxId></Refs><RltdPties><Dbtr><Nm>Adeyemi Oluwasegun</Nm></Dbtr><DbtrAcct><Id><PrtryAcct><Id>07043624704024</Id></PrtryAcct></Id></DbtrAcct><Cdtr><Nm>R WEDELL</Nm></Cdtr><CdtrAcct><Id><PrtryAcct><Id>23008200476550</Id></PrtryAcct></Id></CdtrAcct><Prtry><Tp>HELP</Tp><Pty/></Prtry></RltdPties><RmtInf><Strd><AddtlRmtInf>NO REF</AddtlRmtInf></Strd><Strd><AddtlRmtInf>Adeyemi Oluwasegun//HELP</AddtlRmtInf></Strd></RmtInf><RltdDts><TxDtTm>2018-09-30T17:13:58</TxDtTm></RltdDts><AddtlTxInf>FP18273O13554271  1020180930826070436</AddtlTxInf></TxDtls><AddtlNtryInf>COMPLETE//0000//003//CREDIT</AddtlNtryInf></Ntry><Ntry><Amt Ccy="GBP">25.00</Amt><CdtDbtInd>CRDT</CdtDbtInd><Sts>BOOK</Sts><BookgDt><Dt>2018-10-01</Dt></BookgDt><BkTxCd><Prtry><Cd>SIP UKBA CR 40269</Cd></Prtry></BkTxCd><TxDtls><Refs><EndToEndId>NOREF</EndToEndId><TxId>RP4659985727918300</TxId></Refs><RltdPties><Dbtr><Nm>SQUIRES H</Nm></Dbtr><DbtrAcct><Id><PrtryAcct><Id>20502113072509</Id></PrtryAcct></Id></DbtrAcct><Cdtr><Nm>ME J SMITH</Nm></Cdtr><CdtrAcct><Id><PrtryAcct><Id>23008200176734</Id></PrtryAcct></Id></CdtrAcct><Prtry><Tp>WORK</Tp><Pty/></Prtry></RltdPties><RmtInf><Strd><AddtlRmtInf>NO REF</AddtlRmtInf></Strd><Strd><AddtlRmtInf>SQUIRES H//WORK</AddtlRmtInf></Strd></RmtInf><RltdDts><TxDtTm>2018-09-30T17:19:17</TxDtTm></RltdDts><AddtlTxInf>RP46599857279183001020180930826200026</AddtlTxInf></TxDtls><AddtlNtryInf>COMPLETE//0000//003//CREDIT</AddtlNtryInf></Ntry><Ntry><Amt Ccy="GBP">500.00</Amt><CdtDbtInd>CRDT</CdtDbtInd><Sts>BOOK</Sts><BookgDt><Dt>2018-10-01</Dt></BookgDt><BkTxCd><Prtry><Cd>SIP UKBA CR 40269</Cd></Prtry></BkTxCd><TxDtls><Refs><EndToEndId>NOREF</EndToEndId><TxId>FP18273O13562784</TxId></Refs><RltdPties><Dbtr><Nm>Chikamba Ricky-Farai</Nm></Dbtr><DbtrAcct><Id><PrtryAcct><Id>07024646240114</Id></PrtryAcct></Id></DbtrAcct><Cdtr><Nm>MR VICTOR DI GIOG</Nm></Cdtr><CdtrAcct><Id><PrtryAcct><Id>23008200178279</Id></PrtryAcct></Id></CdtrAcct><Prtry><Tp>500</Tp><Pty/></Prtry></RltdPties><RmtInf><Strd><AddtlRmtInf>NO REF</AddtlRmtInf></Strd><Strd><AddtlRmtInf>Chikamba Ricky-Far//500</AddtlRmtInf></Strd></RmtInf><RltdDts><TxDtTm>2018-09-30T17:24:22</TxDtTm></RltdDts><AddtlTxInf>FP18273O13562784  1020180930826070246</AddtlTxInf></TxDtls><AddtlNtryInf>COMPLETE//0000//003//CREDIT</AddtlNtryInf></Ntry><Ntry><Amt Ccy="GBP">5.00</Amt><CdtDbtInd>CRDT</CdtDbtInd><Sts>BOOK</Sts><BookgDt><Dt>2018-10-01</Dt></BookgDt><BkTxCd><Prtry><Cd>SIP UKBA CR 40269</Cd></Prtry></BkTxCd><TxDtls><Refs><EndToEndId>BABE</EndToEndId><TxId>37172853387339000N</TxId><Prtry><Tp>STO REF</Tp><Ref>0000</Ref></Prtry></Refs><RltdPties><Dbtr><Nm>GARRAWAY SR</Nm></Dbtr><DbtrAcct><Id><PrtryAcct><Id>60142455791123</Id></PrtryAcct></Id></DbtrAcct><Cdtr><Nm>SAM</Nm></Cdtr><CdtrAcct><Id><PrtryAcct><Id>23008200343124</Id></PrtryAcct></Id></CdtrAcct><Prtry><Tp>BABE</Tp><Pty/></Prtry></RltdPties><RmtInf><Strd><AddtlRmtInf>GARRAWAY SR       BABE              VIA MOBILE - LVP</AddtlRmtInf></Strd><Strd><AddtlRmtInf>GARRAWAY SR//BABE</AddtlRmtInf></Strd></RmtInf><RltdDts><TxDtTm>2018-09-30T17:28:53</TxDtTm></RltdDts><AddtlTxInf>37172853387339000N1020180930826601424</AddtlTxInf></TxDtls><AddtlNtryInf>COMPLETE//0000//003//CREDIT</AddtlNtryInf></Ntry></Ntfctn></BkToCstmrDbtCdtNtfctnV01></Document>