<?xml version="1.0" encoding="UTF-8"?><Document xmlns:xsi="http://www.w3.org/2001/XMLSchema-instance" xmlns="urn:iso:std:iso:20022:tech:xsd:camt.054.001.01"><BkToCstmrDbtCdtNtfctnV01><GrpHdr><MsgId>80309K//12817</MsgId><CreDtTm>2018-09-13T23:30:00</CreDtTm></GrpHdr><Ntfctn><Id>80309K//12817//1</Id><CreDtTm>2018-09-13T23:30:00</CreDtTm><Acct><Id><PrtryAcct><Id>20594233939774</Id></PrtryAcct></Id><Ccy>GBP</Ccy></Acct><TxsSummry><TtlNtries><NbOfNtries>7</NbOfNtries><Sum>5161.33</Sum></TtlNtries><TtlCdtNtries><NbOfNtries>4</NbOfNtries><Sum>1670.00</Sum></TtlCdtNtries><TtlDbtNtries><NbOfNtries>3</NbOfNtries><Sum>3491.33</Sum></TtlDbtNtries></TxsSummry><Ntry><Amt Ccy="GBP">992.00</Amt><CdtDbtInd>DBIT</CdtDbtInd><Sts>BOOK</Sts><BookgDt><Dt>2018-09-14</Dt></BookgDt><BkTxCd><Prtry><Cd>AUT UKBA DR 30278</Cd></Prtry></BkTxCd><TxDtls><Refs><TxId>000000000336462100</TxId></Refs><RltdPties><DbtrAcct><Id><PrtryAcct><Id>20594233939774</Id></PrtryAcct></Id></DbtrAcct></RltdPties><RmtInf><Strd><AddtlRmtInf>NO REF</AddtlRmtInf></Strd><Strd><AddtlRmtInf>20180913A44639//7S      F2B9PBV230</AddtlRmtInf></Strd></RmtInf><RltdDts><TxDtTm>2018-09-13T23:01:45</TxDtTm></RltdDts><AddtlTxInf>0000000003364621000020180913826205942</AddtlTxInf></TxDtls><AddtlNtryInf>AUTHSENT//0000//003//DEBIT</AddtlNtryInf></Ntry><Ntry><Amt Ccy="GBP">0.60</Amt><CdtDbtInd>DBIT</CdtDbtInd><Sts>BOOK</Sts><BookgDt><Dt>2018-09-14</Dt></BookgDt><BkTxCd><Prtry><Cd>AUT UKBA DR 30278</Cd></Prtry></BkTxCd><TxDtls><Refs><TxId>000000000336462300</TxId></Refs><RltdPties><DbtrAcct><Id><PrtryAcct><Id>20594233939774</Id></PrtryAcct></Id></DbtrAcct></RltdPties><RmtInf><Strd><AddtlRmtInf>NO REF</AddtlRmtInf></Strd><Strd><AddtlRmtInf>20180913A44639//7S      F2B9OV9228</AddtlRmtInf></Strd></RmtInf><RltdDts><TxDtTm>2018-09-13T23:01:53</TxDtTm></RltdDts><AddtlTxInf>0000000003364623000020180913826205942</AddtlTxInf></TxDtls><AddtlNtryInf>AUTHSENT//0000//003//DEBIT</AddtlNtryInf></Ntry><Ntry><Amt Ccy="GBP">2498.73</Amt><CdtDbtInd>DBIT</CdtDbtInd><Sts>BOOK</Sts><BookgDt><Dt>2018-09-14</Dt></BookgDt><BkTxCd><Prtry><Cd>AUT UKBA DR 30278</Cd></Prtry></BkTxCd><TxDtls><Refs><TxId>000000000336462400</TxId></Refs><RltdPties><DbtrAcct><Id><PrtryAcct><Id>20594233939774</Id></PrtryAcct></Id></DbtrAcct></RltdPties><RmtInf><Strd><AddtlRmtInf>NO REF</AddtlRmtInf></Strd><Strd><AddtlRmtInf>20180913A44639//7S      F2B7USE226</AddtlRmtInf></Strd></RmtInf><RltdDts><TxDtTm>2018-09-13T23:01:59</TxDtTm></RltdDts><AddtlTxInf>0000000003364624000020180913826205942</AddtlTxInf></TxDtls><AddtlNtryInf>AUTHSENT//0000//003//DEBIT</AddtlNtryInf></Ntry><Ntry><Amt Ccy="GBP">1150.00</Amt><CdtDbtInd>CRDT</CdtDbtInd><Sts>BOOK</Sts><BookgDt><Dt>2018-09-14</Dt></BookgDt><BkTxCd><Prtry><Cd>SIP UKBA CR 40269</Cd></Prtry></BkTxCd><TxDtls><Refs><EndToEndId>LOGISTICS</EndToEndId><TxId>11230355449483000N</TxId><Prtry><Tp>STO REF</Tp><Ref>0000</Ref></Prtry></Refs><RltdPties><Dbtr><Nm>ROYACARE ANGECY LT</Nm></Dbtr><DbtrAcct><Id><PrtryAcct><Id>52104616704843</Id></PrtryAcct></Id></DbtrAcct><Cdtr><Nm>JEDIDIAH GLOBAL</Nm></Cdtr><CdtrAcct><Id><PrtryAcct><Id>23008200032558</Id></PrtryAcct></Id></CdtrAcct><Prtry><Tp>LOGISTICS</Tp><Pty/></Prtry></RltdPties><RmtInf><Strd><AddtlRmtInf>ROYACARE ANGECY LTLOGISTICS         VIA ONLINE - PYMT</AddtlRmtInf></Strd><Strd><AddtlRmtInf>ROYACARE ANGECY LT//LOGISTICS</AddtlRmtInf></Strd></RmtInf><RltdDts><TxDtTm>2018-09-13T23:03:55</TxDtTm></RltdDts><AddtlTxInf>11230355449483000N1020180913826521046</AddtlTxInf></TxDtls><AddtlNtryInf>COMPLETE//0000//003//CREDIT</AddtlNtryInf></Ntry><Ntry><Amt Ccy="GBP">400.00</Amt><CdtDbtInd>CRDT</CdtDbtInd><Sts>BOOK</Sts><BookgDt><Dt>2018-09-14</Dt></BookgDt><BkTxCd><Prtry><Cd>SIP UKBA CR 40269</Cd></Prtry></BkTxCd><TxDtls><Refs><EndToEndId>00155634632BBGNRMK</EndToEndId><TxId>00155634632BBGNRMK</TxId></Refs><RltdPties><Dbtr><Nm>SYDNEY BOYE-CAMPBELL</Nm></Dbtr><DbtrAcct><Id><PrtryAcct><Id>09013960220628</Id></PrtryAcct></Id></DbtrAcct><Cdtr><Nm>ARRO</Nm></Cdtr><CdtrAcct><Id><PrtryAcct><Id>23008200325644</Id></PrtryAcct></Id></CdtrAcct><Prtry><Tp>waltman</Tp><Pty/></Prtry></RltdPties><RmtInf><Strd><AddtlRmtInf>NO REF</AddtlRmtInf></Strd><Strd><AddtlRmtInf>SYDNEY BOYE-CAMPBE//waltman</AddtlRmtInf></Strd></RmtInf><RltdDts><TxDtTm>2018-09-13T23:04:39</TxDtTm></RltdDts><AddtlTxInf>00155634632BBGNRMK1020180913826090139</AddtlTxInf></TxDtls><AddtlNtryInf>COMPLETE//0000//003//CREDIT</AddtlNtryInf></Ntry><Ntry><Amt Ccy="GBP">100.00</Amt><CdtDbtInd>CRDT</CdtDbtInd><Sts>BOOK</Sts><BookgDt><Dt>2018-09-14</Dt></BookgDt><BkTxCd><Prtry><Cd>SIP UKBA CR 40269</Cd></Prtry></BkTxCd><TxDtls><Refs><EndToEndId>NOREF</EndToEndId><TxId>RP4679961324536700</TxId></Refs><RltdPties><Dbtr><Nm>SALISU Y Y</Nm></Dbtr><DbtrAcct><Id><PrtryAcct><Id>20296363016080</Id></PrtryAcct></Id></DbtrAcct><Cdtr><Nm>NASSER</Nm></Cdtr><CdtrAcct><Id><PrtryAcct><Id>23008200309162</Id></PrtryAcct></Id></CdtrAcct><Prtry><Tp>NA</Tp><Pty/></Prtry></RltdPties><RmtInf><Strd><AddtlRmtInf>NO REF</AddtlRmtInf></Strd><Strd><AddtlRmtInf>SALISU Y Y//NA</AddtlRmtInf></Strd></RmtInf><RltdDts><TxDtTm>2018-09-13T23:13:22</TxDtTm></RltdDts><AddtlTxInf>RP46799613245367001020180913826200026</AddtlTxInf></TxDtls><AddtlNtryInf>COMPLETE//0000//003//CREDIT</AddtlNtryInf></Ntry><Ntry><Amt Ccy="GBP">20.00</Amt><CdtDbtInd>CRDT</CdtDbtInd><Sts>BOOK</Sts><BookgDt><Dt>2018-09-14</Dt></BookgDt><BkTxCd><Prtry><Cd>SIP UKBA CR 40269</Cd></Prtry></BkTxCd><TxDtls><Refs><EndToEndId>NOREF</EndToEndId><TxId>400000000393298241</TxId></Refs><RltdPties><Dbtr><Nm>M Murray</Nm></Dbtr><DbtrAcct><Id><PrtryAcct><Id>11086711240160</Id></PrtryAcct></Id></DbtrAcct><Cdtr><Nm>MALACHI CJ MURRAY</Nm></Cdtr><CdtrAcct><Id><PrtryAcct><Id>23008200429208</Id></PrtryAcct></Id></CdtrAcct><Prtry><Tp>TRANSFER</Tp><Pty/></Prtry></RltdPties><RmtInf><Strd><AddtlRmtInf>NO REF</AddtlRmtInf></Strd><Strd><AddtlRmtInf>M Murray//TRANSFER</AddtlRmtInf></Strd></RmtInf><RltdDts><TxDtTm>2018-09-13T23:28:24</TxDtTm></RltdDts><AddtlTxInf>4000000003932982411020180913826110867</AddtlTxInf></TxDtls><AddtlNtryInf>COMPLETE//0000//003//CREDIT</AddtlNtryInf></Ntry></Ntfctn></BkToCstmrDbtCdtNtfctnV01></Document>