<?xml version="1.0" encoding="UTF-8"?><Document xmlns:xsi="http://www.w3.org/2001/XMLSchema-instance" xmlns="urn:iso:std:iso:20022:tech:xsd:camt.054.001.01"><BkToCstmrDbtCdtNtfctnV01><GrpHdr><MsgId>80309K//13010</MsgId><CreDtTm>2018-09-18T12:30:00</CreDtTm></GrpHdr><Ntfctn><Id>80309K//13010//1</Id><CreDtTm>2018-09-18T12:30:00</CreDtTm><Acct><Id><PrtryAcct><Id>20594233939774</Id></PrtryAcct></Id><Ccy>GBP</Ccy></Acct><TxsSummry><TtlNtries><NbOfNtries>8</NbOfNtries><Sum>1896.80</Sum></TtlNtries><TtlCdtNtries><NbOfNtries>8</NbOfNtries><Sum>1896.80</Sum></TtlCdtNtries><TtlDbtNtries><NbOfNtries>0</NbOfNtries><Sum>0.00</Sum></TtlDbtNtries></TxsSummry><Ntry><Amt Ccy="GBP">560.00</Amt><CdtDbtInd>CRDT</CdtDbtInd><Sts>BOOK</Sts><BookgDt><Dt>2018-09-18</Dt></BookgDt><BkTxCd><Prtry><Cd>SIP UKBA CR 40269</Cd></Prtry></BkTxCd><TxDtls><Refs><EndToEndId>PPWD00000000AO8G92</EndToEndId><TxId>PPWD00000000AO8G92</TxId></Refs><RltdPties><Dbtr><Nm>PayPal</Nm><PstlAdr><AdrLine>2211 N 1st Street San Jose CA 95131</AdrLine><Ctry/></PstlAdr></Dbtr><DbtrAcct><Id><PrtryAcct><Id>23526278959595</Id></PrtryAcct></Id></DbtrAcct><Cdtr><Nm>Radoslaw Zabnicki</Nm><PstlAdr><AdrLine>93 Glengarry Road</AdrLine><Ctry/></PstlAdr></Cdtr><CdtrAcct><Id><PrtryAcct><Id>23008200351062</Id></PrtryAcct></Id></CdtrAcct><Prtry><Tp>PPWDL5S322AL6PKHLW</Tp><Pty/></Prtry></RltdPties><RmtInf><Strd><RfrdDocInf><RfrdDocTp><Prtry>002</Prtry></RfrdDocTp></RfrdDocInf><AddtlRmtInf>NO REF</AddtlRmtInf></Strd><Strd><AddtlRmtInf>PayPal//PPWDL5S322AL6PKHLW</AddtlRmtInf></Strd></RmtInf><RltdDts><TxDtTm>2018-09-18T12:00:49</TxDtTm></RltdDts><AddtlTxInf>PPWD00000000AO8G921020180918826235262</AddtlTxInf></TxDtls><AddtlNtryInf>COMPLETE//0000//001//CREDIT</AddtlNtryInf></Ntry><Ntry><Amt Ccy="GBP">254.70</Amt><CdtDbtInd>CRDT</CdtDbtInd><Sts>BOOK</Sts><BookgDt><Dt>2018-09-18</Dt></BookgDt><BkTxCd><Prtry><Cd>SIP UKBA CR 40269</Cd></Prtry></BkTxCd><TxDtls><Refs><EndToEndId>AQUEOUS</EndToEndId><TxId>02120112667222000N</TxId><Prtry><Tp>STO REF</Tp><Ref>0000</Ref></Prtry></Refs><RltdPties><Dbtr><Nm>AQUEOUS</Nm></Dbtr><DbtrAcct><Id><PrtryAcct><Id>60152967136419</Id></PrtryAcct></Id></DbtrAcct><Cdtr><Nm>COSTER CONTENT LTD</Nm></Cdtr><CdtrAcct><Id><PrtryAcct><Id>23008200221244</Id></PrtryAcct></Id></CdtrAcct><Prtry><Tp>AQUEOUS</Tp><Pty/></Prtry></RltdPties><RmtInf><Strd><AddtlRmtInf>AQUEOUS           AQUEOUS           VIA ONLINE - PYMT</AddtlRmtInf></Strd><Strd><AddtlRmtInf>AQUEOUS//AQUEOUS</AddtlRmtInf></Strd></RmtInf><RltdDts><TxDtTm>2018-09-18T12:01:12</TxDtTm></RltdDts><AddtlTxInf>02120112667222000N1020180918826601529</AddtlTxInf></TxDtls><AddtlNtryInf>COMPLETE//0000//001//CREDIT</AddtlNtryInf></Ntry><Ntry><Amt Ccy="GBP">55.90</Amt><CdtDbtInd>CRDT</CdtDbtInd><Sts>BOOK</Sts><BookgDt><Dt>2018-09-18</Dt></BookgDt><BkTxCd><Prtry><Cd>SIP UKBA CR 40269</Cd></Prtry></BkTxCd><TxDtls><Refs><EndToEndId>AQUEOUS</EndToEndId><TxId>08120156507310000N</TxId><Prtry><Tp>STO REF</Tp><Ref>0000</Ref></Prtry></Refs><RltdPties><Dbtr><Nm>AQUEOUS</Nm></Dbtr><DbtrAcct><Id><PrtryAcct><Id>60152967136419</Id></PrtryAcct></Id></DbtrAcct><Cdtr><Nm>COSTER CONTENT LTD</Nm></Cdtr><CdtrAcct><Id><PrtryAcct><Id>23008200221244</Id></PrtryAcct></Id></CdtrAcct><Prtry><Tp>AQUEOUS</Tp><Pty/></Prtry></RltdPties><RmtInf><Strd><AddtlRmtInf>AQUEOUS           AQUEOUS           VIA ONLINE - PYMT</AddtlRmtInf></Strd><Strd><AddtlRmtInf>AQUEOUS//AQUEOUS</AddtlRmtInf></Strd></RmtInf><RltdDts><TxDtTm>2018-09-18T12:01:56</TxDtTm></RltdDts><AddtlTxInf>08120156507310000N1020180918826601529</AddtlTxInf></TxDtls><AddtlNtryInf>COMPLETE//0000//001//CREDIT</AddtlNtryInf></Ntry><Ntry><Amt Ccy="GBP">41.20</Amt><CdtDbtInd>CRDT</CdtDbtInd><Sts>BOOK</Sts><BookgDt><Dt>2018-09-18</Dt></BookgDt><BkTxCd><Prtry><Cd>SIP UKBA CR 40269</Cd></Prtry></BkTxCd><TxDtls><Refs><EndToEndId>AQUEOUS</EndToEndId><TxId>40120235259094000N</TxId><Prtry><Tp>STO REF</Tp><Ref>0000</Ref></Prtry></Refs><RltdPties><Dbtr><Nm>AQUEOUS</Nm></Dbtr><DbtrAcct><Id><PrtryAcct><Id>60152967136419</Id></PrtryAcct></Id></DbtrAcct><Cdtr><Nm>COSTER CONTENT LTD</Nm></Cdtr><CdtrAcct><Id><PrtryAcct><Id>23008200221244</Id></PrtryAcct></Id></CdtrAcct><Prtry><Tp>AQUEOUS</Tp><Pty/></Prtry></RltdPties><RmtInf><Strd><AddtlRmtInf>AQUEOUS           AQUEOUS           VIA ONLINE - PYMT</AddtlRmtInf></Strd><Strd><AddtlRmtInf>AQUEOUS//AQUEOUS</AddtlRmtInf></Strd></RmtInf><RltdDts><TxDtTm>2018-09-18T12:02:35</TxDtTm></RltdDts><AddtlTxInf>40120235259094000N1020180918826601529</AddtlTxInf></TxDtls><AddtlNtryInf>COMPLETE//0000//001//CREDIT</AddtlNtryInf></Ntry><Ntry><Amt Ccy="GBP">10.00</Amt><CdtDbtInd>CRDT</CdtDbtInd><Sts>BOOK</Sts><BookgDt><Dt>2018-09-18</Dt></BookgDt><BkTxCd><Prtry><Cd>SIP UKBA CR 40269</Cd></Prtry></BkTxCd><TxDtls><Refs><EndToEndId>NOREF</EndToEndId><TxId>500000000389734418</TxId></Refs><RltdPties><Dbtr><Nm>A Kamboj</Nm></Dbtr><DbtrAcct><Id><PrtryAcct><Id>80471201045440</Id></PrtryAcct></Id></DbtrAcct><Cdtr><Nm>ANN</Nm></Cdtr><CdtrAcct><Id><PrtryAcct><Id>23008200249240</Id></PrtryAcct></Id></CdtrAcct><Prtry><Tp>GY</Tp><Pty/></Prtry></RltdPties><RmtInf><Strd><AddtlRmtInf>NO REF</AddtlRmtInf></Strd><Strd><AddtlRmtInf>A Kamboj//GY</AddtlRmtInf></Strd></RmtInf><RltdDts><TxDtTm>2018-09-18T12:06:03</TxDtTm></RltdDts><AddtlTxInf>5000000003897344181020180918826804712</AddtlTxInf></TxDtls><AddtlNtryInf>COMPLETE//0000//001//CREDIT</AddtlNtryInf></Ntry><Ntry><Amt Ccy="GBP">400.00</Amt><CdtDbtInd>CRDT</CdtDbtInd><Sts>BOOK</Sts><BookgDt><Dt>2018-09-18</Dt></BookgDt><BkTxCd><Prtry><Cd>SIP UKBA CR 40269</Cd></Prtry></BkTxCd><TxDtls><Refs><EndToEndId>NOREF</EndToEndId><TxId>RP4679961655738000</TxId></Refs><RltdPties><Dbtr><Nm>ARCHIBONG S</Nm></Dbtr><DbtrAcct><Id><PrtryAcct><Id>20274890570176</Id></PrtryAcct></Id></DbtrAcct><Cdtr><Nm>MR O OLOWOOKERE</Nm></Cdtr><CdtrAcct><Id><PrtryAcct><Id>23008200442296</Id></PrtryAcct></Id></CdtrAcct><Prtry><Tp>SHARON</Tp><Pty/></Prtry></RltdPties><RmtInf><Strd><AddtlRmtInf>NO REF</AddtlRmtInf></Strd><Strd><AddtlRmtInf>ARCHIBONG S//SHARON</AddtlRmtInf></Strd></RmtInf><RltdDts><TxDtTm>2018-09-18T12:08:43</TxDtTm></RltdDts><AddtlTxInf>RP46799616557380001020180918826200026</AddtlTxInf></TxDtls><AddtlNtryInf>COMPLETE//0000//001//CREDIT</AddtlNtryInf></Ntry><Ntry><Amt Ccy="GBP">550.00</Amt><CdtDbtInd>CRDT</CdtDbtInd><Sts>BOOK</Sts><BookgDt><Dt>2018-09-18</Dt></BookgDt><BkTxCd><Prtry><Cd>SIP UKBA CR 40269</Cd></Prtry></BkTxCd><TxDtls><Refs><EndToEndId>PPWD00000000AO8N02</EndToEndId><TxId>PPWD00000000AO8N02</TxId></Refs><RltdPties><Dbtr><Nm>PayPal</Nm><PstlAdr><AdrLine>2211 N 1st Street San Jose CA 95131</AdrLine><Ctry/></PstlAdr></Dbtr><DbtrAcct><Id><PrtryAcct><Id>23526278959595</Id></PrtryAcct></Id></DbtrAcct><Cdtr><Nm>Andrew Chetwynd</Nm><PstlAdr><AdrLine>30 Hereward Road</AdrLine><Ctry/></PstlAdr></Cdtr><CdtrAcct><Id><PrtryAcct><Id>23008200361800</Id></PrtryAcct></Id></CdtrAcct><Prtry><Tp>PPWDL4J4J2AL6PTY5W</Tp><Pty/></Prtry></RltdPties><RmtInf><Strd><RfrdDocInf><RfrdDocTp><Prtry>002</Prtry></RfrdDocTp></RfrdDocInf><AddtlRmtInf>NO REF</AddtlRmtInf></Strd><Strd><AddtlRmtInf>PayPal//PPWDL4J4J2AL6PTY5W</AddtlRmtInf></Strd></RmtInf><RltdDts><TxDtTm>2018-09-18T12:19:13</TxDtTm></RltdDts><AddtlTxInf>PPWD00000000AO8N021020180918826235262</AddtlTxInf></TxDtls><AddtlNtryInf>COMPLETE//0000//001//CREDIT</AddtlNtryInf></Ntry><Ntry><Amt Ccy="GBP">25.00</Amt><CdtDbtInd>CRDT</CdtDbtInd><Sts>BOOK</Sts><BookgDt><Dt>2018-09-18</Dt></BookgDt><BkTxCd><Prtry><Cd>SIP UKBA CR 40269</Cd></Prtry></BkTxCd><TxDtls><Refs><EndToEndId>NOREF</EndToEndId><TxId>400000000394537190</TxId></Refs><RltdPties><Dbtr><Nm>M Steen</Nm></Dbtr><DbtrAcct><Id><PrtryAcct><Id>77761220758468</Id></PrtryAcct></Id></DbtrAcct><Cdtr><Nm>MARK STEEN</Nm></Cdtr><CdtrAcct><Id><PrtryAcct><Id>23008200203563</Id></PrtryAcct></Id></CdtrAcct><Prtry><Tp>ryan</Tp><Pty/></Prtry></RltdPties><RmtInf><Strd><AddtlRmtInf>NO REF</AddtlRmtInf></Strd><Strd><AddtlRmtInf>M Steen//ryan</AddtlRmtInf></Strd></RmtInf><RltdDts><TxDtTm>2018-09-18T12:24:14</TxDtTm></RltdDts><AddtlTxInf>4000000003945371901020180918826777612</AddtlTxInf></TxDtls><AddtlNtryInf>COMPLETE//0000//001//CREDIT</AddtlNtryInf></Ntry></Ntfctn></BkToCstmrDbtCdtNtfctnV01></Document>