<?xml version="1.0" encoding="UTF-8"?><Document xmlns:xsi="http://www.w3.org/2001/XMLSchema-instance" xmlns="urn:iso:std:iso:20022:tech:xsd:camt.054.001.01"><BkToCstmrDbtCdtNtfctnV01><GrpHdr><MsgId>80309K//12569</MsgId><CreDtTm>2018-09-08T01:00:00</CreDtTm></GrpHdr><Ntfctn><Id>80309K//12569//1</Id><CreDtTm>2018-09-08T01:00:00</CreDtTm><Acct><Id><PrtryAcct><Id>20594233939774</Id></PrtryAcct></Id><Ccy>GBP</Ccy></Acct><TxsSummry><TtlNtries><NbOfNtries>1</NbOfNtries><Sum>50.00</Sum></TtlNtries><TtlCdtNtries><NbOfNtries>1</NbOfNtries><Sum>50.00</Sum></TtlCdtNtries><TtlDbtNtries><NbOfNtries>0</NbOfNtries><Sum>0.00</Sum></TtlDbtNtries></TxsSummry><Ntry><Amt Ccy="GBP">50.00</Amt><CdtDbtInd>CRDT</CdtDbtInd><Sts>BOOK</Sts><BookgDt><Dt>2018-09-10</Dt></BookgDt><BkTxCd><Prtry><Cd>SIP UKBA CR 40269</Cd></Prtry></BkTxCd><TxDtls><Refs><EndToEndId>NOREF</EndToEndId><TxId>RP4679960900715400</TxId></Refs><RltdPties><Dbtr><Nm>JONES PA</Nm></Dbtr><DbtrAcct><Id><PrtryAcct><Id>20925480508500</Id></PrtryAcct></Id></DbtrAcct><Cdtr><Nm>DEBORAH HIPPOLYTE</Nm></Cdtr><CdtrAcct><Id><PrtryAcct><Id>23008200054436</Id></PrtryAcct></Id></CdtrAcct><Prtry><Tp>RESTAURANT</Tp><Pty/></Prtry></RltdPties><RmtInf><Strd><AddtlRmtInf>NO REF</AddtlRmtInf></Strd><Strd><AddtlRmtInf>JONES PA//RESTAURANT</AddtlRmtInf></Strd></RmtInf><RltdDts><TxDtTm>2018-09-08T00:40:49</TxDtTm></RltdDts><AddtlTxInf>RP46799609007154001020180908826200026</AddtlTxInf></TxDtls><AddtlNtryInf>COMPLETE//0000//003//CREDIT</AddtlNtryInf></Ntry></Ntfctn></BkToCstmrDbtCdtNtfctnV01></Document>