<?xml version="1.0" encoding="UTF-8"?><Document xmlns:xsi="http://www.w3.org/2001/XMLSchema-instance" xmlns="urn:iso:std:iso:20022:tech:xsd:camt.054.001.01"><BkToCstmrDbtCdtNtfctnV01><GrpHdr><MsgId>80309K//12653</MsgId><CreDtTm>2018-09-10T03:30:00</CreDtTm></GrpHdr><Ntfctn><Id>80309K//12653//1</Id><CreDtTm>2018-09-10T03:30:00</CreDtTm><Acct><Id><PrtryAcct><Id>20594233939774</Id></PrtryAcct></Id><Ccy>GBP</Ccy></Acct><TxsSummry><TtlNtries><NbOfNtries>4</NbOfNtries><Sum>61.22</Sum></TtlNtries><TtlCdtNtries><NbOfNtries>4</NbOfNtries><Sum>61.22</Sum></TtlCdtNtries><TtlDbtNtries><NbOfNtries>0</NbOfNtries><Sum>0.00</Sum></TtlDbtNtries></TxsSummry><Ntry><Amt Ccy="GBP">6.00</Amt><CdtDbtInd>CRDT</CdtDbtInd><Sts>BOOK</Sts><BookgDt><Dt>2018-09-10</Dt></BookgDt><BkTxCd><Prtry><Cd>SIP UKBA CR 40269</Cd></Prtry></BkTxCd><TxDtls><Refs><EndToEndId>NOREF</EndToEndId><TxId>PEH235FPAY7X1T70AS</TxId></Refs><RltdPties><Dbtr><Nm>Tejpal Thanjal</Nm><PstlAdr><AdrLine>14 Lambert Avenue, SL3 7EB</AdrLine><Ctry/></PstlAdr></Dbtr><DbtrAcct><Id><PrtryAcct><Id>04000451016113</Id></PrtryAcct></Id></DbtrAcct><Cdtr><Nm>Ireland FX</Nm></Cdtr><CdtrAcct><Id><PrtryAcct><Id>23008200034051</Id></PrtryAcct></Id></CdtrAcct><Prtry><Tp>Bank fees</Tp><Pty/></Prtry></RltdPties><RmtInf><Strd><AddtlRmtInf>NO REF</AddtlRmtInf></Strd><Strd><AddtlRmtInf>Tejpal Thanjal//Bank fees</AddtlRmtInf></Strd></RmtInf><RltdDts><TxDtTm>2018-09-10T03:05:46</TxDtTm></RltdDts><AddtlTxInf>PEH235FPAY7X1T70AS1020180910826040004</AddtlTxInf></TxDtls><AddtlNtryInf>COMPLETE//0000//003//CREDIT</AddtlNtryInf></Ntry><Ntry><Amt Ccy="GBP">10.00</Amt><CdtDbtInd>CRDT</CdtDbtInd><Sts>BOOK</Sts><BookgDt><Dt>2018-09-10</Dt></BookgDt><BkTxCd><Prtry><Cd>SIP UKBA CR 40269</Cd></Prtry></BkTxCd><TxDtls><Refs><EndToEndId>NOREF</EndToEndId><TxId>600000000387175205</TxId></Refs><RltdPties><Dbtr><Nm>A Akindele</Nm></Dbtr><DbtrAcct><Id><PrtryAcct><Id>30978423650568</Id></PrtryAcct></Id></DbtrAcct><Cdtr><Nm>AKINDELE</Nm></Cdtr><CdtrAcct><Id><PrtryAcct><Id>23008200041260</Id></PrtryAcct></Id></CdtrAcct></RltdPties><RmtInf><Strd><AddtlRmtInf>NO REF</AddtlRmtInf></Strd><Strd><AddtlRmtInf>A Akindele//</AddtlRmtInf></Strd></RmtInf><RltdDts><TxDtTm>2018-09-10T03:20:23</TxDtTm></RltdDts><AddtlTxInf>6000000003871752051020180910826309784</AddtlTxInf></TxDtls><AddtlNtryInf>COMPLETE//0000//003//CREDIT</AddtlNtryInf></Ntry><Ntry><Amt Ccy="GBP">0.22</Amt><CdtDbtInd>CRDT</CdtDbtInd><Sts>BOOK</Sts><BookgDt><Dt>2018-09-10</Dt></BookgDt><BkTxCd><Prtry><Cd>SIP UKBA CR 40269</Cd></Prtry></BkTxCd><TxDtls><Refs><EndToEndId>AMIE</EndToEndId><TxId>16032059292092000R</TxId><Prtry><Tp>STO REF</Tp><Ref>0000</Ref></Prtry></Refs><RltdPties><Dbtr><Nm>GAULT MRS AMIE</Nm></Dbtr><DbtrAcct><Id><PrtryAcct><Id>83173600178628</Id></PrtryAcct></Id></DbtrAcct><Cdtr><Nm>AMIE GAULT</Nm></Cdtr><CdtrAcct><Id><PrtryAcct><Id>23008200194370</Id></PrtryAcct></Id></CdtrAcct><Prtry><Tp>AMIE</Tp><Pty/></Prtry></RltdPties><RmtInf><Strd><AddtlRmtInf>GAULT MRS AMIE    AMIE              VIA MOBILE - LVP</AddtlRmtInf></Strd><Strd><AddtlRmtInf>GAULT MRS AMIE//AMIE</AddtlRmtInf></Strd></RmtInf><RltdDts><TxDtTm>2018-09-10T03:20:59</TxDtTm></RltdDts><AddtlTxInf>16032059292092000R1020180910826831736</AddtlTxInf></TxDtls><AddtlNtryInf>COMPLETE//0000//003//CREDIT</AddtlNtryInf></Ntry><Ntry><Amt Ccy="GBP">45.00</Amt><CdtDbtInd>CRDT</CdtDbtInd><Sts>BOOK</Sts><BookgDt><Dt>2018-09-10</Dt></BookgDt><BkTxCd><Prtry><Cd>SIP UKBA CR 40269</Cd></Prtry></BkTxCd><TxDtls><Refs><EndToEndId>NOREF</EndToEndId><TxId>RP4679961018324600</TxId></Refs><RltdPties><Dbtr><Nm>SALFARLIE J A M</Nm></Dbtr><DbtrAcct><Id><PrtryAcct><Id>20057453080919</Id></PrtryAcct></Id></DbtrAcct><Cdtr><Nm>ARRO</Nm></Cdtr><CdtrAcct><Id><PrtryAcct><Id>23008200337123</Id></PrtryAcct></Id></CdtrAcct><Prtry><Tp>5574220190111848</Tp><Pty/></Prtry></RltdPties><RmtInf><Strd><AddtlRmtInf>NO REF</AddtlRmtInf></Strd><Strd><AddtlRmtInf>SALFARLIE J A M//5574220190111848</AddtlRmtInf></Strd></RmtInf><RltdDts><TxDtTm>2018-09-10T03:21:37</TxDtTm></RltdDts><AddtlTxInf>RP46799610183246001020180910826200026</AddtlTxInf></TxDtls><AddtlNtryInf>COMPLETE//0000//003//CREDIT</AddtlNtryInf></Ntry></Ntfctn></BkToCstmrDbtCdtNtfctnV01></Document>