<?xml version="1.0" encoding="UTF-8"?><Document xmlns:xsi="http://www.w3.org/2001/XMLSchema-instance" xmlns="urn:iso:std:iso:20022:tech:xsd:camt.054.001.01"><BkToCstmrDbtCdtNtfctnV01><GrpHdr><MsgId>80309K//13138</MsgId><CreDtTm>2018-09-21T10:00:00</CreDtTm></GrpHdr><Ntfctn><Id>80309K//13138//1</Id><CreDtTm>2018-09-21T10:00:00</CreDtTm><Acct><Id><PrtryAcct><Id>20594233939774</Id></PrtryAcct></Id><Ccy>GBP</Ccy></Acct><TxsSummry><TtlNtries><NbOfNtries>10</NbOfNtries><Sum>2128.48</Sum></TtlNtries><TtlCdtNtries><NbOfNtries>10</NbOfNtries><Sum>2128.48</Sum></TtlCdtNtries><TtlDbtNtries><NbOfNtries>0</NbOfNtries><Sum>0.00</Sum></TtlDbtNtries></TxsSummry><Ntry><Amt Ccy="GBP">85.00</Amt><CdtDbtInd>CRDT</CdtDbtInd><Sts>BOOK</Sts><BookgDt><Dt>2018-09-21</Dt></BookgDt><BkTxCd><Prtry><Cd>SIP UKBA CR 40269</Cd></Prtry></BkTxCd><TxDtls><Refs><EndToEndId>NOREF</EndToEndId><TxId>RP4679961877900400</TxId></Refs><RltdPties><Dbtr><Nm>OYEYINKA B A O</Nm></Dbtr><DbtrAcct><Id><PrtryAcct><Id>20218063733459</Id></PrtryAcct></Id></DbtrAcct><Cdtr><Nm>MR K AJAYI</Nm></Cdtr><CdtrAcct><Id><PrtryAcct><Id>23008200383860</Id></PrtryAcct></Id></CdtrAcct><Prtry><Tp>BLESSING</Tp><Pty/></Prtry></RltdPties><RmtInf><Strd><AddtlRmtInf>NO REF</AddtlRmtInf></Strd><Strd><AddtlRmtInf>OYEYINKA B A O//BLESSING</AddtlRmtInf></Strd></RmtInf><RltdDts><TxDtTm>2018-09-21T09:30:44</TxDtTm></RltdDts><AddtlTxInf>RP46799618779004001020180921826200026</AddtlTxInf></TxDtls><AddtlNtryInf>COMPLETE//0000//001//CREDIT</AddtlNtryInf></Ntry><Ntry><Amt Ccy="GBP">35.00</Amt><CdtDbtInd>CRDT</CdtDbtInd><Sts>BOOK</Sts><BookgDt><Dt>2018-09-21</Dt></BookgDt><BkTxCd><Prtry><Cd>SIP UKBA CR 40269</Cd></Prtry></BkTxCd><TxDtls><Refs><EndToEndId>NOREF</EndToEndId><TxId>600000000390321281</TxId></Refs><RltdPties><Dbtr><Nm>D Jones</Nm></Dbtr><DbtrAcct><Id><PrtryAcct><Id>11181132796104</Id></PrtryAcct></Id></DbtrAcct><Cdtr><Nm>DARRAN JONES</Nm></Cdtr><CdtrAcct><Id><PrtryAcct><Id>23008200125402</Id></PrtryAcct></Id></CdtrAcct><Prtry><Tp>ARRO</Tp><Pty/></Prtry></RltdPties><RmtInf><Strd><AddtlRmtInf>NO REF</AddtlRmtInf></Strd><Strd><AddtlRmtInf>D Jones//ARRO</AddtlRmtInf></Strd></RmtInf><RltdDts><TxDtTm>2018-09-21T09:31:04</TxDtTm></RltdDts><AddtlTxInf>6000000003903212811020180921826111811</AddtlTxInf></TxDtls><AddtlNtryInf>COMPLETE//0000//001//CREDIT</AddtlNtryInf></Ntry><Ntry><Amt Ccy="GBP">253.00</Amt><CdtDbtInd>CRDT</CdtDbtInd><Sts>BOOK</Sts><BookgDt><Dt>2018-09-21</Dt></BookgDt><BkTxCd><Prtry><Cd>SIP UKBA CR 40269</Cd></Prtry></BkTxCd><TxDtls><Refs><EndToEndId>NOREF</EndToEndId><TxId>FP18264O04692394</TxId></Refs><RltdPties><Dbtr><Nm>Wedd John</Nm></Dbtr><DbtrAcct><Id><PrtryAcct><Id>07445633893543</Id></PrtryAcct></Id></DbtrAcct><Cdtr><Nm>CARL BURGESS</Nm></Cdtr><CdtrAcct><Id><PrtryAcct><Id>23008200343706</Id></PrtryAcct></Id></CdtrAcct><Prtry><Tp>J WEDD</Tp><Pty/></Prtry></RltdPties><RmtInf><Strd><AddtlRmtInf>NO REF</AddtlRmtInf></Strd><Strd><AddtlRmtInf>Wedd John//J WEDD</AddtlRmtInf></Strd></RmtInf><RltdDts><TxDtTm>2018-09-21T09:36:44</TxDtTm></RltdDts><AddtlTxInf>FP18264O04692394  1020180921826074456</AddtlTxInf></TxDtls><AddtlNtryInf>COMPLETE//0000//001//CREDIT</AddtlNtryInf></Ntry><Ntry><Amt Ccy="GBP">555.48</Amt><CdtDbtInd>CRDT</CdtDbtInd><Sts>BOOK</Sts><BookgDt><Dt>2018-09-21</Dt></BookgDt><BkTxCd><Prtry><Cd>SIP UKBA CR 40269</Cd></Prtry></BkTxCd><TxDtls><Refs><EndToEndId>NOREF</EndToEndId><TxId>RP4679961879173400</TxId></Refs><RltdPties><Dbtr><Nm>CLUCKATYCLUC LTD</Nm></Dbtr><DbtrAcct><Id><PrtryAcct><Id>20466033270181</Id></PrtryAcct></Id></DbtrAcct><Cdtr><Nm>PARVEZ AHMED NEW</Nm></Cdtr><CdtrAcct><Id><PrtryAcct><Id>23008200051865</Id></PrtryAcct></Id></CdtrAcct><Prtry><Tp>CLUTCH</Tp><Pty/></Prtry></RltdPties><RmtInf><Strd><AddtlRmtInf>NO REF</AddtlRmtInf></Strd><Strd><AddtlRmtInf>CLUCKATYCLUC LTD//CLUTCH</AddtlRmtInf></Strd></RmtInf><RltdDts><TxDtTm>2018-09-21T09:40:47</TxDtTm></RltdDts><AddtlTxInf>RP46799618791734001020180921826200026</AddtlTxInf></TxDtls><AddtlNtryInf>COMPLETE//0000//001//CREDIT</AddtlNtryInf></Ntry><Ntry><Amt Ccy="GBP">50.00</Amt><CdtDbtInd>CRDT</CdtDbtInd><Sts>BOOK</Sts><BookgDt><Dt>2018-09-21</Dt></BookgDt><BkTxCd><Prtry><Cd>SIP UKBA CR 40269</Cd></Prtry></BkTxCd><TxDtls><Refs><EndToEndId>00151056632BBJSDVK</EndToEndId><TxId>00151056632BBJSDVK</TxId></Refs><RltdPties><Dbtr><Nm>ADEMOLA ADELAKUN</Nm></Dbtr><DbtrAcct><Id><PrtryAcct><Id>09012925360693</Id></PrtryAcct></Id></DbtrAcct><Cdtr><Nm>ADEMOLA ADELAKUN</Nm></Cdtr><CdtrAcct><Id><PrtryAcct><Id>23008200149809</Id></PrtryAcct></Id></CdtrAcct><Prtry><Tp>arro</Tp><Pty/></Prtry></RltdPties><RmtInf><Strd><AddtlRmtInf>NO REF</AddtlRmtInf></Strd><Strd><AddtlRmtInf>ADEMOLA ADELAKUN//arro</AddtlRmtInf></Strd></RmtInf><RltdDts><TxDtTm>2018-09-21T09:41:09</TxDtTm></RltdDts><AddtlTxInf>00151056632BBJSDVK1020180921826090129</AddtlTxInf></TxDtls><AddtlNtryInf>COMPLETE//0000//001//CREDIT</AddtlNtryInf></Ntry><Ntry><Amt Ccy="GBP">250.00</Amt><CdtDbtInd>CRDT</CdtDbtInd><Sts>BOOK</Sts><BookgDt><Dt>2018-09-21</Dt></BookgDt><BkTxCd><Prtry><Cd>SIP UKBA CR 40269</Cd></Prtry></BkTxCd><TxDtls><Refs><EndToEndId>WAGES</EndToEndId><TxId>33094347899717000N</TxId><Prtry><Tp>STO REF</Tp><Ref>0000</Ref></Prtry></Refs><RltdPties><Dbtr><Nm>CHARLTON V L</Nm></Dbtr><DbtrAcct><Id><PrtryAcct><Id>54410066193141</Id></PrtryAcct></Id></DbtrAcct><Cdtr><Nm>J CHARLTON</Nm></Cdtr><CdtrAcct><Id><PrtryAcct><Id>23008200409209</Id></PrtryAcct></Id></CdtrAcct><Prtry><Tp>WAGES</Tp><Pty/></Prtry></RltdPties><RmtInf><Strd><AddtlRmtInf>CHARLTON V L      WAGES             VIA MOBILE - LVP</AddtlRmtInf></Strd><Strd><AddtlRmtInf>CHARLTON V L//WAGES</AddtlRmtInf></Strd></RmtInf><RltdDts><TxDtTm>2018-09-21T09:43:48</TxDtTm></RltdDts><AddtlTxInf>33094347899717000N1020180921826544100</AddtlTxInf></TxDtls><AddtlNtryInf>COMPLETE//0000//001//CREDIT</AddtlNtryInf></Ntry><Ntry><Amt Ccy="GBP">300.00</Amt><CdtDbtInd>CRDT</CdtDbtInd><Sts>BOOK</Sts><BookgDt><Dt>2018-09-21</Dt></BookgDt><BkTxCd><Prtry><Cd>DCA UKBA CR 40269</Cd></Prtry></BkTxCd><TxDtls><Refs><EndToEndId>NOREF</EndToEndId><TxId>000000013628187101</TxId><Prtry><Tp>STO REF</Tp><Ref>0978</Ref></Prtry></Refs><RltdPties><Dbtr><Nm>WASEEM CHAUDHRY</Nm></Dbtr><DbtrAcct><Id><PrtryAcct><Id>20035373152596</Id></PrtryAcct></Id></DbtrAcct><Cdtr><Nm>WASEEM CHAUDHRY</Nm></Cdtr><CdtrAcct><Id><PrtryAcct><Id>23008200170550</Id></PrtryAcct></Id></CdtrAcct><Prtry><Tp>FROM WASEEM CHAUDH</Tp><Pty/></Prtry></RltdPties><RmtInf><Strd><AddtlRmtInf>NO REF</AddtlRmtInf></Strd><Strd><AddtlRmtInf>WASEEM CHAUDHRY//FROM WASEEM CHAUDH</AddtlRmtInf></Strd></RmtInf><RltdDts><TxDtTm>2018-09-21T09:52:08</TxDtTm></RltdDts><AddtlTxInf>0000000136281871015020180921826200353</AddtlTxInf></TxDtls><AddtlNtryInf>COMPLETE//0000//001//CREDIT</AddtlNtryInf></Ntry><Ntry><Amt Ccy="GBP">250.00</Amt><CdtDbtInd>CRDT</CdtDbtInd><Sts>BOOK</Sts><BookgDt><Dt>2018-09-21</Dt></BookgDt><BkTxCd><Prtry><Cd>SIP UKBA CR 40269</Cd></Prtry></BkTxCd><TxDtls><Refs><EndToEndId>FLANAGAN PAVING</EndToEndId><TxId>04095525543497000N</TxId><Prtry><Tp>STO REF</Tp><Ref>0000</Ref></Prtry></Refs><RltdPties><Dbtr><Nm>RHODEN &amp; FLANAGHAN</Nm></Dbtr><DbtrAcct><Id><PrtryAcct><Id>60240285384852</Id></PrtryAcct></Id></DbtrAcct><Cdtr><Nm>GARETH PIKE</Nm></Cdtr><CdtrAcct><Id><PrtryAcct><Id>23008200048311</Id></PrtryAcct></Id></CdtrAcct><Prtry><Tp>FLANAGAN PAVING</Tp><Pty/></Prtry></RltdPties><RmtInf><Strd><AddtlRmtInf>RHODEN &amp; FLANAGHANFLANAGAN PAVING   VIA MOBILE - LVP</AddtlRmtInf></Strd><Strd><AddtlRmtInf>RHODEN &amp; FLANAGHAN//FLANAGAN PAVING</AddtlRmtInf></Strd></RmtInf><RltdDts><TxDtTm>2018-09-21T09:55:26</TxDtTm></RltdDts><AddtlTxInf>04095525543497000N1020180921826602402</AddtlTxInf></TxDtls><AddtlNtryInf>COMPLETE//0000//001//CREDIT</AddtlNtryInf></Ntry><Ntry><Amt Ccy="GBP">150.00</Amt><CdtDbtInd>CRDT</CdtDbtInd><Sts>BOOK</Sts><BookgDt><Dt>2018-09-21</Dt></BookgDt><BkTxCd><Prtry><Cd>SIP UKBA CR 40269</Cd></Prtry></BkTxCd><TxDtls><Refs><EndToEndId>NOREF</EndToEndId><TxId>RP4679961881327100</TxId></Refs><RltdPties><Dbtr><Nm>VERITECH SYSTEMS</Nm></Dbtr><DbtrAcct><Id><PrtryAcct><Id>20792563603792</Id></PrtryAcct></Id></DbtrAcct><Cdtr><Nm>DAVID NIXON</Nm></Cdtr><CdtrAcct><Id><PrtryAcct><Id>23008200152570</Id></PrtryAcct></Id></CdtrAcct><Prtry><Tp>SAVINGS</Tp><Pty/></Prtry></RltdPties><RmtInf><Strd><AddtlRmtInf>NO REF</AddtlRmtInf></Strd><Strd><AddtlRmtInf>VERITECH SYSTEMS//SAVINGS</AddtlRmtInf></Strd></RmtInf><RltdDts><TxDtTm>2018-09-21T09:56:44</TxDtTm></RltdDts><AddtlTxInf>RP46799618813271001020180921826200026</AddtlTxInf></TxDtls><AddtlNtryInf>COMPLETE//0000//001//CREDIT</AddtlNtryInf></Ntry><Ntry><Amt Ccy="GBP">200.00</Amt><CdtDbtInd>CRDT</CdtDbtInd><Sts>BOOK</Sts><BookgDt><Dt>2018-09-21</Dt></BookgDt><BkTxCd><Prtry><Cd>SIP UKBA CR 40269</Cd></Prtry></BkTxCd><TxDtls><Refs><EndToEndId>NOREF</EndToEndId><TxId>600000000390331308</TxId></Refs><RltdPties><Dbtr><Nm>L Murphy</Nm></Dbtr><DbtrAcct><Id><PrtryAcct><Id>30902801657004</Id></PrtryAcct></Id></DbtrAcct><Cdtr><Nm>JILL FREEMAN</Nm></Cdtr><CdtrAcct><Id><PrtryAcct><Id>23008200358893</Id></PrtryAcct></Id></CdtrAcct><Prtry><Tp>LINDA</Tp><Pty/></Prtry></RltdPties><RmtInf><Strd><AddtlRmtInf>NO REF</AddtlRmtInf></Strd><Strd><AddtlRmtInf>L Murphy//LINDA</AddtlRmtInf></Strd></RmtInf><RltdDts><TxDtTm>2018-09-21T09:57:18</TxDtTm></RltdDts><AddtlTxInf>6000000003903313081020180921826309028</AddtlTxInf></TxDtls><AddtlNtryInf>COMPLETE//0000//001//CREDIT</AddtlNtryInf></Ntry></Ntfctn></BkToCstmrDbtCdtNtfctnV01></Document>