<?xml version="1.0" encoding="UTF-8"?><Document xmlns:xsi="http://www.w3.org/2001/XMLSchema-instance" xmlns="urn:iso:std:iso:20022:tech:xsd:camt.054.001.01"><BkToCstmrDbtCdtNtfctnV01><GrpHdr><MsgId>80309K//12603</MsgId><CreDtTm>2018-09-08T20:30:00</CreDtTm></GrpHdr><Ntfctn><Id>80309K//12603//1</Id><CreDtTm>2018-09-08T20:30:00</CreDtTm><Acct><Id><PrtryAcct><Id>20594233939774</Id></PrtryAcct></Id><Ccy>GBP</Ccy></Acct><TxsSummry><TtlNtries><NbOfNtries>5</NbOfNtries><Sum>2021.66</Sum></TtlNtries><TtlCdtNtries><NbOfNtries>5</NbOfNtries><Sum>2021.66</Sum></TtlCdtNtries><TtlDbtNtries><NbOfNtries>0</NbOfNtries><Sum>0.00</Sum></TtlDbtNtries></TxsSummry><Ntry><Amt Ccy="GBP">175.00</Amt><CdtDbtInd>CRDT</CdtDbtInd><Sts>BOOK</Sts><BookgDt><Dt>2018-09-10</Dt></BookgDt><BkTxCd><Prtry><Cd>SIP UKBA CR 40269</Cd></Prtry></BkTxCd><TxDtls><Refs><EndToEndId>CARAVAN HIRE</EndToEndId><TxId>54200425045591000N</TxId><Prtry><Tp>STO REF</Tp><Ref>0000</Ref></Prtry></Refs><RltdPties><Dbtr><Nm>FISHER DJ</Nm></Dbtr><DbtrAcct><Id><PrtryAcct><Id>60400933936609</Id></PrtryAcct></Id></DbtrAcct><Cdtr><Nm>E DONALDSON</Nm></Cdtr><CdtrAcct><Id><PrtryAcct><Id>23008200435783</Id></PrtryAcct></Id></CdtrAcct><Prtry><Tp>CARAVAN HIRE</Tp><Pty/></Prtry></RltdPties><RmtInf><Strd><AddtlRmtInf>FISHER DJ         CARAVAN HIRE      VIA MOBILE - LVP</AddtlRmtInf></Strd><Strd><AddtlRmtInf>FISHER DJ//CARAVAN HIRE</AddtlRmtInf></Strd></RmtInf><RltdDts><TxDtTm>2018-09-08T20:04:25</TxDtTm></RltdDts><AddtlTxInf>54200425045591000N1020180908826604009</AddtlTxInf></TxDtls><AddtlNtryInf>COMPLETE//0000//003//CREDIT</AddtlNtryInf></Ntry><Ntry><Amt Ccy="GBP">275.00</Amt><CdtDbtInd>CRDT</CdtDbtInd><Sts>BOOK</Sts><BookgDt><Dt>2018-09-10</Dt></BookgDt><BkTxCd><Prtry><Cd>SIP UKBA CR 40269</Cd></Prtry></BkTxCd><TxDtls><Refs><EndToEndId>NOREF</EndToEndId><TxId>300000000390831276</TxId></Refs><RltdPties><Dbtr><Nm>S Roberts</Nm></Dbtr><DbtrAcct><Id><PrtryAcct><Id>11039600498142</Id></PrtryAcct></Id></DbtrAcct><Cdtr><Nm>JAMES PADRAIG</Nm></Cdtr><CdtrAcct><Id><PrtryAcct><Id>23008200435225</Id></PrtryAcct></Id></CdtrAcct><Prtry><Tp>BTS TICKET</Tp><Pty/></Prtry></RltdPties><RmtInf><Strd><AddtlRmtInf>NO REF</AddtlRmtInf></Strd><Strd><AddtlRmtInf>S Roberts//BTS TICKET</AddtlRmtInf></Strd></RmtInf><RltdDts><TxDtTm>2018-09-08T20:07:48</TxDtTm></RltdDts><AddtlTxInf>3000000003908312761020180908826110396</AddtlTxInf></TxDtls><AddtlNtryInf>COMPLETE//0000//003//CREDIT</AddtlNtryInf></Ntry><Ntry><Amt Ccy="GBP">81.66</Amt><CdtDbtInd>CRDT</CdtDbtInd><Sts>BOOK</Sts><BookgDt><Dt>2018-09-10</Dt></BookgDt><BkTxCd><Prtry><Cd>SIP UKBA CR 40269</Cd></Prtry></BkTxCd><TxDtls><Refs><EndToEndId>NOREF</EndToEndId><TxId>200000000385521374</TxId></Refs><RltdPties><Dbtr><Nm>T Hunter</Nm></Dbtr><DbtrAcct><Id><PrtryAcct><Id>77950860764362</Id></PrtryAcct></Id></DbtrAcct><Cdtr><Nm>ME ARRO</Nm></Cdtr><CdtrAcct><Id><PrtryAcct><Id>23008200317661</Id></PrtryAcct></Id></CdtrAcct><Prtry><Tp>LLOYDS</Tp><Pty/></Prtry></RltdPties><RmtInf><Strd><AddtlRmtInf>NO REF</AddtlRmtInf></Strd><Strd><AddtlRmtInf>T Hunter//LLOYDS</AddtlRmtInf></Strd></RmtInf><RltdDts><TxDtTm>2018-09-08T20:13:56</TxDtTm></RltdDts><AddtlTxInf>2000000003855213741020180908826779508</AddtlTxInf></TxDtls><AddtlNtryInf>COMPLETE//0000//003//CREDIT</AddtlNtryInf></Ntry><Ntry><Amt Ccy="GBP">990.00</Amt><CdtDbtInd>CRDT</CdtDbtInd><Sts>BOOK</Sts><BookgDt><Dt>2018-09-10</Dt></BookgDt><BkTxCd><Prtry><Cd>SIP UKBA CR 40269</Cd></Prtry></BkTxCd><TxDtls><Refs><EndToEndId>NOREF</EndToEndId><TxId>321832450202809001</TxId><Prtry><Tp>STO REF</Tp><Ref>0000</Ref></Prtry></Refs><RltdPties><Dbtr><Nm>DOBRE R A</Nm></Dbtr><DbtrAcct><Id><PrtryAcct><Id>40280664782356</Id></PrtryAcct></Id></DbtrAcct><Cdtr><Nm>Alex</Nm></Cdtr><CdtrAcct><Id><PrtryAcct><Id>23008200223742</Id></PrtryAcct></Id></CdtrAcct><Prtry><Tp>Flat share</Tp><Pty/></Prtry></RltdPties><RmtInf><Strd><AddtlRmtInf>NO REF</AddtlRmtInf></Strd><Strd><AddtlRmtInf>DOBRE R A//Flat share</AddtlRmtInf></Strd></RmtInf><RltdDts><TxDtTm>2018-09-08T20:20:54</TxDtTm></RltdDts><AddtlTxInf>3218324502028090011020180908826402806</AddtlTxInf></TxDtls><AddtlNtryInf>COMPLETE//0000//003//CREDIT</AddtlNtryInf></Ntry><Ntry><Amt Ccy="GBP">500.00</Amt><CdtDbtInd>CRDT</CdtDbtInd><Sts>BOOK</Sts><BookgDt><Dt>2018-09-10</Dt></BookgDt><BkTxCd><Prtry><Cd>SIP UKBA CR 40269</Cd></Prtry></BkTxCd><TxDtls><Refs><EndToEndId>NOREF</EndToEndId><TxId>547084841202809001</TxId><Prtry><Tp>STO REF</Tp><Ref>0000</Ref></Prtry></Refs><RltdPties><Dbtr><Nm>DOBRE R A</Nm></Dbtr><DbtrAcct><Id><PrtryAcct><Id>40280664782356</Id></PrtryAcct></Id></DbtrAcct><Cdtr><Nm>Robert</Nm></Cdtr><CdtrAcct><Id><PrtryAcct><Id>23008200223361</Id></PrtryAcct></Id></CdtrAcct><Prtry><Tp>Own acc</Tp><Pty/></Prtry></RltdPties><RmtInf><Strd><AddtlRmtInf>NO REF</AddtlRmtInf></Strd><Strd><AddtlRmtInf>DOBRE R A//Own acc</AddtlRmtInf></Strd></RmtInf><RltdDts><TxDtTm>2018-09-08T20:21:48</TxDtTm></RltdDts><AddtlTxInf>5470848412028090011020180908826402806</AddtlTxInf></TxDtls><AddtlNtryInf>COMPLETE//0000//003//CREDIT</AddtlNtryInf></Ntry></Ntfctn></BkToCstmrDbtCdtNtfctnV01></Document>