<?xml version="1.0" encoding="UTF-8"?><Document xmlns:xsi="http://www.w3.org/2001/XMLSchema-instance" xmlns="urn:iso:std:iso:20022:tech:xsd:camt.054.001.01"><BkToCstmrDbtCdtNtfctnV01><GrpHdr><MsgId>80309K//12955</MsgId><CreDtTm>2018-09-17T07:00:00</CreDtTm></GrpHdr><Ntfctn><Id>80309K//12955//1</Id><CreDtTm>2018-09-17T07:00:00</CreDtTm><Acct><Id><PrtryAcct><Id>20594233939774</Id></PrtryAcct></Id><Ccy>GBP</Ccy></Acct><TxsSummry><TtlNtries><NbOfNtries>4</NbOfNtries><Sum>253.00</Sum></TtlNtries><TtlCdtNtries><NbOfNtries>4</NbOfNtries><Sum>253.00</Sum></TtlCdtNtries><TtlDbtNtries><NbOfNtries>0</NbOfNtries><Sum>0.00</Sum></TtlDbtNtries></TxsSummry><Ntry><Amt Ccy="GBP">13.00</Amt><CdtDbtInd>CRDT</CdtDbtInd><Sts>BOOK</Sts><BookgDt><Dt>2018-09-17</Dt></BookgDt><BkTxCd><Prtry><Cd>SIP UKBA CR 40269</Cd></Prtry></BkTxCd><TxDtls><Refs><EndToEndId>NOREF</EndToEndId><TxId>979844355460719001</TxId><Prtry><Tp>STO REF</Tp><Ref>0000</Ref></Prtry></Refs><RltdPties><Dbtr><Nm>MARTIN D J</Nm></Dbtr><DbtrAcct><Id><PrtryAcct><Id>40433182859475</Id></PrtryAcct></Id></DbtrAcct><Cdtr><Nm>Arro account</Nm></Cdtr><CdtrAcct><Id><PrtryAcct><Id>23008200289809</Id></PrtryAcct></Id></CdtrAcct><Prtry><Tp>Money in</Tp><Pty/></Prtry></RltdPties><RmtInf><Strd><AddtlRmtInf>NO REF</AddtlRmtInf></Strd><Strd><AddtlRmtInf>MARTIN D J//Money in</AddtlRmtInf></Strd></RmtInf><RltdDts><TxDtTm>2018-09-17T06:45:53</TxDtTm></RltdDts><AddtlTxInf>9798443554607190011020180917826404331</AddtlTxInf></TxDtls><AddtlNtryInf>COMPLETE//0000//003//CREDIT</AddtlNtryInf></Ntry><Ntry><Amt Ccy="GBP">160.00</Amt><CdtDbtInd>CRDT</CdtDbtInd><Sts>BOOK</Sts><BookgDt><Dt>2018-09-17</Dt></BookgDt><BkTxCd><Prtry><Cd>SIP UKBA CR 40269</Cd></Prtry></BkTxCd><TxDtls><Refs><EndToEndId>BILLS</EndToEndId><TxId>42064606243676000N</TxId><Prtry><Tp>STO REF</Tp><Ref>0000</Ref></Prtry></Refs><RltdPties><Dbtr><Nm>MORRISON G &amp; L</Nm></Dbtr><DbtrAcct><Id><PrtryAcct><Id>01095460680067</Id></PrtryAcct></Id></DbtrAcct><Cdtr><Nm>ARRO BILL CARD</Nm></Cdtr><CdtrAcct><Id><PrtryAcct><Id>23008200181249</Id></PrtryAcct></Id></CdtrAcct><Prtry><Tp>BILLS</Tp><Pty/></Prtry></RltdPties><RmtInf><Strd><AddtlRmtInf>MORRISON G &amp; L    BILLS             VIA MOBILE - LVP</AddtlRmtInf></Strd><Strd><AddtlRmtInf>MORRISON G &amp; L//BILLS</AddtlRmtInf></Strd></RmtInf><RltdDts><TxDtTm>2018-09-17T06:46:06</TxDtTm></RltdDts><AddtlTxInf>42064606243676000N1020180917826010954</AddtlTxInf></TxDtls><AddtlNtryInf>COMPLETE//0000//003//CREDIT</AddtlNtryInf></Ntry><Ntry><Amt Ccy="GBP">60.00</Amt><CdtDbtInd>CRDT</CdtDbtInd><Sts>BOOK</Sts><BookgDt><Dt>2018-09-17</Dt></BookgDt><BkTxCd><Prtry><Cd>SIP UKBA CR 40269</Cd></Prtry></BkTxCd><TxDtls><Refs><EndToEndId>NOREF</EndToEndId><TxId>19065207145645000R</TxId><Prtry><Tp>STO REF</Tp><Ref>0000</Ref></Prtry></Refs><RltdPties><Dbtr><Nm>MIROSLAV  HORVATH</Nm><PstlAdr><AdrLine>107 BOLSOVER ROAD;</AdrLine><AdrLine>SHEFFIELD;</AdrLine><AdrLine>SOUTH YORK     S5 6US</AdrLine><Ctry/></PstlAdr></Dbtr><DbtrAcct><Id><PrtryAcct><Id>16313021889464</Id></PrtryAcct></Id></DbtrAcct><Cdtr><Nm>M HORVATH</Nm></Cdtr><CdtrAcct><Id><PrtryAcct><Id>23008200206438</Id></PrtryAcct></Id></CdtrAcct><Prtry><Tp>MIROSLAV HORVATH</Tp><Pty/></Prtry></RltdPties><RmtInf><Strd><AddtlRmtInf>MIROSLAV HORVATH</AddtlRmtInf></Strd><Strd><AddtlRmtInf>MIROSLAV  HORVATH//MIROSLAV HORVATH</AddtlRmtInf></Strd></RmtInf><RltdDts><TxDtTm>2018-09-17T06:52:07</TxDtTm></RltdDts><AddtlTxInf>19065207145645000R1020180917826163130</AddtlTxInf></TxDtls><AddtlNtryInf>COMPLETE//0000//003//CREDIT</AddtlNtryInf></Ntry><Ntry><Amt Ccy="GBP">20.00</Amt><CdtDbtInd>CRDT</CdtDbtInd><Sts>BOOK</Sts><BookgDt><Dt>2018-09-17</Dt></BookgDt><BkTxCd><Prtry><Cd>SIP UKBA CR 40269</Cd></Prtry></BkTxCd><TxDtls><Refs><EndToEndId>NOREF</EndToEndId><TxId>100000000387712987</TxId></Refs><RltdPties><Dbtr><Nm>O O&apos;Brien</Nm></Dbtr><DbtrAcct><Id><PrtryAcct><Id>11086610606669</Id></PrtryAcct></Id></DbtrAcct><Cdtr><Nm>JOSH LEONARD</Nm></Cdtr><CdtrAcct><Id><PrtryAcct><Id>23008200298291</Id></PrtryAcct></Id></CdtrAcct><Prtry><Tp>CAR</Tp><Pty/></Prtry></RltdPties><RmtInf><Strd><AddtlRmtInf>NO REF</AddtlRmtInf></Strd><Strd><AddtlRmtInf>O O&apos;Brien//CAR</AddtlRmtInf></Strd></RmtInf><RltdDts><TxDtTm>2018-09-17T06:56:11</TxDtTm></RltdDts><AddtlTxInf>1000000003877129871020180917826110866</AddtlTxInf></TxDtls><AddtlNtryInf>COMPLETE//0000//003//CREDIT</AddtlNtryInf></Ntry></Ntfctn></BkToCstmrDbtCdtNtfctnV01></Document>