<?xml version="1.0" encoding="UTF-8"?><Document xmlns:xsi="http://www.w3.org/2001/XMLSchema-instance" xmlns="urn:iso:std:iso:20022:tech:xsd:camt.054.001.01"><BkToCstmrDbtCdtNtfctnV01><GrpHdr><MsgId>80309K//13302</MsgId><CreDtTm>2018-09-25T07:30:00</CreDtTm></GrpHdr><Ntfctn><Id>80309K//13302//1</Id><CreDtTm>2018-09-25T07:30:00</CreDtTm><Acct><Id><PrtryAcct><Id>20594233939774</Id></PrtryAcct></Id><Ccy>GBP</Ccy></Acct><TxsSummry><TtlNtries><NbOfNtries>8</NbOfNtries><Sum>1542.01</Sum></TtlNtries><TtlCdtNtries><NbOfNtries>6</NbOfNtries><Sum>411.01</Sum></TtlCdtNtries><TtlDbtNtries><NbOfNtries>2</NbOfNtries><Sum>1131.00</Sum></TtlDbtNtries></TxsSummry><Ntry><Amt Ccy="GBP">620.00</Amt><CdtDbtInd>DBIT</CdtDbtInd><Sts>BOOK</Sts><BookgDt><Dt>2018-09-25</Dt></BookgDt><BkTxCd><Prtry><Cd>AUT UKBA DR 30278</Cd></Prtry></BkTxCd><TxDtls><Refs><TxId>000000000337812600</TxId></Refs><RltdPties><DbtrAcct><Id><PrtryAcct><Id>20594233939774</Id></PrtryAcct></Id></DbtrAcct></RltdPties><RmtInf><Strd><AddtlRmtInf>NO REF</AddtlRmtInf></Strd><Strd><AddtlRmtInf>20180925A44639//7S      F0KBUH3669</AddtlRmtInf></Strd></RmtInf><RltdDts><TxDtTm>2018-09-25T07:01:28</TxDtTm></RltdDts><AddtlTxInf>0000000003378126000020180925826205942</AddtlTxInf></TxDtls><AddtlNtryInf>AUTHSENT//0000//001//DEBIT</AddtlNtryInf></Ntry><Ntry><Amt Ccy="GBP">10.00</Amt><CdtDbtInd>CRDT</CdtDbtInd><Sts>BOOK</Sts><BookgDt><Dt>2018-09-25</Dt></BookgDt><BkTxCd><Prtry><Cd>DCA UKBA CR 40269</Cd></Prtry></BkTxCd><TxDtls><Refs><EndToEndId>NOREF</EndToEndId><TxId>000000013654325801</TxId><Prtry><Tp>STO REF</Tp><Ref>0000</Ref></Prtry></Refs><RltdPties><Dbtr><Nm>23008200289809</Nm></Dbtr><DbtrAcct><Id><PrtryAcct><Id>20594233939774</Id></PrtryAcct></Id></DbtrAcct><Cdtr><Nm>LUCY LUCAS</Nm></Cdtr><CdtrAcct><Id><PrtryAcct><Id>23008200426931</Id></PrtryAcct></Id></CdtrAcct></RltdPties><RmtInf><Strd><AddtlRmtInf>NO REF</AddtlRmtInf></Strd><Strd><AddtlRmtInf>23008200289809//</AddtlRmtInf></Strd></RmtInf><RltdDts><TxDtTm>2018-09-25T07:01:31</TxDtTm></RltdDts><AddtlTxInf>0000000136543258015020180925826205942</AddtlTxInf></TxDtls><AddtlNtryInf>COMPLETE//0000//001//CREDIT</AddtlNtryInf></Ntry><Ntry><Amt Ccy="GBP">50.00</Amt><CdtDbtInd>CRDT</CdtDbtInd><Sts>BOOK</Sts><BookgDt><Dt>2018-09-25</Dt></BookgDt><BkTxCd><Prtry><Cd>DCA UKBA CR 40269</Cd></Prtry></BkTxCd><TxDtls><Refs><EndToEndId>NOREF</EndToEndId><TxId>000000013654325701</TxId><Prtry><Tp>STO REF</Tp><Ref>0000</Ref></Prtry></Refs><RltdPties><Dbtr><Nm>23008200289809</Nm></Dbtr><DbtrAcct><Id><PrtryAcct><Id>20594233939774</Id></PrtryAcct></Id></DbtrAcct><Cdtr><Nm>LUCY LUCAS</Nm></Cdtr><CdtrAcct><Id><PrtryAcct><Id>23008200426931</Id></PrtryAcct></Id></CdtrAcct></RltdPties><RmtInf><Strd><AddtlRmtInf>NO REF</AddtlRmtInf></Strd><Strd><AddtlRmtInf>23008200289809//</AddtlRmtInf></Strd></RmtInf><RltdDts><TxDtTm>2018-09-25T07:01:31</TxDtTm></RltdDts><AddtlTxInf>0000000136543257015020180925826205942</AddtlTxInf></TxDtls><AddtlNtryInf>COMPLETE//0000//001//CREDIT</AddtlNtryInf></Ntry><Ntry><Amt Ccy="GBP">511.00</Amt><CdtDbtInd>DBIT</CdtDbtInd><Sts>BOOK</Sts><BookgDt><Dt>2018-09-25</Dt></BookgDt><BkTxCd><Prtry><Cd>AUT UKBA DR 30278</Cd></Prtry></BkTxCd><TxDtls><Refs><TxId>000000000337812700</TxId></Refs><RltdPties><DbtrAcct><Id><PrtryAcct><Id>20594233939774</Id></PrtryAcct></Id></DbtrAcct></RltdPties><RmtInf><Strd><AddtlRmtInf>NO REF</AddtlRmtInf></Strd><Strd><AddtlRmtInf>20180925A44639//7S      F0KA4JK667</AddtlRmtInf></Strd></RmtInf><RltdDts><TxDtTm>2018-09-25T07:01:42</TxDtTm></RltdDts><AddtlTxInf>0000000003378127000020180925826205942</AddtlTxInf></TxDtls><AddtlNtryInf>AUTHSENT//0000//001//DEBIT</AddtlNtryInf></Ntry><Ntry><Amt Ccy="GBP">82.00</Amt><CdtDbtInd>CRDT</CdtDbtInd><Sts>BOOK</Sts><BookgDt><Dt>2018-09-25</Dt></BookgDt><BkTxCd><Prtry><Cd>SIP UKBA CR 40269</Cd></Prtry></BkTxCd><TxDtls><Refs><EndToEndId>00156498632BBDCQDS</EndToEndId><TxId>00156498632BBDCQDS</TxId></Refs><RltdPties><Dbtr><Nm>GERALDINE HOBBS</Nm></Dbtr><DbtrAcct><Id><PrtryAcct><Id>09012888156892</Id></PrtryAcct></Id></DbtrAcct><Cdtr><Nm>MISS G HOBBS</Nm></Cdtr><CdtrAcct><Id><PrtryAcct><Id>23008200403200</Id></PrtryAcct></Id></CdtrAcct><Prtry><Tp>me</Tp><Pty/></Prtry></RltdPties><RmtInf><Strd><AddtlRmtInf>NO REF</AddtlRmtInf></Strd><Strd><AddtlRmtInf>GERALDINE HOBBS//me</AddtlRmtInf></Strd></RmtInf><RltdDts><TxDtTm>2018-09-25T07:07:56</TxDtTm></RltdDts><AddtlTxInf>00156498632BBDCQDS1020180925826090128</AddtlTxInf></TxDtls><AddtlNtryInf>COMPLETE//0000//001//CREDIT</AddtlNtryInf></Ntry><Ntry><Amt Ccy="GBP">0.01</Amt><CdtDbtInd>CRDT</CdtDbtInd><Sts>BOOK</Sts><BookgDt><Dt>2018-09-25</Dt></BookgDt><BkTxCd><Prtry><Cd>SIP UKBA CR 40269</Cd></Prtry></BkTxCd><TxDtls><Refs><EndToEndId>PPRD00000000APXR5S</EndToEndId><TxId>PPRD00000000APXR5S</TxId></Refs><RltdPties><Dbtr><Nm>PAYPAL CODE 6034</Nm><PstlAdr><AdrLine>2211 N 1st Street San Jose CA 95131</AdrLine><Ctry/></PstlAdr></Dbtr><DbtrAcct><Id><PrtryAcct><Id>23526285010101</Id></PrtryAcct></Id></DbtrAcct><Cdtr><Nm>sarah whyatt</Nm><PstlAdr><AdrLine>12 Matlock Close</AdrLine><Ctry/></PstlAdr></Cdtr><CdtrAcct><Id><PrtryAcct><Id>23008200437321</Id></PrtryAcct></Id></CdtrAcct><Prtry><Tp>PAYPAL CODE 6034</Tp><Pty/></Prtry></RltdPties><RmtInf><Strd><RfrdDocInf><RfrdDocTp><Prtry>002</Prtry></RfrdDocTp></RfrdDocInf><AddtlRmtInf>NO REF</AddtlRmtInf></Strd><Strd><AddtlRmtInf>PAYPAL CODE 6034//PAYPAL CODE 6034</AddtlRmtInf></Strd></RmtInf><RltdDts><TxDtTm>2018-09-25T07:08:11</TxDtTm></RltdDts><AddtlTxInf>PPRD00000000APXR5S1020180925826235262</AddtlTxInf></TxDtls><AddtlNtryInf>COMPLETE//0000//001//CREDIT</AddtlNtryInf></Ntry><Ntry><Amt Ccy="GBP">257.00</Amt><CdtDbtInd>CRDT</CdtDbtInd><Sts>BOOK</Sts><BookgDt><Dt>2018-09-25</Dt></BookgDt><BkTxCd><Prtry><Cd>SIP UKBA CR 40269</Cd></Prtry></BkTxCd><TxDtls><Refs><EndToEndId>NOREF</EndToEndId><TxId>200000000389946472</TxId></Refs><RltdPties><Dbtr><Nm>A Jabeen</Nm></Dbtr><DbtrAcct><Id><PrtryAcct><Id>80471101051061</Id></PrtryAcct></Id></DbtrAcct><Cdtr><Nm>ABUBAKAR ASHRAF</Nm></Cdtr><CdtrAcct><Id><PrtryAcct><Id>23008200401667</Id></PrtryAcct></Id></CdtrAcct><Prtry><Tp>SAVINGS</Tp><Pty/></Prtry></RltdPties><RmtInf><Strd><AddtlRmtInf>NO REF</AddtlRmtInf></Strd><Strd><AddtlRmtInf>A Jabeen//SAVINGS</AddtlRmtInf></Strd></RmtInf><RltdDts><TxDtTm>2018-09-25T07:15:47</TxDtTm></RltdDts><AddtlTxInf>2000000003899464721020180925826804711</AddtlTxInf></TxDtls><AddtlNtryInf>COMPLETE//0000//001//CREDIT</AddtlNtryInf></Ntry><Ntry><Amt Ccy="GBP">12.00</Amt><CdtDbtInd>CRDT</CdtDbtInd><Sts>BOOK</Sts><BookgDt><Dt>2018-09-25</Dt></BookgDt><BkTxCd><Prtry><Cd>SIP UKBA CR 40269</Cd></Prtry></BkTxCd><TxDtls><Refs><EndToEndId>NOREF</EndToEndId><TxId>300000000395262724</TxId></Refs><RltdPties><Dbtr><Nm>U Farooq</Nm></Dbtr><DbtrAcct><Id><PrtryAcct><Id>30983652783760</Id></PrtryAcct></Id></DbtrAcct><Cdtr><Nm>EADOKA</Nm></Cdtr><CdtrAcct><Id><PrtryAcct><Id>23008200102430</Id></PrtryAcct></Id></CdtrAcct><Prtry><Tp>P</Tp><Pty/></Prtry></RltdPties><RmtInf><Strd><AddtlRmtInf>NO REF</AddtlRmtInf></Strd><Strd><AddtlRmtInf>U Farooq//P</AddtlRmtInf></Strd></RmtInf><RltdDts><TxDtTm>2018-09-25T07:26:36</TxDtTm></RltdDts><AddtlTxInf>3000000003952627241020180925826309836</AddtlTxInf></TxDtls><AddtlNtryInf>COMPLETE//0000//001//CREDIT</AddtlNtryInf></Ntry></Ntfctn></BkToCstmrDbtCdtNtfctnV01></Document>