<?xml version="1.0" encoding="UTF-8"?><Document xmlns:xsi="http://www.w3.org/2001/XMLSchema-instance" xmlns="urn:iso:std:iso:20022:tech:xsd:camt.054.001.01"><BkToCstmrDbtCdtNtfctnV01><GrpHdr><MsgId>80309K//13007</MsgId><CreDtTm>2018-09-18T11:00:00</CreDtTm></GrpHdr><Ntfctn><Id>80309K//13007//1</Id><CreDtTm>2018-09-18T11:00:00</CreDtTm><Acct><Id><PrtryAcct><Id>20594233939774</Id></PrtryAcct></Id><Ccy>GBP</Ccy></Acct><TxsSummry><TtlNtries><NbOfNtries>8</NbOfNtries><Sum>736.07</Sum></TtlNtries><TtlCdtNtries><NbOfNtries>8</NbOfNtries><Sum>736.07</Sum></TtlCdtNtries><TtlDbtNtries><NbOfNtries>0</NbOfNtries><Sum>0.00</Sum></TtlDbtNtries></TxsSummry><Ntry><Amt Ccy="GBP">78.00</Amt><CdtDbtInd>CRDT</CdtDbtInd><Sts>BOOK</Sts><BookgDt><Dt>2018-09-18</Dt></BookgDt><BkTxCd><Prtry><Cd>SIP UKBA CR 40269</Cd></Prtry></BkTxCd><TxDtls><Refs><EndToEndId>NOREF</EndToEndId><TxId>CBBPI1031292222114</TxId></Refs><RltdPties><Dbtr><Nm>STUART GREER</Nm></Dbtr><DbtrAcct><Id><PrtryAcct><Id>82612520041768</Id></PrtryAcct></Id></DbtrAcct><Cdtr><Nm>ct</Nm></Cdtr><CdtrAcct><Id><PrtryAcct><Id>23008200402219</Id></PrtryAcct></Id></CdtrAcct><Prtry><Tp>stuart greer</Tp><Pty/></Prtry></RltdPties><RmtInf><Strd><RfrdDocInf><RfrdDocTp><Prtry>002</Prtry></RfrdDocTp></RfrdDocInf><AddtlRmtInf>NO REF</AddtlRmtInf></Strd><Strd><AddtlRmtInf>STUART GREER//stuart greer</AddtlRmtInf></Strd></RmtInf><RltdDts><TxDtTm>2018-09-18T10:31:30</TxDtTm></RltdDts><AddtlTxInf>CBBPI10312922221141020180918826826125</AddtlTxInf></TxDtls><AddtlNtryInf>COMPLETE//0000//001//CREDIT</AddtlNtryInf></Ntry><Ntry><Amt Ccy="GBP">20.00</Amt><CdtDbtInd>CRDT</CdtDbtInd><Sts>BOOK</Sts><BookgDt><Dt>2018-09-18</Dt></BookgDt><BkTxCd><Prtry><Cd>SIP UKBA CR 40269</Cd></Prtry></BkTxCd><TxDtls><Refs><EndToEndId>000000FT18261FL89Z</EndToEndId><TxId>000000FT18261FL89Z</TxId></Refs><RltdPties><Dbtr><Nm>VIOLETA CORINA MARICA</Nm><PstlAdr><AdrLine>10 NORTH STREET;WARWICKSHIRE</AdrLine><Ctry/></PstlAdr></Dbtr><DbtrAcct><Id><PrtryAcct><Id>23058029396639</Id></PrtryAcct></Id></DbtrAcct><Cdtr><Nm>ISG PLUMBING LTD</Nm><PstlAdr><AdrLine>WIRECARD;WIRECARD CARD SOLUTIONS</AdrLine><Ctry/></PstlAdr></Cdtr><CdtrAcct><Id><PrtryAcct><Id>23008200035706</Id></PrtryAcct></Id></CdtrAcct><Prtry><Tp>BILL PAYMENT</Tp><Pty/></Prtry></RltdPties><RmtInf><Strd><AddtlRmtInf>NO REF</AddtlRmtInf></Strd><Strd><AddtlRmtInf>VIOLETA CORINA MAR//BILL PAYMENT</AddtlRmtInf></Strd></RmtInf><RltdDts><TxDtTm>2018-09-18T10:33:26</TxDtTm></RltdDts><AddtlTxInf>000000FT18261FL89Z1020180918826230580</AddtlTxInf></TxDtls><AddtlNtryInf>COMPLETE//0000//001//CREDIT</AddtlNtryInf></Ntry><Ntry><Amt Ccy="GBP">140.00</Amt><CdtDbtInd>CRDT</CdtDbtInd><Sts>BOOK</Sts><BookgDt><Dt>2018-09-18</Dt></BookgDt><BkTxCd><Prtry><Cd>SIP UKBA CR 40269</Cd></Prtry></BkTxCd><TxDtls><Refs><EndToEndId>NOREF</EndToEndId><TxId>400000000394510572</TxId></Refs><RltdPties><Dbtr><Nm>B Bombusa</Nm></Dbtr><DbtrAcct><Id><PrtryAcct><Id>77141027636068</Id></PrtryAcct></Id></DbtrAcct><Cdtr><Nm>RELIABLE</Nm></Cdtr><CdtrAcct><Id><PrtryAcct><Id>23008200035589</Id></PrtryAcct></Id></CdtrAcct></RltdPties><RmtInf><Strd><AddtlRmtInf>NO REF</AddtlRmtInf></Strd><Strd><AddtlRmtInf>B Bombusa//</AddtlRmtInf></Strd></RmtInf><RltdDts><TxDtTm>2018-09-18T10:43:00</TxDtTm></RltdDts><AddtlTxInf>4000000003945105721020180918826771410</AddtlTxInf></TxDtls><AddtlNtryInf>COMPLETE//0000//001//CREDIT</AddtlNtryInf></Ntry><Ntry><Amt Ccy="GBP">100.00</Amt><CdtDbtInd>CRDT</CdtDbtInd><Sts>BOOK</Sts><BookgDt><Dt>2018-09-18</Dt></BookgDt><BkTxCd><Prtry><Cd>DCA UKBA CR 40269</Cd></Prtry></BkTxCd><TxDtls><Refs><EndToEndId>NOREF</EndToEndId><TxId>000000013592193001</TxId><Prtry><Tp>STO REF</Tp><Ref>1532</Ref></Prtry></Refs><RltdPties><Dbtr><Nm>TAOFIK BOLADE</Nm></Dbtr><DbtrAcct><Id><PrtryAcct><Id>20035373152596</Id></PrtryAcct></Id></DbtrAcct><Cdtr><Nm>TAOFIK BOLADE</Nm></Cdtr><CdtrAcct><Id><PrtryAcct><Id>23008200181929</Id></PrtryAcct></Id></CdtrAcct><Prtry><Tp>TAOFIK BOLADE</Tp><Pty/></Prtry></RltdPties><RmtInf><Strd><AddtlRmtInf>NO REF</AddtlRmtInf></Strd><Strd><AddtlRmtInf>TAOFIK BOLADE//TAOFIK BOLADE</AddtlRmtInf></Strd></RmtInf><RltdDts><TxDtTm>2018-09-18T10:52:08</TxDtTm></RltdDts><AddtlTxInf>0000000135921930015020180918826200353</AddtlTxInf></TxDtls><AddtlNtryInf>COMPLETE//0000//001//CREDIT</AddtlNtryInf></Ntry><Ntry><Amt Ccy="GBP">2.00</Amt><CdtDbtInd>CRDT</CdtDbtInd><Sts>BOOK</Sts><BookgDt><Dt>2018-09-18</Dt></BookgDt><BkTxCd><Prtry><Cd>SIP UKBA CR 40269</Cd></Prtry></BkTxCd><TxDtls><Refs><EndToEndId>BILL PAID JULY</EndToEndId><TxId>17105227770068000N</TxId><Prtry><Tp>STO REF</Tp><Ref>0000</Ref></Prtry></Refs><RltdPties><Dbtr><Nm>RAIHAN SJ</Nm></Dbtr><DbtrAcct><Id><PrtryAcct><Id>60072644681070</Id></PrtryAcct></Id></DbtrAcct><Cdtr><Nm>WEEDING AND CATERING</Nm></Cdtr><CdtrAcct><Id><PrtryAcct><Id>23008200042317</Id></PrtryAcct></Id></CdtrAcct><Prtry><Tp>BILL PAID JULY</Tp><Pty/></Prtry></RltdPties><RmtInf><Strd><AddtlRmtInf>RAIHAN SJ         BILL PAID JULY    VIA MOBILE - LVP</AddtlRmtInf></Strd><Strd><AddtlRmtInf>RAIHAN SJ//BILL PAID JULY</AddtlRmtInf></Strd></RmtInf><RltdDts><TxDtTm>2018-09-18T10:52:28</TxDtTm></RltdDts><AddtlTxInf>17105227770068000N1020180918826600726</AddtlTxInf></TxDtls><AddtlNtryInf>COMPLETE//0000//001//CREDIT</AddtlNtryInf></Ntry><Ntry><Amt Ccy="GBP">292.07</Amt><CdtDbtInd>CRDT</CdtDbtInd><Sts>BOOK</Sts><BookgDt><Dt>2018-09-18</Dt></BookgDt><BkTxCd><Prtry><Cd>SIP UKBA CR 40269</Cd></Prtry></BkTxCd><TxDtls><Refs><EndToEndId>NOREF</EndToEndId><TxId>35105709997019000N</TxId><Prtry><Tp>STO REF</Tp><Ref>0000</Ref></Prtry></Refs><RltdPties><Dbtr><Nm>DWP GB FP LP FUNDI</Nm></Dbtr><DbtrAcct><Id><PrtryAcct><Id>60708010028668</Id></PrtryAcct></Id></DbtrAcct><Cdtr><Nm>MISS CATHERINE ELIZABETH BURNS</Nm></Cdtr><CdtrAcct><Id><PrtryAcct><Id>23008200095163</Id></PrtryAcct></Id></CdtrAcct><Prtry><Tp>JL093028A DWP UC</Tp><Pty/></Prtry></RltdPties><RmtInf><Strd><AddtlRmtInf>JL093028A DWP UC</AddtlRmtInf></Strd><Strd><AddtlRmtInf>DWP GB FP LP FUNDI//JL093028A DWP UC</AddtlRmtInf></Strd></RmtInf><RltdDts><TxDtTm>2018-09-18T10:57:10</TxDtTm></RltdDts><AddtlTxInf>35105709997019000N1020180918826607080</AddtlTxInf></TxDtls><AddtlNtryInf>COMPLETE//0000//001//CREDIT</AddtlNtryInf></Ntry><Ntry><Amt Ccy="GBP">4.00</Amt><CdtDbtInd>CRDT</CdtDbtInd><Sts>BOOK</Sts><BookgDt><Dt>2018-09-18</Dt></BookgDt><BkTxCd><Prtry><Cd>SIP UKBA CR 40269</Cd></Prtry></BkTxCd><TxDtls><Refs><EndToEndId>NOREF</EndToEndId><TxId>500000000389716687</TxId></Refs><RltdPties><Dbtr><Nm>L Kotowski</Nm></Dbtr><DbtrAcct><Id><PrtryAcct><Id>11006410458764</Id></PrtryAcct></Id></DbtrAcct><Cdtr><Nm>LUKAS KOTOWSKI</Nm></Cdtr><CdtrAcct><Id><PrtryAcct><Id>23008200195200</Id></PrtryAcct></Id></CdtrAcct></RltdPties><RmtInf><Strd><AddtlRmtInf>NO REF</AddtlRmtInf></Strd><Strd><AddtlRmtInf>L Kotowski//</AddtlRmtInf></Strd></RmtInf><RltdDts><TxDtTm>2018-09-18T10:58:19</TxDtTm></RltdDts><AddtlTxInf>5000000003897166871020180918826110064</AddtlTxInf></TxDtls><AddtlNtryInf>COMPLETE//0000//001//CREDIT</AddtlNtryInf></Ntry><Ntry><Amt Ccy="GBP">100.00</Amt><CdtDbtInd>CRDT</CdtDbtInd><Sts>BOOK</Sts><BookgDt><Dt>2018-09-18</Dt></BookgDt><BkTxCd><Prtry><Cd>SIP UKBA CR 40269</Cd></Prtry></BkTxCd><TxDtls><Refs><EndToEndId>NOREF</EndToEndId><TxId>RP4679961649310500</TxId></Refs><RltdPties><Dbtr><Nm>OROTOMA O</Nm></Dbtr><DbtrAcct><Id><PrtryAcct><Id>20259523393658</Id></PrtryAcct></Id></DbtrAcct><Cdtr><Nm>TAIWO ADESUYI</Nm></Cdtr><CdtrAcct><Id><PrtryAcct><Id>23008200397167</Id></PrtryAcct></Id></CdtrAcct><Prtry><Tp>GBOYEGA</Tp><Pty/></Prtry></RltdPties><RmtInf><Strd><AddtlRmtInf>NO REF</AddtlRmtInf></Strd><Strd><AddtlRmtInf>OROTOMA O//GBOYEGA</AddtlRmtInf></Strd></RmtInf><RltdDts><TxDtTm>2018-09-18T10:58:54</TxDtTm></RltdDts><AddtlTxInf>RP46799616493105001020180918826200026</AddtlTxInf></TxDtls><AddtlNtryInf>COMPLETE//0000//001//CREDIT</AddtlNtryInf></Ntry></Ntfctn></BkToCstmrDbtCdtNtfctnV01></Document>