<?xml version="1.0" encoding="UTF-8"?><Document xmlns:xsi="http://www.w3.org/2001/XMLSchema-instance" xmlns="urn:iso:std:iso:20022:tech:xsd:camt.054.001.01"><BkToCstmrDbtCdtNtfctnV01><GrpHdr><MsgId>80309K//12647</MsgId><CreDtTm>2018-09-10T00:00:00</CreDtTm></GrpHdr><Ntfctn><Id>80309K//12647//1</Id><CreDtTm>2018-09-10T00:00:00</CreDtTm><Acct><Id><PrtryAcct><Id>20594233939774</Id></PrtryAcct></Id><Ccy>GBP</Ccy></Acct><TxsSummry><TtlNtries><NbOfNtries>3</NbOfNtries><Sum>5134.66</Sum></TtlNtries><TtlCdtNtries><NbOfNtries>3</NbOfNtries><Sum>5134.66</Sum></TtlCdtNtries><TtlDbtNtries><NbOfNtries>0</NbOfNtries><Sum>0.00</Sum></TtlDbtNtries></TxsSummry><Ntry><Amt Ccy="GBP">5000.00</Amt><CdtDbtInd>CRDT</CdtDbtInd><Sts>BOOK</Sts><BookgDt><Dt>2018-09-10</Dt></BookgDt><BkTxCd><Prtry><Cd>SIP UKBA CR 40269</Cd></Prtry></BkTxCd><TxDtls><Refs><EndToEndId>NOREF</EndToEndId><TxId>RP4679961016364400</TxId></Refs><RltdPties><Dbtr><Nm>BOND MANAGEM LTD</Nm></Dbtr><DbtrAcct><Id><PrtryAcct><Id>20925433266362</Id></PrtryAcct></Id></DbtrAcct><Cdtr><Nm>DG SPORTS MANAGEME</Nm></Cdtr><CdtrAcct><Id><PrtryAcct><Id>23008200223567</Id></PrtryAcct></Id></CdtrAcct><Prtry><Tp>SCOUTING   INTRO</Tp><Pty/></Prtry></RltdPties><RmtInf><Strd><AddtlRmtInf>NO REF</AddtlRmtInf></Strd><Strd><AddtlRmtInf>BOND MANAGEM LTD//SCOUTING   INTRO</AddtlRmtInf></Strd></RmtInf><RltdDts><TxDtTm>2018-09-09T23:45:59</TxDtTm></RltdDts><AddtlTxInf>RP46799610163644001020180909826200026</AddtlTxInf></TxDtls><AddtlNtryInf>COMPLETE//0000//003//CREDIT</AddtlNtryInf></Ntry><Ntry><Amt Ccy="GBP">72.00</Amt><CdtDbtInd>CRDT</CdtDbtInd><Sts>BOOK</Sts><BookgDt><Dt>2018-09-10</Dt></BookgDt><BkTxCd><Prtry><Cd>SIP UKBA CR 40269</Cd></Prtry></BkTxCd><TxDtls><Refs><EndToEndId>NOREF</EndToEndId><TxId>FP18252O15641290</TxId></Refs><RltdPties><Dbtr><Nm>Sharma Srilakshmi</Nm></Dbtr><DbtrAcct><Id><PrtryAcct><Id>07011643922894</Id></PrtryAcct></Id></DbtrAcct><Cdtr><Nm>DAREN WALKER</Nm></Cdtr><CdtrAcct><Id><PrtryAcct><Id>23008200044955</Id></PrtryAcct></Id></CdtrAcct><Prtry><Tp>SHARMA CLEANING</Tp><Pty/></Prtry></RltdPties><RmtInf><Strd><AddtlRmtInf>NO REF</AddtlRmtInf></Strd><Strd><AddtlRmtInf>Sharma Srilakshmi//SHARMA CLEANING</AddtlRmtInf></Strd></RmtInf><RltdDts><TxDtTm>2018-09-09T23:46:18</TxDtTm></RltdDts><AddtlTxInf>FP18252O15641290  1020180909826070116</AddtlTxInf></TxDtls><AddtlNtryInf>COMPLETE//0000//003//CREDIT</AddtlNtryInf></Ntry><Ntry><Amt Ccy="GBP">62.66</Amt><CdtDbtInd>CRDT</CdtDbtInd><Sts>BOOK</Sts><BookgDt><Dt>2018-09-10</Dt></BookgDt><BkTxCd><Prtry><Cd>SIP UKBA CR 40269</Cd></Prtry></BkTxCd><TxDtls><Refs><EndToEndId>PPWD00000000AM34I4</EndToEndId><TxId>PPWD00000000AM34I4</TxId></Refs><RltdPties><Dbtr><Nm>PayPal</Nm><PstlAdr><AdrLine>2211 N 1st Street San Jose CA 95131</AdrLine><Ctry/></PstlAdr></Dbtr><DbtrAcct><Id><PrtryAcct><Id>23526278959595</Id></PrtryAcct></Id></DbtrAcct><Cdtr><Nm>Esthwaite Properties</Nm><PstlAdr><AdrLine>Ferney green Ferney Green</AdrLine><Ctry/></PstlAdr></Cdtr><CdtrAcct><Id><PrtryAcct><Id>23008200044053</Id></PrtryAcct></Id></CdtrAcct><Prtry><Tp>PPWDL44TJ2AKXE95VE</Tp><Pty/></Prtry></RltdPties><RmtInf><Strd><RfrdDocInf><RfrdDocTp><Prtry>002</Prtry></RfrdDocTp></RfrdDocInf><AddtlRmtInf>NO REF</AddtlRmtInf></Strd><Strd><AddtlRmtInf>PayPal//PPWDL44TJ2AKXE95VE</AddtlRmtInf></Strd></RmtInf><RltdDts><TxDtTm>2018-09-09T23:54:22</TxDtTm></RltdDts><AddtlTxInf>PPWD00000000AM34I41020180909826235262</AddtlTxInf></TxDtls><AddtlNtryInf>COMPLETE//0000//003//CREDIT</AddtlNtryInf></Ntry></Ntfctn></BkToCstmrDbtCdtNtfctnV01></Document>