<?xml version="1.0" encoding="UTF-8"?><Document xmlns:xsi="http://www.w3.org/2001/XMLSchema-instance" xmlns="urn:iso:std:iso:20022:tech:xsd:camt.054.001.01"><BkToCstmrDbtCdtNtfctnV01><GrpHdr><MsgId>80309K//12914</MsgId><CreDtTm>2018-09-16T08:30:00</CreDtTm></GrpHdr><Ntfctn><Id>80309K//12914//1</Id><CreDtTm>2018-09-16T08:30:00</CreDtTm><Acct><Id><PrtryAcct><Id>20594233939774</Id></PrtryAcct></Id><Ccy>GBP</Ccy></Acct><TxsSummry><TtlNtries><NbOfNtries>3</NbOfNtries><Sum>218.90</Sum></TtlNtries><TtlCdtNtries><NbOfNtries>3</NbOfNtries><Sum>218.90</Sum></TtlCdtNtries><TtlDbtNtries><NbOfNtries>0</NbOfNtries><Sum>0.00</Sum></TtlDbtNtries></TxsSummry><Ntry><Amt Ccy="GBP">60.00</Amt><CdtDbtInd>CRDT</CdtDbtInd><Sts>BOOK</Sts><BookgDt><Dt>2018-09-17</Dt></BookgDt><BkTxCd><Prtry><Cd>SIP UKBA CR 40269</Cd></Prtry></BkTxCd><TxDtls><Refs><EndToEndId>NOREF</EndToEndId><TxId>500000000389094450</TxId></Refs><RltdPties><Dbtr><Nm>M Pelteshka</Nm></Dbtr><DbtrAcct><Id><PrtryAcct><Id>11041800210996</Id></PrtryAcct></Id></DbtrAcct><Cdtr><Nm>DARINA NIKOLOVA</Nm></Cdtr><CdtrAcct><Id><PrtryAcct><Id>23008200016798</Id></PrtryAcct></Id></CdtrAcct><Prtry><Tp>CLEANING03.08</Tp><Pty/></Prtry></RltdPties><RmtInf><Strd><AddtlRmtInf>NO REF</AddtlRmtInf></Strd><Strd><AddtlRmtInf>M Pelteshka//CLEANING03.08</AddtlRmtInf></Strd></RmtInf><RltdDts><TxDtTm>2018-09-16T08:13:31</TxDtTm></RltdDts><AddtlTxInf>5000000003890944501020180916826110418</AddtlTxInf></TxDtls><AddtlNtryInf>COMPLETE//0000//003//CREDIT</AddtlNtryInf></Ntry><Ntry><Amt Ccy="GBP">8.90</Amt><CdtDbtInd>CRDT</CdtDbtInd><Sts>BOOK</Sts><BookgDt><Dt>2018-09-17</Dt></BookgDt><BkTxCd><Prtry><Cd>SIP UKBA CR 40269</Cd></Prtry></BkTxCd><TxDtls><Refs><EndToEndId>ARRO CARD</EndToEndId><TxId>14081849774770000N</TxId><Prtry><Tp>STO REF</Tp><Ref>0000</Ref></Prtry></Refs><RltdPties><Dbtr><Nm>NILSON EC</Nm></Dbtr><DbtrAcct><Id><PrtryAcct><Id>60074451544679</Id></PrtryAcct></Id></DbtrAcct><Cdtr><Nm>ARRO</Nm></Cdtr><CdtrAcct><Id><PrtryAcct><Id>23008200054338</Id></PrtryAcct></Id></CdtrAcct><Prtry><Tp>ARRO CARD</Tp><Pty/></Prtry></RltdPties><RmtInf><Strd><AddtlRmtInf>NILSON EC         ARRO CARD         VIA MOBILE - LVP</AddtlRmtInf></Strd><Strd><AddtlRmtInf>NILSON EC//ARRO CARD</AddtlRmtInf></Strd></RmtInf><RltdDts><TxDtTm>2018-09-16T08:18:50</TxDtTm></RltdDts><AddtlTxInf>14081849774770000N1020180916826600744</AddtlTxInf></TxDtls><AddtlNtryInf>COMPLETE//0000//003//CREDIT</AddtlNtryInf></Ntry><Ntry><Amt Ccy="GBP">150.00</Amt><CdtDbtInd>CRDT</CdtDbtInd><Sts>BOOK</Sts><BookgDt><Dt>2018-09-17</Dt></BookgDt><BkTxCd><Prtry><Cd>SIP UKBA CR 40269</Cd></Prtry></BkTxCd><TxDtls><Refs><EndToEndId>NOREF</EndToEndId><TxId>FP18259O00512589</TxId></Refs><RltdPties><Dbtr><Nm>Erondu Frank</Nm></Dbtr><DbtrAcct><Id><PrtryAcct><Id>07043613612594</Id></PrtryAcct></Id></DbtrAcct><Cdtr><Nm>FRANK ERONDU</Nm></Cdtr><CdtrAcct><Id><PrtryAcct><Id>23008200171041</Id></PrtryAcct></Id></CdtrAcct><Prtry><Tp>BILL</Tp><Pty/></Prtry></RltdPties><RmtInf><Strd><AddtlRmtInf>NO REF</AddtlRmtInf></Strd><Strd><AddtlRmtInf>Erondu Frank//BILL</AddtlRmtInf></Strd></RmtInf><RltdDts><TxDtTm>2018-09-16T08:21:41</TxDtTm></RltdDts><AddtlTxInf>FP18259O00512589  1020180916826070436</AddtlTxInf></TxDtls><AddtlNtryInf>COMPLETE//0000//003//CREDIT</AddtlNtryInf></Ntry></Ntfctn></BkToCstmrDbtCdtNtfctnV01></Document>