<?xml version="1.0" encoding="UTF-8"?><Document xmlns:xsi="http://www.w3.org/2001/XMLSchema-instance" xmlns="urn:iso:std:iso:20022:tech:xsd:camt.054.001.01"><BkToCstmrDbtCdtNtfctnV01><GrpHdr><MsgId>80309K//13097</MsgId><CreDtTm>2018-09-20T12:00:00</CreDtTm></GrpHdr><Ntfctn><Id>80309K//13097//1</Id><CreDtTm>2018-09-20T12:00:00</CreDtTm><Acct><Id><PrtryAcct><Id>20594233939774</Id></PrtryAcct></Id><Ccy>GBP</Ccy></Acct><TxsSummry><TtlNtries><NbOfNtries>12</NbOfNtries><Sum>5153.13</Sum></TtlNtries><TtlCdtNtries><NbOfNtries>12</NbOfNtries><Sum>5153.13</Sum></TtlCdtNtries><TtlDbtNtries><NbOfNtries>0</NbOfNtries><Sum>0.00</Sum></TtlDbtNtries></TxsSummry><Ntry><Amt Ccy="GBP">65.00</Amt><CdtDbtInd>CRDT</CdtDbtInd><Sts>BOOK</Sts><BookgDt><Dt>2018-09-20</Dt></BookgDt><BkTxCd><Prtry><Cd>SIP UKBA CR 40269</Cd></Prtry></BkTxCd><TxDtls><Refs><EndToEndId>NOREF</EndToEndId><TxId>100000000388627096</TxId></Refs><RltdPties><Dbtr><Nm>C Moore</Nm></Dbtr><DbtrAcct><Id><PrtryAcct><Id>11000134397465</Id></PrtryAcct></Id></DbtrAcct><Cdtr><Nm>SAFFRON</Nm></Cdtr><CdtrAcct><Id><PrtryAcct><Id>23008200162670</Id></PrtryAcct></Id></CdtrAcct><Prtry><Tp>BILL</Tp><Pty/></Prtry></RltdPties><RmtInf><Strd><AddtlRmtInf>NO REF</AddtlRmtInf></Strd><Strd><AddtlRmtInf>C Moore//BILL</AddtlRmtInf></Strd></RmtInf><RltdDts><TxDtTm>2018-09-20T11:32:04</TxDtTm></RltdDts><AddtlTxInf>1000000003886270961020180920826110001</AddtlTxInf></TxDtls><AddtlNtryInf>COMPLETE//0000//001//CREDIT</AddtlNtryInf></Ntry><Ntry><Amt Ccy="GBP">874.00</Amt><CdtDbtInd>CRDT</CdtDbtInd><Sts>BOOK</Sts><BookgDt><Dt>2018-09-20</Dt></BookgDt><BkTxCd><Prtry><Cd>SIP UKBA CR 40269</Cd></Prtry></BkTxCd><TxDtls><Refs><EndToEndId>NOREF</EndToEndId><TxId>180920113212055238</TxId></Refs><RltdPties><Dbtr><Nm>Mahamadou sillah</Nm></Dbtr><DbtrAcct><Id><PrtryAcct><Id>77855539817960</Id></PrtryAcct></Id></DbtrAcct><Cdtr><Nm>Flights Scanners</Nm></Cdtr><CdtrAcct><Id><PrtryAcct><Id>23008200455684</Id></PrtryAcct></Id></CdtrAcct><Prtry><Tp>Mahamadou Sillah</Tp><Pty/></Prtry></RltdPties><RmtInf><Strd><AddtlRmtInf>NO REF</AddtlRmtInf></Strd><Strd><AddtlRmtInf>Mahamadou sillah//Mahamadou Sillah</AddtlRmtInf></Strd></RmtInf><RltdDts><TxDtTm>2018-09-20T11:32:09</TxDtTm></RltdDts><AddtlTxInf>1809201132120552381020180920826778555</AddtlTxInf></TxDtls><AddtlNtryInf>COMPLETE//0000//001//CREDIT</AddtlNtryInf></Ntry><Ntry><Amt Ccy="GBP">0.01</Amt><CdtDbtInd>CRDT</CdtDbtInd><Sts>BOOK</Sts><BookgDt><Dt>2018-09-20</Dt></BookgDt><BkTxCd><Prtry><Cd>SIP UKBA CR 40269</Cd></Prtry></BkTxCd><TxDtls><Refs><EndToEndId>PPRD00000000AORS3A</EndToEndId><TxId>PPRD00000000AORS3A</TxId></Refs><RltdPties><Dbtr><Nm>PAYPAL CODE 8090</Nm><PstlAdr><AdrLine>2211 N 1st Street San Jose CA 95131</AdrLine><Ctry/></PstlAdr></Dbtr><DbtrAcct><Id><PrtryAcct><Id>23526285010101</Id></PrtryAcct></Id></DbtrAcct><Cdtr><Nm>Mark West</Nm><PstlAdr><AdrLine>29 Henrietta Road</AdrLine><Ctry/></PstlAdr></Cdtr><CdtrAcct><Id><PrtryAcct><Id>23008200455352</Id></PrtryAcct></Id></CdtrAcct><Prtry><Tp>PAYPAL CODE 8090</Tp><Pty/></Prtry></RltdPties><RmtInf><Strd><RfrdDocInf><RfrdDocTp><Prtry>002</Prtry></RfrdDocTp></RfrdDocInf><AddtlRmtInf>NO REF</AddtlRmtInf></Strd><Strd><AddtlRmtInf>PAYPAL CODE 8090//PAYPAL CODE 8090</AddtlRmtInf></Strd></RmtInf><RltdDts><TxDtTm>2018-09-20T11:37:04</TxDtTm></RltdDts><AddtlTxInf>PPRD00000000AORS3A1020180920826235262</AddtlTxInf></TxDtls><AddtlNtryInf>COMPLETE//0000//001//CREDIT</AddtlNtryInf></Ntry><Ntry><Amt Ccy="GBP">302.04</Amt><CdtDbtInd>CRDT</CdtDbtInd><Sts>BOOK</Sts><BookgDt><Dt>2018-09-20</Dt></BookgDt><BkTxCd><Prtry><Cd>SIP UKBA CR 40269</Cd></Prtry></BkTxCd><TxDtls><Refs><EndToEndId>PPWD00000000AORT9K</EndToEndId><TxId>PPWD00000000AORT9K</TxId></Refs><RltdPties><Dbtr><Nm>PayPal</Nm><PstlAdr><AdrLine>2211 N 1st Street San Jose CA 95131</AdrLine><Ctry/></PstlAdr></Dbtr><DbtrAcct><Id><PrtryAcct><Id>23526278959595</Id></PrtryAcct></Id></DbtrAcct><Cdtr><Nm>Andrew Chetwynd</Nm><PstlAdr><AdrLine>30 Hereward Road</AdrLine><Ctry/></PstlAdr></Cdtr><CdtrAcct><Id><PrtryAcct><Id>23008200361800</Id></PrtryAcct></Id></CdtrAcct><Prtry><Tp>PPWDL4J4J2AL8FDEKL</Tp><Pty/></Prtry></RltdPties><RmtInf><Strd><RfrdDocInf><RfrdDocTp><Prtry>002</Prtry></RfrdDocTp></RfrdDocInf><AddtlRmtInf>NO REF</AddtlRmtInf></Strd><Strd><AddtlRmtInf>PayPal//PPWDL4J4J2AL8FDEKL</AddtlRmtInf></Strd></RmtInf><RltdDts><TxDtTm>2018-09-20T11:40:39</TxDtTm></RltdDts><AddtlTxInf>PPWD00000000AORT9K1020180920826235262</AddtlTxInf></TxDtls><AddtlNtryInf>COMPLETE//0000//001//CREDIT</AddtlNtryInf></Ntry><Ntry><Amt Ccy="GBP">400.00</Amt><CdtDbtInd>CRDT</CdtDbtInd><Sts>BOOK</Sts><BookgDt><Dt>2018-09-20</Dt></BookgDt><BkTxCd><Prtry><Cd>SIP UKBA CR 40269</Cd></Prtry></BkTxCd><TxDtls><Refs><EndToEndId>NOREF</EndToEndId><TxId>180920114253906827</TxId></Refs><RltdPties><Dbtr><Nm>Robert Baffour-Awuah</Nm></Dbtr><DbtrAcct><Id><PrtryAcct><Id>30808716515860</Id></PrtryAcct></Id></DbtrAcct><Cdtr><Nm>Travel Centre</Nm></Cdtr><CdtrAcct><Id><PrtryAcct><Id>23008200225369</Id></PrtryAcct></Id></CdtrAcct><Prtry><Tp>Robert Baffour-Awu</Tp><Pty/></Prtry></RltdPties><RmtInf><Strd><AddtlRmtInf>NO REF</AddtlRmtInf></Strd><Strd><AddtlRmtInf>Robert Baffour-Awu//Robert Baffour-Awu</AddtlRmtInf></Strd></RmtInf><RltdDts><TxDtTm>2018-09-20T11:42:51</TxDtTm></RltdDts><AddtlTxInf>1809201142539068271020180920826308087</AddtlTxInf></TxDtls><AddtlNtryInf>COMPLETE//0000//001//CREDIT</AddtlNtryInf></Ntry><Ntry><Amt Ccy="GBP">167.82</Amt><CdtDbtInd>CRDT</CdtDbtInd><Sts>BOOK</Sts><BookgDt><Dt>2018-09-20</Dt></BookgDt><BkTxCd><Prtry><Cd>SIP UKBA CR 40269</Cd></Prtry></BkTxCd><TxDtls><Refs><EndToEndId>NOREF</EndToEndId><TxId>43114315501183000N</TxId><Prtry><Tp>STO REF</Tp><Ref>0000</Ref></Prtry></Refs><RltdPties><Dbtr><Nm>DWPGB UC FASTER PA</Nm></Dbtr><DbtrAcct><Id><PrtryAcct><Id>60708010025855</Id></PrtryAcct></Id></DbtrAcct><Cdtr><Nm>MR A ARZBEGI</Nm></Cdtr><CdtrAcct><Id><PrtryAcct><Id>23008200189225</Id></PrtryAcct></Id></CdtrAcct><Prtry><Tp>000R77C7U DWP UC</Tp><Pty/></Prtry></RltdPties><RmtInf><Strd><AddtlRmtInf>000R77C7U DWP UC</AddtlRmtInf></Strd><Strd><AddtlRmtInf>DWPGB UC FASTER PA//000R77C7U DWP UC</AddtlRmtInf></Strd></RmtInf><RltdDts><TxDtTm>2018-09-20T11:43:15</TxDtTm></RltdDts><AddtlTxInf>43114315501183000N1020180920826607080</AddtlTxInf></TxDtls><AddtlNtryInf>COMPLETE//0000//001//CREDIT</AddtlNtryInf></Ntry><Ntry><Amt Ccy="GBP">8.00</Amt><CdtDbtInd>CRDT</CdtDbtInd><Sts>BOOK</Sts><BookgDt><Dt>2018-09-20</Dt></BookgDt><BkTxCd><Prtry><Cd>SIP UKBA CR 40269</Cd></Prtry></BkTxCd><TxDtls><Refs><EndToEndId>NOREF</EndToEndId><TxId>300000000393938720</TxId></Refs><RltdPties><Dbtr><Nm>S Glew</Nm></Dbtr><DbtrAcct><Id><PrtryAcct><Id>11079800215623</Id></PrtryAcct></Id></DbtrAcct><Cdtr><Nm>MR S GLEW</Nm></Cdtr><CdtrAcct><Id><PrtryAcct><Id>23008200401146</Id></PrtryAcct></Id></CdtrAcct><Prtry><Tp>PAY NEW ACCOUNT</Tp><Pty/></Prtry></RltdPties><RmtInf><Strd><AddtlRmtInf>NO REF</AddtlRmtInf></Strd><Strd><AddtlRmtInf>S Glew//PAY NEW ACCOUNT</AddtlRmtInf></Strd></RmtInf><RltdDts><TxDtTm>2018-09-20T11:47:37</TxDtTm></RltdDts><AddtlTxInf>3000000003939387201020180920826110798</AddtlTxInf></TxDtls><AddtlNtryInf>COMPLETE//0000//001//CREDIT</AddtlNtryInf></Ntry><Ntry><Amt Ccy="GBP">0.01</Amt><CdtDbtInd>CRDT</CdtDbtInd><Sts>BOOK</Sts><BookgDt><Dt>2018-09-20</Dt></BookgDt><BkTxCd><Prtry><Cd>SIP UKBA CR 40269</Cd></Prtry></BkTxCd><TxDtls><Refs><EndToEndId>PPRD00000000AORW7M</EndToEndId><TxId>PPRD00000000AORW7M</TxId></Refs><RltdPties><Dbtr><Nm>PAYPAL CODE 3909</Nm><PstlAdr><AdrLine>2211 N 1st Street San Jose CA 95131</AdrLine><Ctry/></PstlAdr></Dbtr><DbtrAcct><Id><PrtryAcct><Id>23526285010101</Id></PrtryAcct></Id></DbtrAcct><Cdtr><Nm>Mark Brown</Nm><PstlAdr><AdrLine>87 The Green</AdrLine><Ctry/></PstlAdr></Cdtr><CdtrAcct><Id><PrtryAcct><Id>23008200454532</Id></PrtryAcct></Id></CdtrAcct><Prtry><Tp>PAYPAL CODE 3909</Tp><Pty/></Prtry></RltdPties><RmtInf><Strd><RfrdDocInf><RfrdDocTp><Prtry>002</Prtry></RfrdDocTp></RfrdDocInf><AddtlRmtInf>NO REF</AddtlRmtInf></Strd><Strd><AddtlRmtInf>PAYPAL CODE 3909//PAYPAL CODE 3909</AddtlRmtInf></Strd></RmtInf><RltdDts><TxDtTm>2018-09-20T11:49:12</TxDtTm></RltdDts><AddtlTxInf>PPRD00000000AORW7M1020180920826235262</AddtlTxInf></TxDtls><AddtlNtryInf>COMPLETE//0000//001//CREDIT</AddtlNtryInf></Ntry><Ntry><Amt Ccy="GBP">180.00</Amt><CdtDbtInd>CRDT</CdtDbtInd><Sts>BOOK</Sts><BookgDt><Dt>2018-09-20</Dt></BookgDt><BkTxCd><Prtry><Cd>SIP UKBA CR 40269</Cd></Prtry></BkTxCd><TxDtls><Refs><EndToEndId>NOREF</EndToEndId><TxId>300000000393939462</TxId></Refs><RltdPties><Dbtr><Nm>J Leidla</Nm></Dbtr><DbtrAcct><Id><PrtryAcct><Id>77404266595562</Id></PrtryAcct></Id></DbtrAcct><Cdtr><Nm>CLEANSERV</Nm></Cdtr><CdtrAcct><Id><PrtryAcct><Id>23008200223628</Id></PrtryAcct></Id></CdtrAcct><Prtry><Tp>CLEANING</Tp><Pty/></Prtry></RltdPties><RmtInf><Strd><AddtlRmtInf>NO REF</AddtlRmtInf></Strd><Strd><AddtlRmtInf>J Leidla//CLEANING</AddtlRmtInf></Strd></RmtInf><RltdDts><TxDtTm>2018-09-20T11:50:17</TxDtTm></RltdDts><AddtlTxInf>3000000003939394621020180920826774042</AddtlTxInf></TxDtls><AddtlNtryInf>COMPLETE//0000//001//CREDIT</AddtlNtryInf></Ntry><Ntry><Amt Ccy="GBP">20.00</Amt><CdtDbtInd>CRDT</CdtDbtInd><Sts>BOOK</Sts><BookgDt><Dt>2018-09-20</Dt></BookgDt><BkTxCd><Prtry><Cd>SIP UKBA CR 40269</Cd></Prtry></BkTxCd><TxDtls><Refs><EndToEndId>PPWD00000000AORWOE</EndToEndId><TxId>PPWD00000000AORWOE</TxId></Refs><RltdPties><Dbtr><Nm>PayPal</Nm><PstlAdr><AdrLine>2211 N 1st Street San Jose CA 95131</AdrLine><Ctry/></PstlAdr></Dbtr><DbtrAcct><Id><PrtryAcct><Id>23526278959595</Id></PrtryAcct></Id></DbtrAcct><Cdtr><Nm>Soulful Records Ltd</Nm><PstlAdr><AdrLine>27 Commercial Street</AdrLine><Ctry/></PstlAdr></Cdtr><CdtrAcct><Id><PrtryAcct><Id>23008200035140</Id></PrtryAcct></Id></CdtrAcct><Prtry><Tp>PPWDL5FNJ2AL8FJ2ZQ</Tp><Pty/></Prtry></RltdPties><RmtInf><Strd><RfrdDocInf><RfrdDocTp><Prtry>002</Prtry></RfrdDocTp></RfrdDocInf><AddtlRmtInf>NO REF</AddtlRmtInf></Strd><Strd><AddtlRmtInf>PayPal//PPWDL5FNJ2AL8FJ2ZQ</AddtlRmtInf></Strd></RmtInf><RltdDts><TxDtTm>2018-09-20T11:50:36</TxDtTm></RltdDts><AddtlTxInf>PPWD00000000AORWOE1020180920826235262</AddtlTxInf></TxDtls><AddtlNtryInf>COMPLETE//0000//001//CREDIT</AddtlNtryInf></Ntry><Ntry><Amt Ccy="GBP">3000.00</Amt><CdtDbtInd>CRDT</CdtDbtInd><Sts>BOOK</Sts><BookgDt><Dt>2018-09-20</Dt></BookgDt><BkTxCd><Prtry><Cd>SIP UKBA CR 40269</Cd></Prtry></BkTxCd><TxDtls><Refs><EndToEndId>NOREF</EndToEndId><TxId>5212177505110290HN</TxId><Prtry><Tp>STO REF</Tp><Ref>0000</Ref></Prtry></Refs><RltdPties><Dbtr><Nm>PEAK CASHFLOW LIMITED</Nm></Dbtr><DbtrAcct><Id><PrtryAcct><Id>40182292022249</Id></PrtryAcct></Id></DbtrAcct><Cdtr><Nm>ROAD WISE TRAFFIC MANAGEMENT LTD</Nm></Cdtr><CdtrAcct><Id><PrtryAcct><Id>23008200223263</Id></PrtryAcct></Id></CdtrAcct></RltdPties><RmtInf><Strd><AddtlRmtInf>NO REF</AddtlRmtInf></Strd><Strd><AddtlRmtInf>PEAK CASHFLOW LIMI//</AddtlRmtInf></Strd></RmtInf><RltdDts><TxDtTm>2018-09-20T11:50:58</TxDtTm></RltdDts><AddtlTxInf>5212177505110290HN1020180920826401822</AddtlTxInf></TxDtls><AddtlNtryInf>COMPLETE//0000//001//CREDIT</AddtlNtryInf></Ntry><Ntry><Amt Ccy="GBP">136.25</Amt><CdtDbtInd>CRDT</CdtDbtInd><Sts>BOOK</Sts><BookgDt><Dt>2018-09-20</Dt></BookgDt><BkTxCd><Prtry><Cd>SIP UKBA CR 40269</Cd></Prtry></BkTxCd><TxDtls><Refs><EndToEndId>PPWD00000000AORXA1</EndToEndId><TxId>PPWD00000000AORXA1</TxId></Refs><RltdPties><Dbtr><Nm>PayPal</Nm><PstlAdr><AdrLine>2211 N 1st Street San Jose CA 95131</AdrLine><Ctry/></PstlAdr></Dbtr><DbtrAcct><Id><PrtryAcct><Id>23526278959595</Id></PrtryAcct></Id></DbtrAcct><Cdtr><Nm>Daryl Mckinley</Nm><PstlAdr><AdrLine>93 Miller Street</AdrLine><Ctry/></PstlAdr></Cdtr><CdtrAcct><Id><PrtryAcct><Id>23008200455801</Id></PrtryAcct></Id></CdtrAcct><Prtry><Tp>PPWDL5CDJ2AL8FJRPN</Tp><Pty/></Prtry></RltdPties><RmtInf><Strd><RfrdDocInf><RfrdDocTp><Prtry>002</Prtry></RfrdDocTp></RfrdDocInf><AddtlRmtInf>NO REF</AddtlRmtInf></Strd><Strd><AddtlRmtInf>PayPal//PPWDL5CDJ2AL8FJRPN</AddtlRmtInf></Strd></RmtInf><RltdDts><TxDtTm>2018-09-20T11:52:15</TxDtTm></RltdDts><AddtlTxInf>PPWD00000000AORXA11020180920826235262</AddtlTxInf></TxDtls><AddtlNtryInf>COMPLETE//0000//001//CREDIT</AddtlNtryInf></Ntry></Ntfctn></BkToCstmrDbtCdtNtfctnV01></Document>