<?xml version="1.0" encoding="UTF-8"?><Document xmlns:xsi="http://www.w3.org/2001/XMLSchema-instance" xmlns="urn:iso:std:iso:20022:tech:xsd:camt.054.001.01"><BkToCstmrDbtCdtNtfctnV01><GrpHdr><MsgId>80309K//13246</MsgId><CreDtTm>2018-09-24T00:00:00</CreDtTm></GrpHdr><Ntfctn><Id>80309K//13246//1</Id><CreDtTm>2018-09-24T00:00:00</CreDtTm><Acct><Id><PrtryAcct><Id>20594233939774</Id></PrtryAcct></Id><Ccy>GBP</Ccy></Acct><TxsSummry><TtlNtries><NbOfNtries>2</NbOfNtries><Sum>101.72</Sum></TtlNtries><TtlCdtNtries><NbOfNtries>2</NbOfNtries><Sum>101.72</Sum></TtlCdtNtries><TtlDbtNtries><NbOfNtries>0</NbOfNtries><Sum>0.00</Sum></TtlDbtNtries></TxsSummry><Ntry><Amt Ccy="GBP">98.72</Amt><CdtDbtInd>CRDT</CdtDbtInd><Sts>BOOK</Sts><BookgDt><Dt>2018-09-24</Dt></BookgDt><BkTxCd><Prtry><Cd>SIP UKBA CR 40269</Cd></Prtry></BkTxCd><TxDtls><Refs><EndToEndId>PPWD00000000APMI3E</EndToEndId><TxId>PPWD00000000APMI3E</TxId></Refs><RltdPties><Dbtr><Nm>PayPal</Nm><PstlAdr><AdrLine>2211 N 1st Street San Jose CA 95131</AdrLine><Ctry/></PstlAdr></Dbtr><DbtrAcct><Id><PrtryAcct><Id>23526278959595</Id></PrtryAcct></Id></DbtrAcct><Cdtr><Nm>Martin Stocks</Nm><PstlAdr><AdrLine>22 Hollow Lane</AdrLine><Ctry/></PstlAdr></Cdtr><CdtrAcct><Id><PrtryAcct><Id>23008200463188</Id></PrtryAcct></Id></CdtrAcct><Prtry><Tp>PPWDL46H22ALBAFYR4</Tp><Pty/></Prtry></RltdPties><RmtInf><Strd><RfrdDocInf><RfrdDocTp><Prtry>002</Prtry></RfrdDocTp></RfrdDocInf><AddtlRmtInf>NO REF</AddtlRmtInf></Strd><Strd><AddtlRmtInf>PayPal//PPWDL46H22ALBAFYR4</AddtlRmtInf></Strd></RmtInf><RltdDts><TxDtTm>2018-09-23T23:33:43</TxDtTm></RltdDts><AddtlTxInf>PPWD00000000APMI3E1020180923826235262</AddtlTxInf></TxDtls><AddtlNtryInf>COMPLETE//0000//003//CREDIT</AddtlNtryInf></Ntry><Ntry><Amt Ccy="GBP">3.00</Amt><CdtDbtInd>CRDT</CdtDbtInd><Sts>BOOK</Sts><BookgDt><Dt>2018-09-24</Dt></BookgDt><BkTxCd><Prtry><Cd>SIP UKBA CR 40269</Cd></Prtry></BkTxCd><TxDtls><Refs><EndToEndId>NOREF</EndToEndId><TxId>RP4659985172777800</TxId></Refs><RltdPties><Dbtr><Nm>EVOSOFT T/AS</Nm></Dbtr><DbtrAcct><Id><PrtryAcct><Id>20554133538753</Id></PrtryAcct></Id></DbtrAcct><Cdtr><Nm>A BAH</Nm></Cdtr><CdtrAcct><Id><PrtryAcct><Id>23008200018352</Id></PrtryAcct></Id></CdtrAcct><Prtry><Tp>AB</Tp><Pty/></Prtry></RltdPties><RmtInf><Strd><AddtlRmtInf>NO REF</AddtlRmtInf></Strd><Strd><AddtlRmtInf>EVOSOFT T/AS//AB</AddtlRmtInf></Strd></RmtInf><RltdDts><TxDtTm>2018-09-23T23:49:19</TxDtTm></RltdDts><AddtlTxInf>RP46599851727778001020180923826200026</AddtlTxInf></TxDtls><AddtlNtryInf>COMPLETE//0000//003//CREDIT</AddtlNtryInf></Ntry></Ntfctn></BkToCstmrDbtCdtNtfctnV01></Document>