<?xml version="1.0" encoding="UTF-8"?><Document xmlns:xsi="http://www.w3.org/2001/XMLSchema-instance" xmlns="urn:iso:std:iso:20022:tech:xsd:camt.054.001.01"><BkToCstmrDbtCdtNtfctnV01><GrpHdr><MsgId>80309K//12278</MsgId><CreDtTm>2018-09-01T14:00:00</CreDtTm></GrpHdr><Ntfctn><Id>80309K//12278//1</Id><CreDtTm>2018-09-01T14:00:00</CreDtTm><Acct><Id><PrtryAcct><Id>20594233939774</Id></PrtryAcct></Id><Ccy>GBP</Ccy></Acct><TxsSummry><TtlNtries><NbOfNtries>6</NbOfNtries><Sum>1776.84</Sum></TtlNtries><TtlCdtNtries><NbOfNtries>6</NbOfNtries><Sum>1776.84</Sum></TtlCdtNtries><TtlDbtNtries><NbOfNtries>0</NbOfNtries><Sum>0.00</Sum></TtlDbtNtries></TxsSummry><Ntry><Amt Ccy="GBP">25.48</Amt><CdtDbtInd>CRDT</CdtDbtInd><Sts>BOOK</Sts><BookgDt><Dt>2018-09-03</Dt></BookgDt><BkTxCd><Prtry><Cd>SIP UKBA CR 40269</Cd></Prtry></BkTxCd><TxDtls><Refs><EndToEndId>PPWD00000000AJZFR4</EndToEndId><TxId>PPWD00000000AJZFR4</TxId></Refs><RltdPties><Dbtr><Nm>PayPal</Nm><PstlAdr><AdrLine>2211 N 1st Street San Jose CA 95131</AdrLine><Ctry/></PstlAdr></Dbtr><DbtrAcct><Id><PrtryAcct><Id>23526278959595</Id></PrtryAcct></Id></DbtrAcct><Cdtr><Nm>Glenn Foster</Nm><PstlAdr><AdrLine>20 Holbrook Drive</AdrLine><Ctry/></PstlAdr></Cdtr><CdtrAcct><Id><PrtryAcct><Id>23008200304691</Id></PrtryAcct></Id></CdtrAcct><Prtry><Tp>PPWDL5KGJ2AKQ9LLML</Tp><Pty/></Prtry></RltdPties><RmtInf><Strd><RfrdDocInf><RfrdDocTp><Prtry>002</Prtry></RfrdDocTp></RfrdDocInf><AddtlRmtInf>NO REF</AddtlRmtInf></Strd><Strd><AddtlRmtInf>PayPal//PPWDL5KGJ2AKQ9LLML</AddtlRmtInf></Strd></RmtInf><RltdDts><TxDtTm>2018-09-01T13:38:20</TxDtTm></RltdDts><AddtlTxInf>PPWD00000000AJZFR41020180901826235262</AddtlTxInf></TxDtls><AddtlNtryInf>COMPLETE//0000//003//CREDIT</AddtlNtryInf></Ntry><Ntry><Amt Ccy="GBP">1571.36</Amt><CdtDbtInd>CRDT</CdtDbtInd><Sts>BOOK</Sts><BookgDt><Dt>2018-09-03</Dt></BookgDt><BkTxCd><Prtry><Cd>SIP UKBA CR 40269</Cd></Prtry></BkTxCd><TxDtls><Refs><EndToEndId>00151195632BBGZBBQ</EndToEndId><TxId>00151195632BBGZBBQ</TxId></Refs><RltdPties><Dbtr><Nm>D PUGH INVESTMENTS LIMITED</Nm></Dbtr><DbtrAcct><Id><PrtryAcct><Id>09012912026746</Id></PrtryAcct></Id></DbtrAcct><Cdtr><Nm>ZEPOS Limited</Nm></Cdtr><CdtrAcct><Id><PrtryAcct><Id>23008200222251</Id></PrtryAcct></Id></CdtrAcct><Prtry><Tp>1197</Tp><Pty/></Prtry></RltdPties><RmtInf><Strd><AddtlRmtInf>NO REF</AddtlRmtInf></Strd><Strd><AddtlRmtInf>D PUGH INVESTMENTS//1197</AddtlRmtInf></Strd></RmtInf><RltdDts><TxDtTm>2018-09-01T13:43:57</TxDtTm></RltdDts><AddtlTxInf>00151195632BBGZBBQ1020180901826090129</AddtlTxInf></TxDtls><AddtlNtryInf>COMPLETE//0000//003//CREDIT</AddtlNtryInf></Ntry><Ntry><Amt Ccy="GBP">10.00</Amt><CdtDbtInd>CRDT</CdtDbtInd><Sts>BOOK</Sts><BookgDt><Dt>2018-09-03</Dt></BookgDt><BkTxCd><Prtry><Cd>SIP UKBA CR 40269</Cd></Prtry></BkTxCd><TxDtls><Refs><EndToEndId>00151059632BBGKNSJ</EndToEndId><TxId>00151059632BBGKNSJ</TxId></Refs><RltdPties><Dbtr><Nm>LAETITIA MOREBY</Nm></Dbtr><DbtrAcct><Id><PrtryAcct><Id>09012838433989</Id></PrtryAcct></Id></DbtrAcct><Cdtr><Nm>theo</Nm></Cdtr><CdtrAcct><Id><PrtryAcct><Id>23008200343005</Id></PrtryAcct></Id></CdtrAcct><Prtry><Tp>papi</Tp><Pty/></Prtry></RltdPties><RmtInf><Strd><AddtlRmtInf>NO REF</AddtlRmtInf></Strd><Strd><AddtlRmtInf>LAETITIA MOREBY//papi</AddtlRmtInf></Strd></RmtInf><RltdDts><TxDtTm>2018-09-01T13:46:38</TxDtTm></RltdDts><AddtlTxInf>00151059632BBGKNSJ1020180901826090128</AddtlTxInf></TxDtls><AddtlNtryInf>COMPLETE//0000//003//CREDIT</AddtlNtryInf></Ntry><Ntry><Amt Ccy="GBP">125.00</Amt><CdtDbtInd>CRDT</CdtDbtInd><Sts>BOOK</Sts><BookgDt><Dt>2018-09-03</Dt></BookgDt><BkTxCd><Prtry><Cd>SIP UKBA CR 40269</Cd></Prtry></BkTxCd><TxDtls><Refs><EndToEndId>KAIDEN</EndToEndId><TxId>05134820957280000N</TxId><Prtry><Tp>STO REF</Tp><Ref>0000</Ref></Prtry></Refs><RltdPties><Dbtr><Nm>TURNER K</Nm></Dbtr><DbtrAcct><Id><PrtryAcct><Id>55503662141791</Id></PrtryAcct></Id></DbtrAcct><Cdtr><Nm>CARLA BYCRAFT</Nm></Cdtr><CdtrAcct><Id><PrtryAcct><Id>23008200292739</Id></PrtryAcct></Id></CdtrAcct><Prtry><Tp>KAIDEN</Tp><Pty/></Prtry></RltdPties><RmtInf><Strd><AddtlRmtInf>TURNER K          KAIDEN            VIA MOBILE - LVP</AddtlRmtInf></Strd><Strd><AddtlRmtInf>TURNER K//KAIDEN</AddtlRmtInf></Strd></RmtInf><RltdDts><TxDtTm>2018-09-01T13:48:21</TxDtTm></RltdDts><AddtlTxInf>05134820957280000N1020180901826555036</AddtlTxInf></TxDtls><AddtlNtryInf>COMPLETE//0000//003//CREDIT</AddtlNtryInf></Ntry><Ntry><Amt Ccy="GBP">15.00</Amt><CdtDbtInd>CRDT</CdtDbtInd><Sts>BOOK</Sts><BookgDt><Dt>2018-09-03</Dt></BookgDt><BkTxCd><Prtry><Cd>SIP UKBA CR 40269</Cd></Prtry></BkTxCd><TxDtls><Refs><EndToEndId>KAIDEN</EndToEndId><TxId>50135622272015000N</TxId><Prtry><Tp>STO REF</Tp><Ref>0000</Ref></Prtry></Refs><RltdPties><Dbtr><Nm>TURNER K</Nm></Dbtr><DbtrAcct><Id><PrtryAcct><Id>55503662141791</Id></PrtryAcct></Id></DbtrAcct><Cdtr><Nm>CARLA BYCRAFT</Nm></Cdtr><CdtrAcct><Id><PrtryAcct><Id>23008200292739</Id></PrtryAcct></Id></CdtrAcct><Prtry><Tp>KAIDEN</Tp><Pty/></Prtry></RltdPties><RmtInf><Strd><AddtlRmtInf>TURNER K          KAIDEN            VIA MOBILE - LVP</AddtlRmtInf></Strd><Strd><AddtlRmtInf>TURNER K//KAIDEN</AddtlRmtInf></Strd></RmtInf><RltdDts><TxDtTm>2018-09-01T13:56:22</TxDtTm></RltdDts><AddtlTxInf>50135622272015000N1020180901826555036</AddtlTxInf></TxDtls><AddtlNtryInf>COMPLETE//0000//003//CREDIT</AddtlNtryInf></Ntry><Ntry><Amt Ccy="GBP">30.00</Amt><CdtDbtInd>CRDT</CdtDbtInd><Sts>BOOK</Sts><BookgDt><Dt>2018-09-03</Dt></BookgDt><BkTxCd><Prtry><Cd>SIP UKBA CR 40269</Cd></Prtry></BkTxCd><TxDtls><Refs><EndToEndId>NOREF</EndToEndId><TxId>180901135745060287</TxId></Refs><RltdPties><Dbtr><Nm>Nina Reid</Nm></Dbtr><DbtrAcct><Id><PrtryAcct><Id>87704173889963</Id></PrtryAcct></Id></DbtrAcct><Cdtr><Nm>Mr Anthony ogunlesi</Nm></Cdtr><CdtrAcct><Id><PrtryAcct><Id>23008200375181</Id></PrtryAcct></Id></CdtrAcct></RltdPties><RmtInf><Strd><AddtlRmtInf>NO REF</AddtlRmtInf></Strd><Strd><AddtlRmtInf>Nina Reid//</AddtlRmtInf></Strd></RmtInf><RltdDts><TxDtTm>2018-09-01T13:57:42</TxDtTm></RltdDts><AddtlTxInf>1809011357450602871020180901826877041</AddtlTxInf></TxDtls><AddtlNtryInf>COMPLETE//0000//003//CREDIT</AddtlNtryInf></Ntry></Ntfctn></BkToCstmrDbtCdtNtfctnV01></Document>