<?xml version="1.0" encoding="UTF-8"?><Document xmlns:xsi="http://www.w3.org/2001/XMLSchema-instance" xmlns="urn:iso:std:iso:20022:tech:xsd:camt.054.001.01"><BkToCstmrDbtCdtNtfctnV01><GrpHdr><MsgId>80309K//13427</MsgId><CreDtTm>2018-09-28T03:00:00</CreDtTm></GrpHdr><Ntfctn><Id>80309K//13427//1</Id><CreDtTm>2018-09-28T03:00:00</CreDtTm><Acct><Id><PrtryAcct><Id>20594233939774</Id></PrtryAcct></Id><Ccy>GBP</Ccy></Acct><TxsSummry><TtlNtries><NbOfNtries>6</NbOfNtries><Sum>2710.29</Sum></TtlNtries><TtlCdtNtries><NbOfNtries>6</NbOfNtries><Sum>2710.29</Sum></TtlCdtNtries><TtlDbtNtries><NbOfNtries>0</NbOfNtries><Sum>0.00</Sum></TtlDbtNtries></TxsSummry><Ntry><Amt Ccy="GBP">1200.00</Amt><CdtDbtInd>CRDT</CdtDbtInd><Sts>BOOK</Sts><BookgDt><Dt>2018-09-28</Dt></BookgDt><BkTxCd><Prtry><Cd>SIP UKBA CR 40269</Cd></Prtry></BkTxCd><TxDtls><Refs><EndToEndId>VRSDEFUH</EndToEndId><TxId>41023427135282000N</TxId><Prtry><Tp>STO REF</Tp><Ref>0000</Ref></Prtry></Refs><RltdPties><Dbtr><Nm>TAYLOR CR</Nm></Dbtr><DbtrAcct><Id><PrtryAcct><Id>60031274711172</Id></PrtryAcct></Id></DbtrAcct><Cdtr><Nm>D ASCARIZ</Nm></Cdtr><CdtrAcct><Id><PrtryAcct><Id>23008200223829</Id></PrtryAcct></Id></CdtrAcct><Prtry><Tp>VRSDEFUH</Tp><Pty/></Prtry></RltdPties><RmtInf><Strd><AddtlRmtInf>TAYLOR CR         VRSDEFUH          VIA ONLINE - PYMT</AddtlRmtInf></Strd><Strd><AddtlRmtInf>TAYLOR CR//VRSDEFUH</AddtlRmtInf></Strd></RmtInf><RltdDts><TxDtTm>2018-09-28T02:34:27</TxDtTm></RltdDts><AddtlTxInf>41023427135282000N1020180928826600312</AddtlTxInf></TxDtls><AddtlNtryInf>COMPLETE//0000//003//CREDIT</AddtlNtryInf></Ntry><Ntry><Amt Ccy="GBP">180.00</Amt><CdtDbtInd>CRDT</CdtDbtInd><Sts>BOOK</Sts><BookgDt><Dt>2018-09-28</Dt></BookgDt><BkTxCd><Prtry><Cd>STO UKBA CR 40267</Cd></Prtry></BkTxCd><TxDtls><Refs><EndToEndId>NOREF</EndToEndId><TxId>YBSOX0243362501120</TxId></Refs><RltdPties><Dbtr><Nm>KAREN CALVERT</Nm></Dbtr><DbtrAcct><Id><PrtryAcct><Id>05070214077175</Id></PrtryAcct></Id></DbtrAcct><Cdtr><Nm>CAMERON CALVERT</Nm></Cdtr><CdtrAcct><Id><PrtryAcct><Id>23008200137682</Id></PrtryAcct></Id></CdtrAcct><Prtry><Tp>WAGE</Tp><Pty/></Prtry></RltdPties><RmtInf><Strd><RfrdDocInf><RfrdDocTp><Prtry>003</Prtry></RfrdDocTp></RfrdDocInf><AddtlRmtInf>NO REF</AddtlRmtInf></Strd><Strd><AddtlRmtInf>KAREN CALVERT//WAGE</AddtlRmtInf></Strd></RmtInf><RltdDts><TxDtTm>2018-09-28T02:43:37</TxDtTm></RltdDts><AddtlTxInf>YBSOX02433625011203020180928826050702</AddtlTxInf></TxDtls><AddtlNtryInf>COMPLETE//0000//003//CREDIT</AddtlNtryInf></Ntry><Ntry><Amt Ccy="GBP">249.00</Amt><CdtDbtInd>CRDT</CdtDbtInd><Sts>BOOK</Sts><BookgDt><Dt>2018-09-28</Dt></BookgDt><BkTxCd><Prtry><Cd>SIP UKBA CR 40269</Cd></Prtry></BkTxCd><TxDtls><Refs><EndToEndId>BILLS</EndToEndId><TxId>52024523756914000N</TxId><Prtry><Tp>STO REF</Tp><Ref>0000</Ref></Prtry></Refs><RltdPties><Dbtr><Nm>MORRISON LD</Nm></Dbtr><DbtrAcct><Id><PrtryAcct><Id>01095460611340</Id></PrtryAcct></Id></DbtrAcct><Cdtr><Nm>ARRO BILL CARD</Nm></Cdtr><CdtrAcct><Id><PrtryAcct><Id>23008200181249</Id></PrtryAcct></Id></CdtrAcct><Prtry><Tp>BILLS</Tp><Pty/></Prtry></RltdPties><RmtInf><Strd><AddtlRmtInf>MORRISON LD       BILLS             VIA MOBILE - LVP</AddtlRmtInf></Strd><Strd><AddtlRmtInf>MORRISON LD//BILLS</AddtlRmtInf></Strd></RmtInf><RltdDts><TxDtTm>2018-09-28T02:45:24</TxDtTm></RltdDts><AddtlTxInf>52024523756914000N1020180928826010954</AddtlTxInf></TxDtls><AddtlNtryInf>COMPLETE//0000//003//CREDIT</AddtlNtryInf></Ntry><Ntry><Amt Ccy="GBP">387.07</Amt><CdtDbtInd>CRDT</CdtDbtInd><Sts>BOOK</Sts><BookgDt><Dt>2018-09-28</Dt></BookgDt><BkTxCd><Prtry><Cd>FDP UKBA CR 40269</Cd></Prtry></BkTxCd><TxDtls><Refs><EndToEndId>NOREF</EndToEndId><TxId>27023250497350000N</TxId><Prtry><Tp>STO REF</Tp><Ref>0000</Ref></Prtry></Refs><RltdPties><Dbtr><Nm>ARCHITECTURAL STEE</Nm></Dbtr><DbtrAcct><Id><PrtryAcct><Id>01085255588581</Id></PrtryAcct></Id></DbtrAcct><Cdtr><Nm>STEPAN FIALA</Nm></Cdtr><CdtrAcct><Id><PrtryAcct><Id>23008200151944</Id></PrtryAcct></Id></CdtrAcct><Prtry><Tp>ARCH STEEL</Tp><Pty/></Prtry></RltdPties><RmtInf><Strd><AddtlRmtInf>ARCH STEEL</AddtlRmtInf></Strd><Strd><AddtlRmtInf>ARCHITECTURAL STEE//ARCH STEEL</AddtlRmtInf></Strd></RmtInf><RltdDts><TxDtTm>2018-09-28T02:46:14</TxDtTm></RltdDts><AddtlTxInf>27023250497350000N4020180928826010852</AddtlTxInf></TxDtls><AddtlNtryInf>COMPLETE//0000//003//CREDIT</AddtlNtryInf></Ntry><Ntry><Amt Ccy="GBP">222.66</Amt><CdtDbtInd>CRDT</CdtDbtInd><Sts>BOOK</Sts><BookgDt><Dt>2018-09-28</Dt></BookgDt><BkTxCd><Prtry><Cd>FDP UKBA CR 40269</Cd></Prtry></BkTxCd><TxDtls><Refs><EndToEndId>000000FT18270K1CF5</EndToEndId><TxId>000000FT18270K1CF5</TxId></Refs><RltdPties><Dbtr><Nm>PRO ACTIVE RECRUITMENT SERVICES LTD</Nm><PstlAdr><AdrLine>78 YORK STREET;LONDON</AdrLine><Ctry/></PstlAdr></Dbtr><DbtrAcct><Id><PrtryAcct><Id>23058011562183</Id></PrtryAcct></Id></DbtrAcct><Cdtr><Nm>Kennedy Richard</Nm><PstlAdr><AdrLine>WIRECARD;Newcastle Upon Tyne</AdrLine><Ctry/></PstlAdr></Cdtr><CdtrAcct><Id><PrtryAcct><Id>23008200362174</Id></PrtryAcct></Id></CdtrAcct><Prtry><Tp>Kennedy Richard</Tp><Pty/></Prtry></RltdPties><RmtInf><Strd><AddtlRmtInf>NO REF</AddtlRmtInf></Strd><Strd><AddtlRmtInf>PRO ACTIVE RECRUIT//Kennedy Richard</AddtlRmtInf></Strd></RmtInf><RltdDts><TxDtTm>2018-09-28T02:52:28</TxDtTm></RltdDts><AddtlTxInf>000000FT18270K1CF54020180928826230580</AddtlTxInf></TxDtls><AddtlNtryInf>COMPLETE//0000//003//CREDIT</AddtlNtryInf></Ntry><Ntry><Amt Ccy="GBP">471.56</Amt><CdtDbtInd>CRDT</CdtDbtInd><Sts>BOOK</Sts><BookgDt><Dt>2018-09-28</Dt></BookgDt><BkTxCd><Prtry><Cd>FDP UKBA CR 40269</Cd></Prtry></BkTxCd><TxDtls><Refs><EndToEndId>NOREF</EndToEndId><TxId>CBCBB0252552507874</TxId></Refs><RltdPties><Dbtr><Nm>TOUGH CONSTN LTD PAYROLL AC</Nm></Dbtr><DbtrAcct><Id><PrtryAcct><Id>82690230010067</Id></PrtryAcct></Id></DbtrAcct><Cdtr><Nm>MR J BRENNAN</Nm></Cdtr><CdtrAcct><Id><PrtryAcct><Id>23008200215264</Id></PrtryAcct></Id></CdtrAcct><Prtry><Tp>TOUGH CONSTRUCTION</Tp><Pty/></Prtry></RltdPties><RmtInf><Strd><RfrdDocInf><RfrdDocTp><Prtry>002</Prtry></RfrdDocTp></RfrdDocInf><AddtlRmtInf>NO REF</AddtlRmtInf></Strd><Strd><AddtlRmtInf>TOUGH CONSTN LTD P//TOUGH CONSTRUCTION</AddtlRmtInf></Strd></RmtInf><RltdDts><TxDtTm>2018-09-28T02:52:59</TxDtTm></RltdDts><AddtlTxInf>CBCBB02525525078744020180928826826902</AddtlTxInf></TxDtls><AddtlNtryInf>COMPLETE//0000//003//CREDIT</AddtlNtryInf></Ntry></Ntfctn></BkToCstmrDbtCdtNtfctnV01></Document>