<?xml version="1.0" encoding="UTF-8"?><Document xmlns:xsi="http://www.w3.org/2001/XMLSchema-instance" xmlns="urn:iso:std:iso:20022:tech:xsd:camt.054.001.01"><BkToCstmrDbtCdtNtfctnV01><GrpHdr><MsgId>80309K//12548</MsgId><CreDtTm>2018-09-07T14:30:00</CreDtTm></GrpHdr><Ntfctn><Id>80309K//12548//1</Id><CreDtTm>2018-09-07T14:30:00</CreDtTm><Acct><Id><PrtryAcct><Id>20594233939774</Id></PrtryAcct></Id><Ccy>GBP</Ccy></Acct><TxsSummry><TtlNtries><NbOfNtries>13</NbOfNtries><Sum>3008.74</Sum></TtlNtries><TtlCdtNtries><NbOfNtries>13</NbOfNtries><Sum>3008.74</Sum></TtlCdtNtries><TtlDbtNtries><NbOfNtries>0</NbOfNtries><Sum>0.00</Sum></TtlDbtNtries></TxsSummry><Ntry><Amt Ccy="GBP">30.00</Amt><CdtDbtInd>CRDT</CdtDbtInd><Sts>BOOK</Sts><BookgDt><Dt>2018-09-07</Dt></BookgDt><BkTxCd><Prtry><Cd>SIP UKBA CR 40269</Cd></Prtry></BkTxCd><TxDtls><Refs><EndToEndId>NOREF</EndToEndId><TxId>FP18250O14133463</TxId></Refs><RltdPties><Dbtr><Nm>Clark Andrew</Nm></Dbtr><DbtrAcct><Id><PrtryAcct><Id>07043640295428</Id></PrtryAcct></Id></DbtrAcct><Cdtr><Nm>AERO MONEY</Nm></Cdtr><CdtrAcct><Id><PrtryAcct><Id>23008200067366</Id></PrtryAcct></Id></CdtrAcct><Prtry><Tp>MASTERCARD</Tp><Pty/></Prtry></RltdPties><RmtInf><Strd><AddtlRmtInf>NO REF</AddtlRmtInf></Strd><Strd><AddtlRmtInf>Clark Andrew//MASTERCARD</AddtlRmtInf></Strd></RmtInf><RltdDts><TxDtTm>2018-09-07T14:00:41</TxDtTm></RltdDts><AddtlTxInf>FP18250O14133463  1020180907826070436</AddtlTxInf></TxDtls><AddtlNtryInf>COMPLETE//0000//002//CREDIT</AddtlNtryInf></Ntry><Ntry><Amt Ccy="GBP">114.00</Amt><CdtDbtInd>CRDT</CdtDbtInd><Sts>BOOK</Sts><BookgDt><Dt>2018-09-07</Dt></BookgDt><BkTxCd><Prtry><Cd>SIP UKBA CR 40269</Cd></Prtry></BkTxCd><TxDtls><Refs><EndToEndId>NOREF</EndToEndId><TxId>408890153041709001</TxId><Prtry><Tp>STO REF</Tp><Ref>0000</Ref></Prtry></Refs><RltdPties><Dbtr><Nm>MMD CLEAN LD</Nm></Dbtr><DbtrAcct><Id><PrtryAcct><Id>40171771581767</Id></PrtryAcct></Id></DbtrAcct><Cdtr><Nm>VICTOR DI GIORGIO</Nm></Cdtr><CdtrAcct><Id><PrtryAcct><Id>23008200178279</Id></PrtryAcct></Id></CdtrAcct><Prtry><Tp>SAL</Tp><Pty/></Prtry></RltdPties><RmtInf><Strd><AddtlRmtInf>NO REF</AddtlRmtInf></Strd><Strd><AddtlRmtInf>MMD CLEAN LD//SAL</AddtlRmtInf></Strd></RmtInf><RltdDts><TxDtTm>2018-09-07T14:03:51</TxDtTm></RltdDts><AddtlTxInf>4088901530417090011020180907826401717</AddtlTxInf></TxDtls><AddtlNtryInf>COMPLETE//0000//002//CREDIT</AddtlNtryInf></Ntry><Ntry><Amt Ccy="GBP">120.00</Amt><CdtDbtInd>CRDT</CdtDbtInd><Sts>BOOK</Sts><BookgDt><Dt>2018-09-07</Dt></BookgDt><BkTxCd><Prtry><Cd>SIP UKBA CR 40269</Cd></Prtry></BkTxCd><TxDtls><Refs><EndToEndId>00156498632BBDCFFW</EndToEndId><TxId>00156498632BBDCFFW</TxId></Refs><RltdPties><Dbtr><Nm>GERALDINE HOBBS</Nm></Dbtr><DbtrAcct><Id><PrtryAcct><Id>09012888156892</Id></PrtryAcct></Id></DbtrAcct><Cdtr><Nm>MISS G HOBBS</Nm></Cdtr><CdtrAcct><Id><PrtryAcct><Id>23008200403200</Id></PrtryAcct></Id></CdtrAcct><Prtry><Tp>me</Tp><Pty/></Prtry></RltdPties><RmtInf><Strd><AddtlRmtInf>NO REF</AddtlRmtInf></Strd><Strd><AddtlRmtInf>GERALDINE HOBBS//me</AddtlRmtInf></Strd></RmtInf><RltdDts><TxDtTm>2018-09-07T14:05:13</TxDtTm></RltdDts><AddtlTxInf>00156498632BBDCFFW1020180907826090128</AddtlTxInf></TxDtls><AddtlNtryInf>COMPLETE//0000//002//CREDIT</AddtlNtryInf></Ntry><Ntry><Amt Ccy="GBP">810.00</Amt><CdtDbtInd>CRDT</CdtDbtInd><Sts>BOOK</Sts><BookgDt><Dt>2018-09-07</Dt></BookgDt><BkTxCd><Prtry><Cd>DCA UKBA CR 40269</Cd></Prtry></BkTxCd><TxDtls><Refs><EndToEndId>NOREF</EndToEndId><TxId>000000013504171601</TxId><Prtry><Tp>STO REF</Tp><Ref>0000</Ref></Prtry></Refs><RltdPties><Dbtr><Nm>23327202669594</Nm></Dbtr><DbtrAcct><Id><PrtryAcct><Id>20594263428524</Id></PrtryAcct></Id></DbtrAcct><Cdtr><Nm>WHALEGLOBAL LIMITE</Nm></Cdtr><CdtrAcct><Id><PrtryAcct><Id>23008200037283</Id></PrtryAcct></Id></CdtrAcct><Prtry><Tp>BORROW</Tp><Pty/></Prtry></RltdPties><RmtInf><Strd><AddtlRmtInf>NO REF</AddtlRmtInf></Strd><Strd><AddtlRmtInf>23327202669594//BORROW</AddtlRmtInf></Strd></RmtInf><RltdDts><TxDtTm>2018-09-07T14:16:50</TxDtTm></RltdDts><AddtlTxInf>0000000135041716015020180907826205942</AddtlTxInf></TxDtls><AddtlNtryInf>COMPLETE//0000//002//CREDIT</AddtlNtryInf></Ntry><Ntry><Amt Ccy="GBP">450.00</Amt><CdtDbtInd>CRDT</CdtDbtInd><Sts>BOOK</Sts><BookgDt><Dt>2018-09-07</Dt></BookgDt><BkTxCd><Prtry><Cd>SIP UKBA CR 40269</Cd></Prtry></BkTxCd><TxDtls><Refs><EndToEndId>NOREF</EndToEndId><TxId>000000000127441968</TxId></Refs><RltdPties><Dbtr><Nm>WOLVERHAMPTON CITY CU LTD</Nm></Dbtr><DbtrAcct><Id><PrtryAcct><Id>08925067006047</Id></PrtryAcct></Id></DbtrAcct><Cdtr><Nm>PETER TATAR                        629 P</Nm><PstlAdr><AdrLine>629 Parkfield Road</AdrLine><Ctry/></PstlAdr></Cdtr><CdtrAcct><Id><PrtryAcct><Id>23008200171289</Id></PrtryAcct></Id></CdtrAcct><Prtry><Tp>8562</Tp><Pty/></Prtry></RltdPties><RmtInf><Strd><AddtlRmtInf>NO REF</AddtlRmtInf></Strd><Strd><AddtlRmtInf>WOLVERHAMPTON CITY//8562</AddtlRmtInf></Strd></RmtInf><RltdDts><TxDtTm>2018-09-07T14:20:43</TxDtTm></RltdDts><AddtlTxInf>0000000001274419681020180907826089250</AddtlTxInf></TxDtls><AddtlNtryInf>COMPLETE//0000//002//CREDIT</AddtlNtryInf></Ntry><Ntry><Amt Ccy="GBP">77.55</Amt><CdtDbtInd>CRDT</CdtDbtInd><Sts>BOOK</Sts><BookgDt><Dt>2018-09-07</Dt></BookgDt><BkTxCd><Prtry><Cd>DCA UKBA CR 40269</Cd></Prtry></BkTxCd><TxDtls><Refs><EndToEndId>NOREF</EndToEndId><TxId>000000013504250601</TxId><Prtry><Tp>STO REF</Tp><Ref>2512</Ref></Prtry></Refs><RltdPties><Dbtr><Nm>M BORGES</Nm></Dbtr><DbtrAcct><Id><PrtryAcct><Id>20035373152596</Id></PrtryAcct></Id></DbtrAcct><Cdtr><Nm>M. BORGES</Nm></Cdtr><CdtrAcct><Id><PrtryAcct><Id>23008200393000</Id></PrtryAcct></Id></CdtrAcct><Prtry><Tp>MARCELOV BORGES</Tp><Pty/></Prtry></RltdPties><RmtInf><Strd><AddtlRmtInf>NO REF</AddtlRmtInf></Strd><Strd><AddtlRmtInf>M BORGES//MARCELOV BORGES</AddtlRmtInf></Strd></RmtInf><RltdDts><TxDtTm>2018-09-07T14:22:22</TxDtTm></RltdDts><AddtlTxInf>0000000135042506015020180907826200353</AddtlTxInf></TxDtls><AddtlNtryInf>COMPLETE//0000//002//CREDIT</AddtlNtryInf></Ntry><Ntry><Amt Ccy="GBP">600.00</Amt><CdtDbtInd>CRDT</CdtDbtInd><Sts>BOOK</Sts><BookgDt><Dt>2018-09-07</Dt></BookgDt><BkTxCd><Prtry><Cd>DCA UKBA CR 40269</Cd></Prtry></BkTxCd><TxDtls><Refs><EndToEndId>NOREF</EndToEndId><TxId>000000013504228501</TxId><Prtry><Tp>STO REF</Tp><Ref>7849</Ref></Prtry></Refs><RltdPties><Dbtr><Nm>- PURPLEDOVE LIMIT</Nm></Dbtr><DbtrAcct><Id><PrtryAcct><Id>20035373152596</Id></PrtryAcct></Id></DbtrAcct><Cdtr><Nm>JONES O.  ARRO</Nm></Cdtr><CdtrAcct><Id><PrtryAcct><Id>23008200017263</Id></PrtryAcct></Id></CdtrAcct><Prtry><Tp>PAYMENT</Tp><Pty/></Prtry></RltdPties><RmtInf><Strd><AddtlRmtInf>NO REF</AddtlRmtInf></Strd><Strd><AddtlRmtInf>- PURPLEDOVE LIMIT//PAYMENT</AddtlRmtInf></Strd></RmtInf><RltdDts><TxDtTm>2018-09-07T14:22:22</TxDtTm></RltdDts><AddtlTxInf>0000000135042285015020180907826200353</AddtlTxInf></TxDtls><AddtlNtryInf>COMPLETE//0000//002//CREDIT</AddtlNtryInf></Ntry><Ntry><Amt Ccy="GBP">10.00</Amt><CdtDbtInd>CRDT</CdtDbtInd><Sts>BOOK</Sts><BookgDt><Dt>2018-09-07</Dt></BookgDt><BkTxCd><Prtry><Cd>DCA UKBA CR 40269</Cd></Prtry></BkTxCd><TxDtls><Refs><EndToEndId>NOREF</EndToEndId><TxId>000000013504228901</TxId><Prtry><Tp>STO REF</Tp><Ref>1269</Ref></Prtry></Refs><RltdPties><Dbtr><Nm>ROSMAH MOHD LANA</Nm></Dbtr><DbtrAcct><Id><PrtryAcct><Id>20035373152596</Id></PrtryAcct></Id></DbtrAcct><Cdtr><Nm>M. LTD</Nm></Cdtr><CdtrAcct><Id><PrtryAcct><Id>23008200224378</Id></PrtryAcct></Id></CdtrAcct><Prtry><Tp>TESTING PAYMENT</Tp><Pty/></Prtry></RltdPties><RmtInf><Strd><AddtlRmtInf>NO REF</AddtlRmtInf></Strd><Strd><AddtlRmtInf>ROSMAH MOHD LANA//TESTING PAYMENT</AddtlRmtInf></Strd></RmtInf><RltdDts><TxDtTm>2018-09-07T14:22:24</TxDtTm></RltdDts><AddtlTxInf>0000000135042289015020180907826200353</AddtlTxInf></TxDtls><AddtlNtryInf>COMPLETE//0000//002//CREDIT</AddtlNtryInf></Ntry><Ntry><Amt Ccy="GBP">498.00</Amt><CdtDbtInd>CRDT</CdtDbtInd><Sts>BOOK</Sts><BookgDt><Dt>2018-09-07</Dt></BookgDt><BkTxCd><Prtry><Cd>SIP UKBA CR 40269</Cd></Prtry></BkTxCd><TxDtls><Refs><EndToEndId>NOREF</EndToEndId><TxId>180907142232701545</TxId></Refs><RltdPties><Dbtr><Nm>Stanley Fosbeary</Nm></Dbtr><DbtrAcct><Id><PrtryAcct><Id>77300271080460</Id></PrtryAcct></Id></DbtrAcct><Cdtr><Nm>Credit</Nm></Cdtr><CdtrAcct><Id><PrtryAcct><Id>23008200163227</Id></PrtryAcct></Id></CdtrAcct><Prtry><Tp>BILL</Tp><Pty/></Prtry></RltdPties><RmtInf><Strd><AddtlRmtInf>NO REF</AddtlRmtInf></Strd><Strd><AddtlRmtInf>Stanley Fosbeary//BILL</AddtlRmtInf></Strd></RmtInf><RltdDts><TxDtTm>2018-09-07T14:22:30</TxDtTm></RltdDts><AddtlTxInf>1809071422327015451020180907826773002</AddtlTxInf></TxDtls><AddtlNtryInf>COMPLETE//0000//002//CREDIT</AddtlNtryInf></Ntry><Ntry><Amt Ccy="GBP">0.19</Amt><CdtDbtInd>CRDT</CdtDbtInd><Sts>BOOK</Sts><BookgDt><Dt>2018-09-07</Dt></BookgDt><BkTxCd><Prtry><Cd>SIP UKBA CR 40269</Cd></Prtry></BkTxCd><TxDtls><Refs><EndToEndId>NOREF</EndToEndId><TxId>300000000390540931</TxId></Refs><RltdPties><Dbtr><Nm>S Santos Ravara</Nm></Dbtr><DbtrAcct><Id><PrtryAcct><Id>11057512204564</Id></PrtryAcct></Id></DbtrAcct><Cdtr><Nm>MR EMMANUEL OJOMO</Nm></Cdtr><CdtrAcct><Id><PrtryAcct><Id>23008200433402</Id></PrtryAcct></Id></CdtrAcct><Prtry><Tp>TRIAL.</Tp><Pty/></Prtry></RltdPties><RmtInf><Strd><AddtlRmtInf>NO REF</AddtlRmtInf></Strd><Strd><AddtlRmtInf>S Santos Ravara//TRIAL.</AddtlRmtInf></Strd></RmtInf><RltdDts><TxDtTm>2018-09-07T14:26:24</TxDtTm></RltdDts><AddtlTxInf>3000000003905409311020180907826110575</AddtlTxInf></TxDtls><AddtlNtryInf>COMPLETE//0000//002//CREDIT</AddtlNtryInf></Ntry><Ntry><Amt Ccy="GBP">199.00</Amt><CdtDbtInd>CRDT</CdtDbtInd><Sts>BOOK</Sts><BookgDt><Dt>2018-09-07</Dt></BookgDt><BkTxCd><Prtry><Cd>SIP UKBA CR 40269</Cd></Prtry></BkTxCd><TxDtls><Refs><EndToEndId>PPWD00000000ALJYQA</EndToEndId><TxId>PPWD00000000ALJYQA</TxId></Refs><RltdPties><Dbtr><Nm>PayPal</Nm><PstlAdr><AdrLine>2211 N 1st Street San Jose CA 95131</AdrLine><Ctry/></PstlAdr></Dbtr><DbtrAcct><Id><PrtryAcct><Id>23526278959595</Id></PrtryAcct></Id></DbtrAcct><Cdtr><Nm>Lee Jones</Nm><PstlAdr><AdrLine>81 Auchenhove Crescent</AdrLine><Ctry/></PstlAdr></Cdtr><CdtrAcct><Id><PrtryAcct><Id>23008200076531</Id></PrtryAcct></Id></CdtrAcct><Prtry><Tp>PPWDL5L9J2AKVHQWAJ</Tp><Pty/></Prtry></RltdPties><RmtInf><Strd><RfrdDocInf><RfrdDocTp><Prtry>002</Prtry></RfrdDocTp></RfrdDocInf><AddtlRmtInf>NO REF</AddtlRmtInf></Strd><Strd><AddtlRmtInf>PayPal//PPWDL5L9J2AKVHQWAJ</AddtlRmtInf></Strd></RmtInf><RltdDts><TxDtTm>2018-09-07T14:27:49</TxDtTm></RltdDts><AddtlTxInf>PPWD00000000ALJYQA1020180907826235262</AddtlTxInf></TxDtls><AddtlNtryInf>COMPLETE//0000//002//CREDIT</AddtlNtryInf></Ntry><Ntry><Amt Ccy="GBP">20.00</Amt><CdtDbtInd>CRDT</CdtDbtInd><Sts>BOOK</Sts><BookgDt><Dt>2018-09-07</Dt></BookgDt><BkTxCd><Prtry><Cd>SIP UKBA CR 40269</Cd></Prtry></BkTxCd><TxDtls><Refs><EndToEndId>XXI</EndToEndId><TxId>20142848627982000N</TxId><Prtry><Tp>STO REF</Tp><Ref>0000</Ref></Prtry></Refs><RltdPties><Dbtr><Nm>DONAGHEY C</Nm></Dbtr><DbtrAcct><Id><PrtryAcct><Id>52210018905382</Id></PrtryAcct></Id></DbtrAcct><Cdtr><Nm>GEORGIA SAVAGE</Nm></Cdtr><CdtrAcct><Id><PrtryAcct><Id>23008200293180</Id></PrtryAcct></Id></CdtrAcct><Prtry><Tp>XXI</Tp><Pty/></Prtry></RltdPties><RmtInf><Strd><AddtlRmtInf>DONAGHEY C        XXI               VIA ONLINE - PYMT</AddtlRmtInf></Strd><Strd><AddtlRmtInf>DONAGHEY C//XXI</AddtlRmtInf></Strd></RmtInf><RltdDts><TxDtTm>2018-09-07T14:28:49</TxDtTm></RltdDts><AddtlTxInf>20142848627982000N1020180907826522100</AddtlTxInf></TxDtls><AddtlNtryInf>COMPLETE//0000//002//CREDIT</AddtlNtryInf></Ntry><Ntry><Amt Ccy="GBP">80.00</Amt><CdtDbtInd>CRDT</CdtDbtInd><Sts>BOOK</Sts><BookgDt><Dt>2018-09-07</Dt></BookgDt><BkTxCd><Prtry><Cd>SIP UKBA CR 40269</Cd></Prtry></BkTxCd><TxDtls><Refs><EndToEndId>NOREF</EndToEndId><TxId>100000000385231680</TxId></Refs><RltdPties><Dbtr><Nm>S Harvie</Nm></Dbtr><DbtrAcct><Id><PrtryAcct><Id>80463501584710</Id></PrtryAcct></Id></DbtrAcct><Cdtr><Nm>XANAX</Nm></Cdtr><CdtrAcct><Id><PrtryAcct><Id>23008200402219</Id></PrtryAcct></Id></CdtrAcct><Prtry><Tp>ONLINE</Tp><Pty/></Prtry></RltdPties><RmtInf><Strd><AddtlRmtInf>NO REF</AddtlRmtInf></Strd><Strd><AddtlRmtInf>S Harvie//ONLINE</AddtlRmtInf></Strd></RmtInf><RltdDts><TxDtTm>2018-09-07T14:29:31</TxDtTm></RltdDts><AddtlTxInf>1000000003852316801020180907826804635</AddtlTxInf></TxDtls><AddtlNtryInf>COMPLETE//0000//002//CREDIT</AddtlNtryInf></Ntry></Ntfctn></BkToCstmrDbtCdtNtfctnV01></Document>