<?xml version="1.0" encoding="UTF-8"?><Document xmlns:xsi="http://www.w3.org/2001/XMLSchema-instance" xmlns="urn:iso:std:iso:20022:tech:xsd:camt.054.001.01"><BkToCstmrDbtCdtNtfctnV01><GrpHdr><MsgId>80309K//12494</MsgId><CreDtTm>2018-09-06T11:00:00</CreDtTm></GrpHdr><Ntfctn><Id>80309K//12494//1</Id><CreDtTm>2018-09-06T11:00:00</CreDtTm><Acct><Id><PrtryAcct><Id>20594233939774</Id></PrtryAcct></Id><Ccy>GBP</Ccy></Acct><TxsSummry><TtlNtries><NbOfNtries>11</NbOfNtries><Sum>2014.69</Sum></TtlNtries><TtlCdtNtries><NbOfNtries>11</NbOfNtries><Sum>2014.69</Sum></TtlCdtNtries><TtlDbtNtries><NbOfNtries>0</NbOfNtries><Sum>0.00</Sum></TtlDbtNtries></TxsSummry><Ntry><Amt Ccy="GBP">294.11</Amt><CdtDbtInd>CRDT</CdtDbtInd><Sts>BOOK</Sts><BookgDt><Dt>2018-09-06</Dt></BookgDt><BkTxCd><Prtry><Cd>FDP UKBA CR 40269</Cd></Prtry></BkTxCd><TxDtls><Refs><EndToEndId>NOREF</EndToEndId><TxId>4001678143016096CN</TxId><Prtry><Tp>STO REF</Tp><Ref>0000</Ref></Prtry></Refs><RltdPties><Dbtr><Nm>Lilliput Dunmurry</Nm><PstlAdr><AdrLine>Lilliput Dunmurry</AdrLine><Ctry/></PstlAdr></Dbtr><DbtrAcct><Id><PrtryAcct><Id>93842414308265</Id></PrtryAcct></Id></DbtrAcct><Cdtr><Nm>Kutysz K</Nm></Cdtr><CdtrAcct><Id><PrtryAcct><Id>23008200401281</Id></PrtryAcct></Id></CdtrAcct><Prtry><Tp>LILLIPUT</Tp><Pty/></Prtry></RltdPties><RmtInf><Strd><AddtlRmtInf>NO REF</AddtlRmtInf></Strd><Strd><AddtlRmtInf>Lilliput Dunmurry//LILLIPUT</AddtlRmtInf></Strd></RmtInf><RltdDts><TxDtTm>2018-09-06T10:34:19</TxDtTm></RltdDts><AddtlTxInf>4001678143016096CN4020180906826400250</AddtlTxInf></TxDtls><AddtlNtryInf>COMPLETE//0000//001//CREDIT</AddtlNtryInf></Ntry><Ntry><Amt Ccy="GBP">110.00</Amt><CdtDbtInd>CRDT</CdtDbtInd><Sts>BOOK</Sts><BookgDt><Dt>2018-09-06</Dt></BookgDt><BkTxCd><Prtry><Cd>SIP UKBA CR 40269</Cd></Prtry></BkTxCd><TxDtls><Refs><EndToEndId>PPWD00000000AL7TRE</EndToEndId><TxId>PPWD00000000AL7TRE</TxId></Refs><RltdPties><Dbtr><Nm>PayPal</Nm><PstlAdr><AdrLine>2211 N 1st Street San Jose CA 95131</AdrLine><Ctry/></PstlAdr></Dbtr><DbtrAcct><Id><PrtryAcct><Id>23526278959595</Id></PrtryAcct></Id></DbtrAcct><Cdtr><Nm>Richard Christopher McVitty</Nm><PstlAdr><AdrLine>20 Colburn Avenue</AdrLine><Ctry/></PstlAdr></Cdtr><CdtrAcct><Id><PrtryAcct><Id>23008200223901</Id></PrtryAcct></Id></CdtrAcct><Prtry><Tp>PPWDL4W7J2AKTGYCUE</Tp><Pty/></Prtry></RltdPties><RmtInf><Strd><RfrdDocInf><RfrdDocTp><Prtry>002</Prtry></RfrdDocTp></RfrdDocInf><AddtlRmtInf>NO REF</AddtlRmtInf></Strd><Strd><AddtlRmtInf>PayPal//PPWDL4W7J2AKTGYCUE</AddtlRmtInf></Strd></RmtInf><RltdDts><TxDtTm>2018-09-06T10:35:43</TxDtTm></RltdDts><AddtlTxInf>PPWD00000000AL7TRE1020180906826235262</AddtlTxInf></TxDtls><AddtlNtryInf>COMPLETE//0000//001//CREDIT</AddtlNtryInf></Ntry><Ntry><Amt Ccy="GBP">290.00</Amt><CdtDbtInd>CRDT</CdtDbtInd><Sts>BOOK</Sts><BookgDt><Dt>2018-09-06</Dt></BookgDt><BkTxCd><Prtry><Cd>SIP UKBA CR 40269</Cd></Prtry></BkTxCd><TxDtls><Refs><EndToEndId>PPWD00000000AL7XZM</EndToEndId><TxId>PPWD00000000AL7XZM</TxId></Refs><RltdPties><Dbtr><Nm>PayPal</Nm><PstlAdr><AdrLine>2211 N 1st Street San Jose CA 95131</AdrLine><Ctry/></PstlAdr></Dbtr><DbtrAcct><Id><PrtryAcct><Id>23526278959595</Id></PrtryAcct></Id></DbtrAcct><Cdtr><Nm>nicholas jones</Nm><PstlAdr><AdrLine>56 Harold Street</AdrLine><Ctry/></PstlAdr></Cdtr><CdtrAcct><Id><PrtryAcct><Id>23008200351123</Id></PrtryAcct></Id></CdtrAcct><Prtry><Tp>PPWDL4J322AKUE2VBE</Tp><Pty/></Prtry></RltdPties><RmtInf><Strd><RfrdDocInf><RfrdDocTp><Prtry>002</Prtry></RfrdDocTp></RfrdDocInf><AddtlRmtInf>NO REF</AddtlRmtInf></Strd><Strd><AddtlRmtInf>PayPal//PPWDL4J322AKUE2VBE</AddtlRmtInf></Strd></RmtInf><RltdDts><TxDtTm>2018-09-06T10:42:35</TxDtTm></RltdDts><AddtlTxInf>PPWD00000000AL7XZM1020180906826235262</AddtlTxInf></TxDtls><AddtlNtryInf>COMPLETE//0000//001//CREDIT</AddtlNtryInf></Ntry><Ntry><Amt Ccy="GBP">60.00</Amt><CdtDbtInd>CRDT</CdtDbtInd><Sts>BOOK</Sts><BookgDt><Dt>2018-09-06</Dt></BookgDt><BkTxCd><Prtry><Cd>SIP UKBA CR 40269</Cd></Prtry></BkTxCd><TxDtls><Refs><EndToEndId>BOARD</EndToEndId><TxId>18104250284018000N</TxId><Prtry><Tp>STO REF</Tp><Ref>0000</Ref></Prtry></Refs><RltdPties><Dbtr><Nm>RYAN R</Nm></Dbtr><DbtrAcct><Id><PrtryAcct><Id>60094781490968</Id></PrtryAcct></Id></DbtrAcct><Cdtr><Nm>JACKIE</Nm></Cdtr><CdtrAcct><Id><PrtryAcct><Id>23008200297448</Id></PrtryAcct></Id></CdtrAcct><Prtry><Tp>BOARD</Tp><Pty/></Prtry></RltdPties><RmtInf><Strd><AddtlRmtInf>RYAN R            BOARD             VIA MOBILE - LVP</AddtlRmtInf></Strd><Strd><AddtlRmtInf>RYAN R//BOARD</AddtlRmtInf></Strd></RmtInf><RltdDts><TxDtTm>2018-09-06T10:42:50</TxDtTm></RltdDts><AddtlTxInf>18104250284018000N1020180906826600947</AddtlTxInf></TxDtls><AddtlNtryInf>COMPLETE//0000//001//CREDIT</AddtlNtryInf></Ntry><Ntry><Amt Ccy="GBP">721.00</Amt><CdtDbtInd>CRDT</CdtDbtInd><Sts>BOOK</Sts><BookgDt><Dt>2018-09-06</Dt></BookgDt><BkTxCd><Prtry><Cd>SIP UKBA CR 40269</Cd></Prtry></BkTxCd><TxDtls><Refs><EndToEndId>00153425632BVXDRHY</EndToEndId><TxId>00153425632BVXDRHY</TxId></Refs><RltdPties><Dbtr><Nm>JOHNSON ADEBAYO</Nm></Dbtr><DbtrAcct><Id><PrtryAcct><Id>09012904500872</Id></PrtryAcct></Id></DbtrAcct><Cdtr><Nm>TANNES SOLUTIONS</Nm></Cdtr><CdtrAcct><Id><PrtryAcct><Id>23008200220991</Id></PrtryAcct></Id></CdtrAcct><Prtry><Tp>Johnson Adebayo</Tp><Pty/></Prtry></RltdPties><RmtInf><Strd><AddtlRmtInf>NO REF</AddtlRmtInf></Strd><Strd><AddtlRmtInf>JOHNSON ADEBAYO//Johnson Adebayo</AddtlRmtInf></Strd></RmtInf><RltdDts><TxDtTm>2018-09-06T10:42:58</TxDtTm></RltdDts><AddtlTxInf>00153425632BVXDRHY1020180906826090129</AddtlTxInf></TxDtls><AddtlNtryInf>COMPLETE//0000//001//CREDIT</AddtlNtryInf></Ntry><Ntry><Amt Ccy="GBP">46.17</Amt><CdtDbtInd>CRDT</CdtDbtInd><Sts>BOOK</Sts><BookgDt><Dt>2018-09-06</Dt></BookgDt><BkTxCd><Prtry><Cd>SIP UKBA CR 40269</Cd></Prtry></BkTxCd><TxDtls><Refs><EndToEndId>NOREF</EndToEndId><TxId>10486714740181F7SW</TxId><Prtry><Tp>STO REF</Tp><Ref>0000</Ref></Prtry></Refs><RltdPties><Dbtr><Nm>THE CURRENCY CLOUD LTD</Nm><PstlAdr><AdrLine>THE STEWARD BUILDING;</AdrLine><AdrLine>12 STEWARD STREET;</AdrLine><AdrLine>LONDON E1 6FQ, ENGLAND</AdrLine><Ctry/></PstlAdr></Dbtr><DbtrAcct><Id><PrtryAcct><Id>40486561174020</Id></PrtryAcct></Id></DbtrAcct><Cdtr><Nm>TAKUDZWA GONDO</Nm></Cdtr><CdtrAcct><Id><PrtryAcct><Id>23008200223041</Id></PrtryAcct></Id></CdtrAcct><Prtry><Tp>TK GONDO</Tp><Pty/></Prtry></RltdPties><RmtInf><Strd><AddtlRmtInf>NO REF</AddtlRmtInf></Strd><Strd><AddtlRmtInf>THE CURRENCY CLOUD//TK GONDO</AddtlRmtInf></Strd></RmtInf><RltdDts><TxDtTm>2018-09-06T10:47:56</TxDtTm></RltdDts><AddtlTxInf>10486714740181F7SW1020180906826400530</AddtlTxInf></TxDtls><AddtlNtryInf>COMPLETE//0000//001//CREDIT</AddtlNtryInf></Ntry><Ntry><Amt Ccy="GBP">21.00</Amt><CdtDbtInd>CRDT</CdtDbtInd><Sts>BOOK</Sts><BookgDt><Dt>2018-09-06</Dt></BookgDt><BkTxCd><Prtry><Cd>SIP UKBA CR 40269</Cd></Prtry></BkTxCd><TxDtls><Refs><EndToEndId>1389070008</EndToEndId><TxId>780322899500</TxId></Refs><RltdPties><DbtrAcct><Id><PrtryAcct><Id>18500818405549</Id></PrtryAcct></Id></DbtrAcct><Cdtr><Nm>Cameron Scott</Nm></Cdtr><CdtrAcct><Id><PrtryAcct><Id>23008200419280</Id></PrtryAcct></Id></CdtrAcct><Prtry><Tp>1389070008</Tp><Pty/></Prtry></RltdPties><RmtInf><Strd><RfrdDocInf><RfrdDocTp><Prtry>002</Prtry></RfrdDocTp></RfrdDocInf><AddtlRmtInf>1389070008</AddtlRmtInf></Strd><Strd><AddtlRmtInf>185008 18405549//1389070008</AddtlRmtInf></Strd></RmtInf><RltdDts><TxDtTm>2018-09-06T10:48:36</TxDtTm></RltdDts><AddtlTxInf>780322899500      1020180906826185008</AddtlTxInf></TxDtls><AddtlNtryInf>COMPLETE//0000//001//CREDIT</AddtlNtryInf></Ntry><Ntry><Amt Ccy="GBP">65.00</Amt><CdtDbtInd>CRDT</CdtDbtInd><Sts>BOOK</Sts><BookgDt><Dt>2018-09-06</Dt></BookgDt><BkTxCd><Prtry><Cd>SIP UKBA CR 40269</Cd></Prtry></BkTxCd><TxDtls><Refs><EndToEndId>NOREF</EndToEndId><TxId>RP4659983962874100</TxId></Refs><RltdPties><Dbtr><Nm>OWEN CDJ</Nm></Dbtr><DbtrAcct><Id><PrtryAcct><Id>20513220016586</Id></PrtryAcct></Id></DbtrAcct><Cdtr><Nm>MR D WESTON</Nm></Cdtr><CdtrAcct><Id><PrtryAcct><Id>23008200227883</Id></PrtryAcct></Id></CdtrAcct><Prtry><Tp>COOTZ</Tp><Pty/></Prtry></RltdPties><RmtInf><Strd><AddtlRmtInf>NO REF</AddtlRmtInf></Strd><Strd><AddtlRmtInf>OWEN CDJ//COOTZ</AddtlRmtInf></Strd></RmtInf><RltdDts><TxDtTm>2018-09-06T10:52:38</TxDtTm></RltdDts><AddtlTxInf>RP46599839628741001020180906826200026</AddtlTxInf></TxDtls><AddtlNtryInf>COMPLETE//0000//001//CREDIT</AddtlNtryInf></Ntry><Ntry><Amt Ccy="GBP">0.01</Amt><CdtDbtInd>CRDT</CdtDbtInd><Sts>BOOK</Sts><BookgDt><Dt>2018-09-06</Dt></BookgDt><BkTxCd><Prtry><Cd>SIP UKBA CR 40269</Cd></Prtry></BkTxCd><TxDtls><Refs><EndToEndId>PPRD00000000AL826O</EndToEndId><TxId>PPRD00000000AL826O</TxId></Refs><RltdPties><Dbtr><Nm>PAYPAL CODE 7624</Nm><PstlAdr><AdrLine>2211 N 1st Street San Jose CA 95131</AdrLine><Ctry/></PstlAdr></Dbtr><DbtrAcct><Id><PrtryAcct><Id>23526285010101</Id></PrtryAcct></Id></DbtrAcct><Cdtr><Nm>Leslie Strang</Nm><PstlAdr><AdrLine>32 Glen Mount</AdrLine><Ctry/></PstlAdr></Cdtr><CdtrAcct><Id><PrtryAcct><Id>23008200429801</Id></PrtryAcct></Id></CdtrAcct><Prtry><Tp>PAYPAL CODE 7624</Tp><Pty/></Prtry></RltdPties><RmtInf><Strd><RfrdDocInf><RfrdDocTp><Prtry>002</Prtry></RfrdDocTp></RfrdDocInf><AddtlRmtInf>NO REF</AddtlRmtInf></Strd><Strd><AddtlRmtInf>PAYPAL CODE 7624//PAYPAL CODE 7624</AddtlRmtInf></Strd></RmtInf><RltdDts><TxDtTm>2018-09-06T10:54:01</TxDtTm></RltdDts><AddtlTxInf>PPRD00000000AL826O1020180906826235262</AddtlTxInf></TxDtls><AddtlNtryInf>COMPLETE//0000//001//CREDIT</AddtlNtryInf></Ntry><Ntry><Amt Ccy="GBP">15.00</Amt><CdtDbtInd>CRDT</CdtDbtInd><Sts>BOOK</Sts><BookgDt><Dt>2018-09-06</Dt></BookgDt><BkTxCd><Prtry><Cd>SIP UKBA CR 40269</Cd></Prtry></BkTxCd><TxDtls><Refs><EndToEndId>NOREF</EndToEndId><TxId>000000000127352392</TxId></Refs><RltdPties><Dbtr><Nm>MR L A NEED</Nm></Dbtr><DbtrAcct><Id><PrtryAcct><Id>08910314185050</Id></PrtryAcct></Id></DbtrAcct><Cdtr><Nm>MR L NEED SAVING</Nm></Cdtr><CdtrAcct><Id><PrtryAcct><Id>23008200338418</Id></PrtryAcct></Id></CdtrAcct></RltdPties><RmtInf><Strd><AddtlRmtInf>NO REF</AddtlRmtInf></Strd><Strd><AddtlRmtInf>MR L A NEED//</AddtlRmtInf></Strd></RmtInf><RltdDts><TxDtTm>2018-09-06T10:56:42</TxDtTm></RltdDts><AddtlTxInf>0000000001273523921020180906826089103</AddtlTxInf></TxDtls><AddtlNtryInf>COMPLETE//0000//001//CREDIT</AddtlNtryInf></Ntry><Ntry><Amt Ccy="GBP">392.40</Amt><CdtDbtInd>CRDT</CdtDbtInd><Sts>BOOK</Sts><BookgDt><Dt>2018-09-06</Dt></BookgDt><BkTxCd><Prtry><Cd>SIP UKBA CR 40269</Cd></Prtry></BkTxCd><TxDtls><Refs><EndToEndId>NOREF</EndToEndId><TxId>300000000390103311</TxId></Refs><RltdPties><Dbtr><Nm>KWC (South West) L</Nm></Dbtr><DbtrAcct><Id><PrtryAcct><Id>30948055349760</Id></PrtryAcct></Id></DbtrAcct><Cdtr><Nm>MATT LIDBETTER CON</Nm></Cdtr><CdtrAcct><Id><PrtryAcct><Id>23008200222957</Id></PrtryAcct></Id></CdtrAcct><Prtry><Tp>KWC SOUTHWEST</Tp><Pty/></Prtry></RltdPties><RmtInf><Strd><AddtlRmtInf>NO REF</AddtlRmtInf></Strd><Strd><AddtlRmtInf>KWC (South West) L//KWC SOUTHWEST</AddtlRmtInf></Strd></RmtInf><RltdDts><TxDtTm>2018-09-06T10:56:46</TxDtTm></RltdDts><AddtlTxInf>3000000003901033111020180906826309480</AddtlTxInf></TxDtls><AddtlNtryInf>COMPLETE//0000//001//CREDIT</AddtlNtryInf></Ntry></Ntfctn></BkToCstmrDbtCdtNtfctnV01></Document>