<?xml version="1.0" encoding="UTF-8"?><Document xmlns:xsi="http://www.w3.org/2001/XMLSchema-instance" xmlns="urn:iso:std:iso:20022:tech:xsd:camt.054.001.01"><BkToCstmrDbtCdtNtfctnV01><GrpHdr><MsgId>80309K//12417</MsgId><CreDtTm>2018-09-04T17:00:00</CreDtTm></GrpHdr><Ntfctn><Id>80309K//12417//1</Id><CreDtTm>2018-09-04T17:00:00</CreDtTm><Acct><Id><PrtryAcct><Id>20594233939774</Id></PrtryAcct></Id><Ccy>GBP</Ccy></Acct><TxsSummry><TtlNtries><NbOfNtries>4</NbOfNtries><Sum>345.46</Sum></TtlNtries><TtlCdtNtries><NbOfNtries>4</NbOfNtries><Sum>345.46</Sum></TtlCdtNtries><TtlDbtNtries><NbOfNtries>0</NbOfNtries><Sum>0.00</Sum></TtlDbtNtries></TxsSummry><Ntry><Amt Ccy="GBP">225.00</Amt><CdtDbtInd>CRDT</CdtDbtInd><Sts>BOOK</Sts><BookgDt><Dt>2018-09-04</Dt></BookgDt><BkTxCd><Prtry><Cd>SIP UKBA CR 40269</Cd></Prtry></BkTxCd><AmtDtls><InstdAmt><Amt Ccy="USD">289.68</Amt><CcyXchg><SrcCcy>USD</SrcCcy><XchgRate>.776719</XchgRate></CcyXchg></InstdAmt></AmtDtls><TxDtls><Refs><EndToEndId>CONWELL TEAGAN</EndToEndId><TxId>TW0000000039216514</TxId></Refs><RltdPties><Dbtr><Nm>Teagan Conwell</Nm><PstlAdr><AdrLine>4000 Bunch Walnuts Rd;Chesapeake;</AdrLine><AdrLine>23322;VA;US</AdrLine><Ctry/></PstlAdr></Dbtr><DbtrAcct><Id><PrtryAcct><Id>4078028164</Id></PrtryAcct></Id></DbtrAcct><Cdtr><Nm>Mr Ioan Mortimer</Nm></Cdtr><CdtrAcct><Id><PrtryAcct><Id>23008200190930</Id></PrtryAcct></Id></CdtrAcct><Prtry><Tp>CONWELL TEAGAN</Tp><Pty/></Prtry></RltdPties><RltdAgts><DbtrAgt><FinInstnId><BIC>WFBIUS6S</BIC></FinInstnId></DbtrAgt></RltdAgts><RmtInf><Strd><AddtlRmtInf>NO REF</AddtlRmtInf></Strd><Strd><AddtlRmtInf>Teagan Conwell//CONWELL TEAGAN</AddtlRmtInf></Strd></RmtInf><RltdDts><TxDtTm>2018-09-04T16:32:05</TxDtTm></RltdDts><AddtlTxInf>TW00000000392165141020180904826231470</AddtlTxInf></TxDtls><AddtlNtryInf>COMPLETE//0000//002//CREDIT</AddtlNtryInf></Ntry><Ntry><Amt Ccy="GBP">90.00</Amt><CdtDbtInd>CRDT</CdtDbtInd><Sts>BOOK</Sts><BookgDt><Dt>2018-09-04</Dt></BookgDt><BkTxCd><Prtry><Cd>SIP UKBA CR 40269</Cd></Prtry></BkTxCd><TxDtls><Refs><EndToEndId>NOREF</EndToEndId><TxId>200000000384278803</TxId></Refs><RltdPties><Dbtr><Nm>C Moore</Nm></Dbtr><DbtrAcct><Id><PrtryAcct><Id>11000134397465</Id></PrtryAcct></Id></DbtrAcct><Cdtr><Nm>SAFFRON</Nm></Cdtr><CdtrAcct><Id><PrtryAcct><Id>23008200162670</Id></PrtryAcct></Id></CdtrAcct><Prtry><Tp>BILL</Tp><Pty/></Prtry></RltdPties><RmtInf><Strd><AddtlRmtInf>NO REF</AddtlRmtInf></Strd><Strd><AddtlRmtInf>C Moore//BILL</AddtlRmtInf></Strd></RmtInf><RltdDts><TxDtTm>2018-09-04T16:38:32</TxDtTm></RltdDts><AddtlTxInf>2000000003842788031020180904826110001</AddtlTxInf></TxDtls><AddtlNtryInf>COMPLETE//0000//002//CREDIT</AddtlNtryInf></Ntry><Ntry><Amt Ccy="GBP">21.00</Amt><CdtDbtInd>CRDT</CdtDbtInd><Sts>BOOK</Sts><BookgDt><Dt>2018-09-04</Dt></BookgDt><BkTxCd><Prtry><Cd>SIP UKBA CR 40269</Cd></Prtry></BkTxCd><TxDtls><Refs><EndToEndId>NOREF</EndToEndId><TxId>30164719326853000N</TxId><Prtry><Tp>STO REF</Tp><Ref>0000</Ref></Prtry></Refs><RltdPties><Dbtr><Nm>JIALIANG WU</Nm><PstlAdr><AdrLine>APS COTTONS CENTRE SE1 2QG</AdrLine><Ctry/></PstlAdr></Dbtr><DbtrAcct><Id><PrtryAcct><Id>08719937476437</Id></PrtryAcct></Id></DbtrAcct><Cdtr><Nm>JINGJUN ZHANG</Nm></Cdtr><CdtrAcct><Id><PrtryAcct><Id>23008200179048</Id></PrtryAcct></Id></CdtrAcct><Prtry><Tp>ZHANG</Tp><Pty/></Prtry></RltdPties><RmtInf><Strd><AddtlRmtInf>ZHANG</AddtlRmtInf></Strd><Strd><AddtlRmtInf>JIALIANG WU//ZHANG</AddtlRmtInf></Strd></RmtInf><RltdDts><TxDtTm>2018-09-04T16:47:19</TxDtTm></RltdDts><AddtlTxInf>30164719326853000N1020180904826087199</AddtlTxInf></TxDtls><AddtlNtryInf>COMPLETE//0000//002//CREDIT</AddtlNtryInf></Ntry><Ntry><Amt Ccy="GBP">9.46</Amt><CdtDbtInd>CRDT</CdtDbtInd><Sts>BOOK</Sts><BookgDt><Dt>2018-09-04</Dt></BookgDt><BkTxCd><Prtry><Cd>SIP UKBA CR 40269</Cd></Prtry></BkTxCd><TxDtls><Refs><EndToEndId>PPWD00000000AKRP4S</EndToEndId><TxId>PPWD00000000AKRP4S</TxId></Refs><RltdPties><Dbtr><Nm>PayPal</Nm><PstlAdr><AdrLine>2211 N 1st Street San Jose CA 95131</AdrLine><Ctry/></PstlAdr></Dbtr><DbtrAcct><Id><PrtryAcct><Id>23526278959595</Id></PrtryAcct></Id></DbtrAcct><Cdtr><Nm>Wayne Pritchard</Nm><PstlAdr><AdrLine>31 Whitworth Road</AdrLine><Ctry/></PstlAdr></Cdtr><CdtrAcct><Id><PrtryAcct><Id>23008200388590</Id></PrtryAcct></Id></CdtrAcct><Prtry><Tp>PPWDL5NPJ2AKQD4UFG</Tp><Pty/></Prtry></RltdPties><RmtInf><Strd><RfrdDocInf><RfrdDocTp><Prtry>002</Prtry></RfrdDocTp></RfrdDocInf><AddtlRmtInf>NO REF</AddtlRmtInf></Strd><Strd><AddtlRmtInf>PayPal//PPWDL5NPJ2AKQD4UFG</AddtlRmtInf></Strd></RmtInf><RltdDts><TxDtTm>2018-09-04T16:53:05</TxDtTm></RltdDts><AddtlTxInf>PPWD00000000AKRP4S1020180904826235262</AddtlTxInf></TxDtls><AddtlNtryInf>COMPLETE//0000//002//CREDIT</AddtlNtryInf></Ntry></Ntfctn></BkToCstmrDbtCdtNtfctnV01></Document>