<?xml version="1.0" encoding="UTF-8"?><Document xmlns:xsi="http://www.w3.org/2001/XMLSchema-instance" xmlns="urn:iso:std:iso:20022:tech:xsd:camt.054.001.01"><BkToCstmrDbtCdtNtfctnV01><GrpHdr><MsgId>80309K//13182</MsgId><CreDtTm>2018-09-22T11:30:00</CreDtTm></GrpHdr><Ntfctn><Id>80309K//13182//1</Id><CreDtTm>2018-09-22T11:30:00</CreDtTm><Acct><Id><PrtryAcct><Id>20594233939774</Id></PrtryAcct></Id><Ccy>GBP</Ccy></Acct><TxsSummry><TtlNtries><NbOfNtries>10</NbOfNtries><Sum>4420.75</Sum></TtlNtries><TtlCdtNtries><NbOfNtries>8</NbOfNtries><Sum>1327.42</Sum></TtlCdtNtries><TtlDbtNtries><NbOfNtries>2</NbOfNtries><Sum>3093.33</Sum></TtlDbtNtries></TxsSummry><Ntry><Amt Ccy="GBP">50.00</Amt><CdtDbtInd>CRDT</CdtDbtInd><Sts>BOOK</Sts><BookgDt><Dt>2018-09-24</Dt></BookgDt><BkTxCd><Prtry><Cd>FDP UKBA CR 40269</Cd></Prtry></BkTxCd><TxDtls><Refs><EndToEndId>NOREF</EndToEndId><TxId>679155500401229001</TxId><Prtry><Tp>STO REF</Tp><Ref>0000</Ref></Prtry></Refs><RltdPties><Dbtr><Nm>REPKA M</Nm></Dbtr><DbtrAcct><Id><PrtryAcct><Id>40011362128802</Id></PrtryAcct></Id></DbtrAcct><Cdtr><Nm>Fabio Amendola</Nm></Cdtr><CdtrAcct><Id><PrtryAcct><Id>23008200458353</Id></PrtryAcct></Id></CdtrAcct><Prtry><Tp>eurostar 01/10</Tp><Pty/></Prtry></RltdPties><RmtInf><Strd><AddtlRmtInf>NO REF</AddtlRmtInf></Strd><Strd><AddtlRmtInf>REPKA M//eurostar 01/10</AddtlRmtInf></Strd></RmtInf><RltdDts><TxDtTm>2018-09-22T11:00:00</TxDtTm></RltdDts><AddtlTxInf>6791555004012290014020180922826400113</AddtlTxInf></TxDtls><AddtlNtryInf>COMPLETE//0000//003//CREDIT</AddtlNtryInf></Ntry><Ntry><Amt Ccy="GBP">1020.00</Amt><CdtDbtInd>CRDT</CdtDbtInd><Sts>BOOK</Sts><BookgDt><Dt>2018-09-24</Dt></BookgDt><BkTxCd><Prtry><Cd>SIP UKBA CR 40269</Cd></Prtry></BkTxCd><TxDtls><Refs><EndToEndId>NOREF</EndToEndId><TxId>RP4679961978326200</TxId></Refs><RltdPties><Dbtr><Nm>OLATUNJI R R R</Nm></Dbtr><DbtrAcct><Id><PrtryAcct><Id>20729123804569</Id></PrtryAcct></Id></DbtrAcct><Cdtr><Nm>JEDIDIAH GLOBAL LO</Nm></Cdtr><CdtrAcct><Id><PrtryAcct><Id>23008200032558</Id></PrtryAcct></Id></CdtrAcct><Prtry><Tp>PRINCESS SEAFREIGT</Tp><Pty/></Prtry></RltdPties><RmtInf><Strd><AddtlRmtInf>NO REF</AddtlRmtInf></Strd><Strd><AddtlRmtInf>OLATUNJI R R R//PRINCESS SEAFREIGT</AddtlRmtInf></Strd></RmtInf><RltdDts><TxDtTm>2018-09-22T11:00:43</TxDtTm></RltdDts><AddtlTxInf>RP46799619783262001020180922826200026</AddtlTxInf></TxDtls><AddtlNtryInf>COMPLETE//0000//003//CREDIT</AddtlNtryInf></Ntry><Ntry><Amt Ccy="GBP">8.65</Amt><CdtDbtInd>CRDT</CdtDbtInd><Sts>BOOK</Sts><BookgDt><Dt>2018-09-24</Dt></BookgDt><BkTxCd><Prtry><Cd>SIP UKBA CR 40269</Cd></Prtry></BkTxCd><TxDtls><Refs><EndToEndId>00153425632BWDNNSQ</EndToEndId><TxId>00153425632BWDNNSQ</TxId></Refs><RltdPties><Dbtr><Nm>ELMEHDI GUERIAT</Nm></Dbtr><DbtrAcct><Id><PrtryAcct><Id>09012922106533</Id></PrtryAcct></Id></DbtrAcct><Cdtr><Nm>MEHDI GUERIAT</Nm></Cdtr><CdtrAcct><Id><PrtryAcct><Id>23008200248275</Id></PrtryAcct></Id></CdtrAcct><Prtry><Tp>arro card</Tp><Pty/></Prtry></RltdPties><RmtInf><Strd><AddtlRmtInf>NO REF</AddtlRmtInf></Strd><Strd><AddtlRmtInf>ELMEHDI GUERIAT//arro card</AddtlRmtInf></Strd></RmtInf><RltdDts><TxDtTm>2018-09-22T11:01:15</TxDtTm></RltdDts><AddtlTxInf>00153425632BWDNNSQ1020180922826090129</AddtlTxInf></TxDtls><AddtlNtryInf>COMPLETE//0000//003//CREDIT</AddtlNtryInf></Ntry><Ntry><Amt Ccy="GBP">1814.50</Amt><CdtDbtInd>DBIT</CdtDbtInd><Sts>BOOK</Sts><BookgDt><Dt>2018-09-24</Dt></BookgDt><BkTxCd><Prtry><Cd>AUT UKBA DR 30278</Cd></Prtry></BkTxCd><TxDtls><Refs><TxId>000000000337528200</TxId></Refs><RltdPties><DbtrAcct><Id><PrtryAcct><Id>20594233939774</Id></PrtryAcct></Id></DbtrAcct></RltdPties><RmtInf><Strd><AddtlRmtInf>NO REF</AddtlRmtInf></Strd><Strd><AddtlRmtInf>20180922A44639//7S      F123DTC319</AddtlRmtInf></Strd></RmtInf><RltdDts><TxDtTm>2018-09-22T11:01:38</TxDtTm></RltdDts><AddtlTxInf>0000000003375282000020180922826205942</AddtlTxInf></TxDtls><AddtlNtryInf>AUTHSENT//0000//003//DEBIT</AddtlNtryInf></Ntry><Ntry><Amt Ccy="GBP">1278.83</Amt><CdtDbtInd>DBIT</CdtDbtInd><Sts>BOOK</Sts><BookgDt><Dt>2018-09-24</Dt></BookgDt><BkTxCd><Prtry><Cd>AUT UKBA DR 30278</Cd></Prtry></BkTxCd><TxDtls><Refs><TxId>000000000337528300</TxId></Refs><RltdPties><DbtrAcct><Id><PrtryAcct><Id>20594233939774</Id></PrtryAcct></Id></DbtrAcct></RltdPties><RmtInf><Strd><AddtlRmtInf>NO REF</AddtlRmtInf></Strd><Strd><AddtlRmtInf>20180922A44639//7S      F121IVN317</AddtlRmtInf></Strd></RmtInf><RltdDts><TxDtTm>2018-09-22T11:01:46</TxDtTm></RltdDts><AddtlTxInf>0000000003375283000020180922826205942</AddtlTxInf></TxDtls><AddtlNtryInf>AUTHSENT//0000//003//DEBIT</AddtlNtryInf></Ntry><Ntry><Amt Ccy="GBP">4.00</Amt><CdtDbtInd>CRDT</CdtDbtInd><Sts>BOOK</Sts><BookgDt><Dt>2018-09-24</Dt></BookgDt><BkTxCd><Prtry><Cd>SIP UKBA CR 40269</Cd></Prtry></BkTxCd><TxDtls><Refs><EndToEndId>NOREF</EndToEndId><TxId>400000000395700614</TxId></Refs><RltdPties><Dbtr><Nm>A Grieze</Nm></Dbtr><DbtrAcct><Id><PrtryAcct><Id>30987155176462</Id></PrtryAcct></Id></DbtrAcct><Cdtr><Nm>ARTURS GRIEZE</Nm></Cdtr><CdtrAcct><Id><PrtryAcct><Id>23008200011000</Id></PrtryAcct></Id></CdtrAcct></RltdPties><RmtInf><Strd><AddtlRmtInf>NO REF</AddtlRmtInf></Strd><Strd><AddtlRmtInf>A Grieze//</AddtlRmtInf></Strd></RmtInf><RltdDts><TxDtTm>2018-09-22T11:05:00</TxDtTm></RltdDts><AddtlTxInf>4000000003957006141020180922826309871</AddtlTxInf></TxDtls><AddtlNtryInf>COMPLETE//0000//003//CREDIT</AddtlNtryInf></Ntry><Ntry><Amt Ccy="GBP">35.27</Amt><CdtDbtInd>CRDT</CdtDbtInd><Sts>BOOK</Sts><BookgDt><Dt>2018-09-24</Dt></BookgDt><BkTxCd><Prtry><Cd>SIP UKBA CR 40269</Cd></Prtry></BkTxCd><TxDtls><Refs><EndToEndId>PPWD00000000AP9R5E</EndToEndId><TxId>PPWD00000000AP9R5E</TxId></Refs><RltdPties><Dbtr><Nm>PayPal</Nm><PstlAdr><AdrLine>2211 N 1st Street San Jose CA 95131</AdrLine><Ctry/></PstlAdr></Dbtr><DbtrAcct><Id><PrtryAcct><Id>23526278959595</Id></PrtryAcct></Id></DbtrAcct><Cdtr><Nm>Zahid Khan</Nm><PstlAdr><AdrLine>17A Dickens Avenue</AdrLine><Ctry/></PstlAdr></Cdtr><CdtrAcct><Id><PrtryAcct><Id>23008200407568</Id></PrtryAcct></Id></CdtrAcct><Prtry><Tp>PPWDL5XVJ2ALA8AZDJ</Tp><Pty/></Prtry></RltdPties><RmtInf><Strd><RfrdDocInf><RfrdDocTp><Prtry>002</Prtry></RfrdDocTp></RfrdDocInf><AddtlRmtInf>NO REF</AddtlRmtInf></Strd><Strd><AddtlRmtInf>PayPal//PPWDL5XVJ2ALA8AZDJ</AddtlRmtInf></Strd></RmtInf><RltdDts><TxDtTm>2018-09-22T11:06:52</TxDtTm></RltdDts><AddtlTxInf>PPWD00000000AP9R5E1020180922826235262</AddtlTxInf></TxDtls><AddtlNtryInf>COMPLETE//0000//003//CREDIT</AddtlNtryInf></Ntry><Ntry><Amt Ccy="GBP">20.00</Amt><CdtDbtInd>CRDT</CdtDbtInd><Sts>BOOK</Sts><BookgDt><Dt>2018-09-24</Dt></BookgDt><BkTxCd><Prtry><Cd>SIP UKBA CR 40269</Cd></Prtry></BkTxCd><TxDtls><Refs><EndToEndId>00156085632BBFJWSD</EndToEndId><TxId>00156085632BBFJWSD</TxId></Refs><RltdPties><Dbtr><Nm>GHEORGHE DOCIU</Nm></Dbtr><DbtrAcct><Id><PrtryAcct><Id>09012921233931</Id></PrtryAcct></Id></DbtrAcct><Cdtr><Nm>MR F GHEORGHE</Nm></Cdtr><CdtrAcct><Id><PrtryAcct><Id>23008200444953</Id></PrtryAcct></Id></CdtrAcct><Prtry><Tp>pay</Tp><Pty/></Prtry></RltdPties><RmtInf><Strd><AddtlRmtInf>NO REF</AddtlRmtInf></Strd><Strd><AddtlRmtInf>GHEORGHE DOCIU//pay</AddtlRmtInf></Strd></RmtInf><RltdDts><TxDtTm>2018-09-22T11:17:45</TxDtTm></RltdDts><AddtlTxInf>00156085632BBFJWSD1020180922826090129</AddtlTxInf></TxDtls><AddtlNtryInf>COMPLETE//0000//003//CREDIT</AddtlNtryInf></Ntry><Ntry><Amt Ccy="GBP">167.50</Amt><CdtDbtInd>CRDT</CdtDbtInd><Sts>BOOK</Sts><BookgDt><Dt>2018-09-24</Dt></BookgDt><BkTxCd><Prtry><Cd>SIP UKBA CR 40269</Cd></Prtry></BkTxCd><TxDtls><Refs><EndToEndId>PPWD00000000AP9U5G</EndToEndId><TxId>PPWD00000000AP9U5G</TxId></Refs><RltdPties><Dbtr><Nm>PayPal</Nm><PstlAdr><AdrLine>2211 N 1st Street San Jose CA 95131</AdrLine><Ctry/></PstlAdr></Dbtr><DbtrAcct><Id><PrtryAcct><Id>23526278959595</Id></PrtryAcct></Id></DbtrAcct><Cdtr><Nm>Matthew Wingrove</Nm><PstlAdr><AdrLine>40 Dunthorne Way</AdrLine><Ctry/></PstlAdr></Cdtr><CdtrAcct><Id><PrtryAcct><Id>23008200417488</Id></PrtryAcct></Id></CdtrAcct><Prtry><Tp>PPWDL4B622AL7JJKUL</Tp><Pty/></Prtry></RltdPties><RmtInf><Strd><RfrdDocInf><RfrdDocTp><Prtry>002</Prtry></RfrdDocTp></RfrdDocInf><AddtlRmtInf>NO REF</AddtlRmtInf></Strd><Strd><AddtlRmtInf>PayPal//PPWDL4B622AL7JJKUL</AddtlRmtInf></Strd></RmtInf><RltdDts><TxDtTm>2018-09-22T11:21:30</TxDtTm></RltdDts><AddtlTxInf>PPWD00000000AP9U5G1020180922826235262</AddtlTxInf></TxDtls><AddtlNtryInf>COMPLETE//0000//003//CREDIT</AddtlNtryInf></Ntry><Ntry><Amt Ccy="GBP">22.00</Amt><CdtDbtInd>CRDT</CdtDbtInd><Sts>BOOK</Sts><BookgDt><Dt>2018-09-24</Dt></BookgDt><BkTxCd><Prtry><Cd>SIP UKBA CR 40269</Cd></Prtry></BkTxCd><TxDtls><Refs><EndToEndId>PPWD00000000AP9UH2</EndToEndId><TxId>PPWD00000000AP9UH2</TxId></Refs><RltdPties><Dbtr><Nm>PayPal</Nm><PstlAdr><AdrLine>2211 N 1st Street San Jose CA 95131</AdrLine><Ctry/></PstlAdr></Dbtr><DbtrAcct><Id><PrtryAcct><Id>23526278959595</Id></PrtryAcct></Id></DbtrAcct><Cdtr><Nm>Michelle Duggan</Nm><PstlAdr><AdrLine>27 Rowsby Court</AdrLine><Ctry/></PstlAdr></Cdtr><CdtrAcct><Id><PrtryAcct><Id>23008200323527</Id></PrtryAcct></Id></CdtrAcct><Prtry><Tp>PPWDL5P522AL7JK28L</Tp><Pty/></Prtry></RltdPties><RmtInf><Strd><RfrdDocInf><RfrdDocTp><Prtry>002</Prtry></RfrdDocTp></RfrdDocInf><AddtlRmtInf>NO REF</AddtlRmtInf></Strd><Strd><AddtlRmtInf>PayPal//PPWDL5P522AL7JK28L</AddtlRmtInf></Strd></RmtInf><RltdDts><TxDtTm>2018-09-22T11:22:40</TxDtTm></RltdDts><AddtlTxInf>PPWD00000000AP9UH21020180922826235262</AddtlTxInf></TxDtls><AddtlNtryInf>COMPLETE//0000//003//CREDIT</AddtlNtryInf></Ntry></Ntfctn></BkToCstmrDbtCdtNtfctnV01></Document>