<?xml version="1.0" encoding="UTF-8"?><Document xmlns:xsi="http://www.w3.org/2001/XMLSchema-instance" xmlns="urn:iso:std:iso:20022:tech:xsd:camt.054.001.01"><BkToCstmrDbtCdtNtfctnV01><GrpHdr><MsgId>80309K//12472</MsgId><CreDtTm>2018-09-05T23:30:00</CreDtTm></GrpHdr><Ntfctn><Id>80309K//12472//1</Id><CreDtTm>2018-09-05T23:30:00</CreDtTm><Acct><Id><PrtryAcct><Id>20594233939774</Id></PrtryAcct></Id><Ccy>GBP</Ccy></Acct><TxsSummry><TtlNtries><NbOfNtries>3</NbOfNtries><Sum>130.00</Sum></TtlNtries><TtlCdtNtries><NbOfNtries>3</NbOfNtries><Sum>130.00</Sum></TtlCdtNtries><TtlDbtNtries><NbOfNtries>0</NbOfNtries><Sum>0.00</Sum></TtlDbtNtries></TxsSummry><Ntry><Amt Ccy="GBP">20.00</Amt><CdtDbtInd>CRDT</CdtDbtInd><Sts>BOOK</Sts><BookgDt><Dt>2018-09-06</Dt></BookgDt><BkTxCd><Prtry><Cd>SIP UKBA CR 40269</Cd></Prtry></BkTxCd><TxDtls><Refs><EndToEndId>00157830632BBFXLXH</EndToEndId><TxId>00157830632BBFXLXH</TxId></Refs><RltdPties><Dbtr><Nm>MOBOLAJI DADA</Nm></Dbtr><DbtrAcct><Id><PrtryAcct><Id>09012780878278</Id></PrtryAcct></Id></DbtrAcct><Cdtr><Nm>DAMMY DADA</Nm></Cdtr><CdtrAcct><Id><PrtryAcct><Id>23008200049400</Id></PrtryAcct></Id></CdtrAcct><Prtry><Tp>FROM DAD</Tp><Pty/></Prtry></RltdPties><RmtInf><Strd><AddtlRmtInf>NO REF</AddtlRmtInf></Strd><Strd><AddtlRmtInf>MOBOLAJI DADA//FROM DAD</AddtlRmtInf></Strd></RmtInf><RltdDts><TxDtTm>2018-09-05T23:19:41</TxDtTm></RltdDts><AddtlTxInf>00157830632BBFXLXH1020180905826090127</AddtlTxInf></TxDtls><AddtlNtryInf>COMPLETE//0000//003//CREDIT</AddtlNtryInf></Ntry><Ntry><Amt Ccy="GBP">50.00</Amt><CdtDbtInd>CRDT</CdtDbtInd><Sts>BOOK</Sts><BookgDt><Dt>2018-09-06</Dt></BookgDt><BkTxCd><Prtry><Cd>SIP UKBA CR 40269</Cd></Prtry></BkTxCd><TxDtls><Refs><EndToEndId>NOREF</EndToEndId><TxId>500000000386335956</TxId></Refs><RltdPties><Dbtr><Nm>A Large</Nm></Dbtr><DbtrAcct><Id><PrtryAcct><Id>11066400174326</Id></PrtryAcct></Id></DbtrAcct><Cdtr><Nm>ANNE-MARIE LARGE</Nm></Cdtr><CdtrAcct><Id><PrtryAcct><Id>23008200427226</Id></PrtryAcct></Id></CdtrAcct><Prtry><Tp>ARRO</Tp><Pty/></Prtry></RltdPties><RmtInf><Strd><AddtlRmtInf>NO REF</AddtlRmtInf></Strd><Strd><AddtlRmtInf>A Large//ARRO</AddtlRmtInf></Strd></RmtInf><RltdDts><TxDtTm>2018-09-05T23:21:55</TxDtTm></RltdDts><AddtlTxInf>5000000003863359561020180905826110664</AddtlTxInf></TxDtls><AddtlNtryInf>COMPLETE//0000//003//CREDIT</AddtlNtryInf></Ntry><Ntry><Amt Ccy="GBP">60.00</Amt><CdtDbtInd>CRDT</CdtDbtInd><Sts>BOOK</Sts><BookgDt><Dt>2018-09-06</Dt></BookgDt><BkTxCd><Prtry><Cd>SIP UKBA CR 40269</Cd></Prtry></BkTxCd><TxDtls><Refs><EndToEndId>NOREF</EndToEndId><TxId>500000000386336350</TxId></Refs><RltdPties><Dbtr><Nm>M Pelteshka</Nm></Dbtr><DbtrAcct><Id><PrtryAcct><Id>11041800210996</Id></PrtryAcct></Id></DbtrAcct><Cdtr><Nm>DARINA NIKOLOVA</Nm></Cdtr><CdtrAcct><Id><PrtryAcct><Id>23008200016798</Id></PrtryAcct></Id></CdtrAcct><Prtry><Tp>CLEANING</Tp><Pty/></Prtry></RltdPties><RmtInf><Strd><AddtlRmtInf>NO REF</AddtlRmtInf></Strd><Strd><AddtlRmtInf>M Pelteshka//CLEANING</AddtlRmtInf></Strd></RmtInf><RltdDts><TxDtTm>2018-09-05T23:27:32</TxDtTm></RltdDts><AddtlTxInf>5000000003863363501020180905826110418</AddtlTxInf></TxDtls><AddtlNtryInf>COMPLETE//0000//003//CREDIT</AddtlNtryInf></Ntry></Ntfctn></BkToCstmrDbtCdtNtfctnV01></Document>