<?xml version="1.0" encoding="UTF-8"?><Document xmlns:xsi="http://www.w3.org/2001/XMLSchema-instance" xmlns="urn:iso:std:iso:20022:tech:xsd:camt.054.001.01"><BkToCstmrDbtCdtNtfctnV01><GrpHdr><MsgId>80309K//12992</MsgId><CreDtTm>2018-09-18T03:00:00</CreDtTm></GrpHdr><Ntfctn><Id>80309K//12992//1</Id><CreDtTm>2018-09-18T03:00:00</CreDtTm><Acct><Id><PrtryAcct><Id>20594233939774</Id></PrtryAcct></Id><Ccy>GBP</Ccy></Acct><TxsSummry><TtlNtries><NbOfNtries>3</NbOfNtries><Sum>1090.00</Sum></TtlNtries><TtlCdtNtries><NbOfNtries>3</NbOfNtries><Sum>1090.00</Sum></TtlCdtNtries><TtlDbtNtries><NbOfNtries>0</NbOfNtries><Sum>0.00</Sum></TtlDbtNtries></TxsSummry><Ntry><Amt Ccy="GBP">990.00</Amt><CdtDbtInd>CRDT</CdtDbtInd><Sts>BOOK</Sts><BookgDt><Dt>2018-09-18</Dt></BookgDt><BkTxCd><Prtry><Cd>FDP UKBA CR 40269</Cd></Prtry></BkTxCd><TxDtls><Refs><EndToEndId>NOREF</EndToEndId><TxId>37023122219565000N</TxId><Prtry><Tp>STO REF</Tp><Ref>0000</Ref></Prtry></Refs><RltdPties><Dbtr><Nm>CONTIS CARD SOLUTI</Nm></Dbtr><DbtrAcct><Id><PrtryAcct><Id>55501057081298</Id></PrtryAcct></Id></DbtrAcct><Cdtr><Nm>RATHORE TECH LTD</Nm></Cdtr><CdtrAcct><Id><PrtryAcct><Id>23008200222719</Id></PrtryAcct></Id></CdtrAcct><Prtry><Tp>REF/98505485</Tp><Pty/></Prtry></RltdPties><RmtInf><Strd><AddtlRmtInf>REF/98505485</AddtlRmtInf></Strd><Strd><AddtlRmtInf>CONTIS CARD SOLUTI//REF/98505485</AddtlRmtInf></Strd></RmtInf><RltdDts><TxDtTm>2018-09-18T02:31:42</TxDtTm></RltdDts><AddtlTxInf>37023122219565000N4020180918826555010</AddtlTxInf></TxDtls><AddtlNtryInf>COMPLETE//0000//003//CREDIT</AddtlNtryInf></Ntry><Ntry><Amt Ccy="GBP">50.00</Amt><CdtDbtInd>CRDT</CdtDbtInd><Sts>BOOK</Sts><BookgDt><Dt>2018-09-18</Dt></BookgDt><BkTxCd><Prtry><Cd>DCA UKBA CR 40269</Cd></Prtry></BkTxCd><TxDtls><Refs><EndToEndId>NOREF</EndToEndId><TxId>000000013590695101</TxId><Prtry><Tp>STO REF</Tp><Ref>8113</Ref></Prtry></Refs><RltdPties><Dbtr><Nm>M DE BRETT-SPEERS</Nm></Dbtr><DbtrAcct><Id><PrtryAcct><Id>20035373152596</Id></PrtryAcct></Id></DbtrAcct><Cdtr><Nm>MARK LENDEMAIN1</Nm></Cdtr><CdtrAcct><Id><PrtryAcct><Id>23008200355402</Id></PrtryAcct></Id></CdtrAcct><Prtry><Tp>MARK. ARRO LENDEMA</Tp><Pty/></Prtry></RltdPties><RmtInf><Strd><AddtlRmtInf>NO REF</AddtlRmtInf></Strd><Strd><AddtlRmtInf>M DE BRETT-SPEERS//MARK. ARRO LENDEMA</AddtlRmtInf></Strd></RmtInf><RltdDts><TxDtTm>2018-09-18T02:51:37</TxDtTm></RltdDts><AddtlTxInf>0000000135906951015020180918826200353</AddtlTxInf></TxDtls><AddtlNtryInf>COMPLETE//0000//003//CREDIT</AddtlNtryInf></Ntry><Ntry><Amt Ccy="GBP">50.00</Amt><CdtDbtInd>CRDT</CdtDbtInd><Sts>BOOK</Sts><BookgDt><Dt>2018-09-18</Dt></BookgDt><BkTxCd><Prtry><Cd>SIP UKBA CR 40269</Cd></Prtry></BkTxCd><TxDtls><Refs><EndToEndId>NOREF</EndToEndId><TxId>RP4679961628589200</TxId></Refs><RltdPties><Dbtr><Nm>SLATTER C</Nm></Dbtr><DbtrAcct><Id><PrtryAcct><Id>20262340758582</Id></PrtryAcct></Id></DbtrAcct><Cdtr><Nm>MR CHRIS SLATTER</Nm></Cdtr><CdtrAcct><Id><PrtryAcct><Id>23008200018934</Id></PrtryAcct></Id></CdtrAcct><Prtry><Tp>BANK</Tp><Pty/></Prtry></RltdPties><RmtInf><Strd><AddtlRmtInf>NO REF</AddtlRmtInf></Strd><Strd><AddtlRmtInf>SLATTER C//BANK</AddtlRmtInf></Strd></RmtInf><RltdDts><TxDtTm>2018-09-18T02:59:06</TxDtTm></RltdDts><AddtlTxInf>RP46799616285892001020180918826200026</AddtlTxInf></TxDtls><AddtlNtryInf>COMPLETE//0000//003//CREDIT</AddtlNtryInf></Ntry></Ntfctn></BkToCstmrDbtCdtNtfctnV01></Document>