<?xml version="1.0" encoding="UTF-8"?><Document xmlns:xsi="http://www.w3.org/2001/XMLSchema-instance" xmlns="urn:iso:std:iso:20022:tech:xsd:camt.054.001.01"><BkToCstmrDbtCdtNtfctnV01><GrpHdr><MsgId>80309K//12792</MsgId><CreDtTm>2018-09-13T11:00:00</CreDtTm></GrpHdr><Ntfctn><Id>80309K//12792//1</Id><CreDtTm>2018-09-13T11:00:00</CreDtTm><Acct><Id><PrtryAcct><Id>20594233939774</Id></PrtryAcct></Id><Ccy>GBP</Ccy></Acct><TxsSummry><TtlNtries><NbOfNtries>3</NbOfNtries><Sum>411.50</Sum></TtlNtries><TtlCdtNtries><NbOfNtries>3</NbOfNtries><Sum>411.50</Sum></TtlCdtNtries><TtlDbtNtries><NbOfNtries>0</NbOfNtries><Sum>0.00</Sum></TtlDbtNtries></TxsSummry><Ntry><Amt Ccy="GBP">259.50</Amt><CdtDbtInd>CRDT</CdtDbtInd><Sts>BOOK</Sts><BookgDt><Dt>2018-09-13</Dt></BookgDt><BkTxCd><Prtry><Cd>FDP UKBA CR 40269</Cd></Prtry></BkTxCd><TxDtls><Refs><EndToEndId>NOREF</EndToEndId><TxId>4110119523013227CN</TxId><Prtry><Tp>STO REF</Tp><Ref>0000</Ref></Prtry></Refs><RltdPties><Dbtr><Nm>Lilliput Dunmurry</Nm><PstlAdr><AdrLine>Lilliput Dunmurry</AdrLine><Ctry/></PstlAdr></Dbtr><DbtrAcct><Id><PrtryAcct><Id>93842414308265</Id></PrtryAcct></Id></DbtrAcct><Cdtr><Nm>Kutysz K</Nm></Cdtr><CdtrAcct><Id><PrtryAcct><Id>23008200401281</Id></PrtryAcct></Id></CdtrAcct><Prtry><Tp>LILLIPUT</Tp><Pty/></Prtry></RltdPties><RmtInf><Strd><AddtlRmtInf>NO REF</AddtlRmtInf></Strd><Strd><AddtlRmtInf>Lilliput Dunmurry//LILLIPUT</AddtlRmtInf></Strd></RmtInf><RltdDts><TxDtTm>2018-09-13T10:33:00</TxDtTm></RltdDts><AddtlTxInf>4110119523013227CN4020180913826400250</AddtlTxInf></TxDtls><AddtlNtryInf>COMPLETE//0000//001//CREDIT</AddtlNtryInf></Ntry><Ntry><Amt Ccy="GBP">2.00</Amt><CdtDbtInd>CRDT</CdtDbtInd><Sts>BOOK</Sts><BookgDt><Dt>2018-09-13</Dt></BookgDt><BkTxCd><Prtry><Cd>SIP UKBA CR 40269</Cd></Prtry></BkTxCd><TxDtls><Refs><EndToEndId>NOREF</EndToEndId><TxId>100000000386674659</TxId></Refs><RltdPties><Dbtr><Nm>J Shimwell</Nm></Dbtr><DbtrAcct><Id><PrtryAcct><Id>77081444948960</Id></PrtryAcct></Id></DbtrAcct><Cdtr><Nm>ARRO</Nm></Cdtr><CdtrAcct><Id><PrtryAcct><Id>23008200290979</Id></PrtryAcct></Id></CdtrAcct></RltdPties><RmtInf><Strd><AddtlRmtInf>NO REF</AddtlRmtInf></Strd><Strd><AddtlRmtInf>J Shimwell//</AddtlRmtInf></Strd></RmtInf><RltdDts><TxDtTm>2018-09-13T10:44:30</TxDtTm></RltdDts><AddtlTxInf>1000000003866746591020180913826770814</AddtlTxInf></TxDtls><AddtlNtryInf>COMPLETE//0000//001//CREDIT</AddtlNtryInf></Ntry><Ntry><Amt Ccy="GBP">150.00</Amt><CdtDbtInd>CRDT</CdtDbtInd><Sts>BOOK</Sts><BookgDt><Dt>2018-09-13</Dt></BookgDt><BkTxCd><Prtry><Cd>SIP UKBA CR 40269</Cd></Prtry></BkTxCd><TxDtls><Refs><EndToEndId>NIK</EndToEndId><TxId>09105742005328000N</TxId><Prtry><Tp>STO REF</Tp><Ref>0000</Ref></Prtry></Refs><RltdPties><Dbtr><Nm>LOVELL NS</Nm></Dbtr><DbtrAcct><Id><PrtryAcct><Id>60242089771583</Id></PrtryAcct></Id></DbtrAcct><Cdtr><Nm>N LOVELL</Nm></Cdtr><CdtrAcct><Id><PrtryAcct><Id>23008200376717</Id></PrtryAcct></Id></CdtrAcct><Prtry><Tp>NIK</Tp><Pty/></Prtry></RltdPties><RmtInf><Strd><AddtlRmtInf>LOVELL NS         NIK               VIA MOBILE - LVP</AddtlRmtInf></Strd><Strd><AddtlRmtInf>LOVELL NS//NIK</AddtlRmtInf></Strd></RmtInf><RltdDts><TxDtTm>2018-09-13T10:57:42</TxDtTm></RltdDts><AddtlTxInf>09105742005328000N1020180913826602420</AddtlTxInf></TxDtls><AddtlNtryInf>COMPLETE//0000//001//CREDIT</AddtlNtryInf></Ntry></Ntfctn></BkToCstmrDbtCdtNtfctnV01></Document>