<?xml version="1.0" encoding="UTF-8"?><Document xmlns:xsi="http://www.w3.org/2001/XMLSchema-instance" xmlns="urn:iso:std:iso:20022:tech:xsd:camt.054.001.01"><BkToCstmrDbtCdtNtfctnV01><GrpHdr><MsgId>80309K//13513</MsgId><CreDtTm>2018-09-30T03:30:00</CreDtTm></GrpHdr><Ntfctn><Id>80309K//13513//1</Id><CreDtTm>2018-09-30T03:30:00</CreDtTm><Acct><Id><PrtryAcct><Id>20594233939774</Id></PrtryAcct></Id><Ccy>GBP</Ccy></Acct><TxsSummry><TtlNtries><NbOfNtries>2</NbOfNtries><Sum>240.00</Sum></TtlNtries><TtlCdtNtries><NbOfNtries>2</NbOfNtries><Sum>240.00</Sum></TtlCdtNtries><TtlDbtNtries><NbOfNtries>0</NbOfNtries><Sum>0.00</Sum></TtlDbtNtries></TxsSummry><Ntry><Amt Ccy="GBP">20.00</Amt><CdtDbtInd>CRDT</CdtDbtInd><Sts>BOOK</Sts><BookgDt><Dt>2018-10-01</Dt></BookgDt><BkTxCd><Prtry><Cd>SIP UKBA CR 40269</Cd></Prtry></BkTxCd><TxDtls><Refs><EndToEndId>MONEY</EndToEndId><TxId>24030552060020000N</TxId><Prtry><Tp>STO REF</Tp><Ref>0000</Ref></Prtry></Refs><RltdPties><Dbtr><Nm>NEIL N</Nm></Dbtr><DbtrAcct><Id><PrtryAcct><Id>54410043356435</Id></PrtryAcct></Id></DbtrAcct><Cdtr><Nm>C</Nm></Cdtr><CdtrAcct><Id><PrtryAcct><Id>23008200467380</Id></PrtryAcct></Id></CdtrAcct><Prtry><Tp>MONEY</Tp><Pty/></Prtry></RltdPties><RmtInf><Strd><AddtlRmtInf>NEIL N            MONEY             VIA MOBILE - LVP</AddtlRmtInf></Strd><Strd><AddtlRmtInf>NEIL N//MONEY</AddtlRmtInf></Strd></RmtInf><RltdDts><TxDtTm>2018-09-30T03:05:52</TxDtTm></RltdDts><AddtlTxInf>24030552060020000N1020180930826544100</AddtlTxInf></TxDtls><AddtlNtryInf>COMPLETE//0000//003//CREDIT</AddtlNtryInf></Ntry><Ntry><Amt Ccy="GBP">220.00</Amt><CdtDbtInd>CRDT</CdtDbtInd><Sts>BOOK</Sts><BookgDt><Dt>2018-10-01</Dt></BookgDt><BkTxCd><Prtry><Cd>SIP UKBA CR 40269</Cd></Prtry></BkTxCd><TxDtls><Refs><EndToEndId>NOREF</EndToEndId><TxId>200000000391769525</TxId></Refs><RltdPties><Dbtr><Nm>M Pelteshka</Nm></Dbtr><DbtrAcct><Id><PrtryAcct><Id>11041800210996</Id></PrtryAcct></Id></DbtrAcct><Cdtr><Nm>DARINA NIKOLOVA</Nm></Cdtr><CdtrAcct><Id><PrtryAcct><Id>23008200016798</Id></PrtryAcct></Id></CdtrAcct><Prtry><Tp>CLEANING12,13,17/9</Tp><Pty/></Prtry></RltdPties><RmtInf><Strd><AddtlRmtInf>NO REF</AddtlRmtInf></Strd><Strd><AddtlRmtInf>M Pelteshka//CLEANING12,13,17/9</AddtlRmtInf></Strd></RmtInf><RltdDts><TxDtTm>2018-09-30T03:20:18</TxDtTm></RltdDts><AddtlTxInf>2000000003917695251020180930826110418</AddtlTxInf></TxDtls><AddtlNtryInf>COMPLETE//0000//003//CREDIT</AddtlNtryInf></Ntry></Ntfctn></BkToCstmrDbtCdtNtfctnV01></Document>