<?xml version="1.0" encoding="UTF-8"?><Document xmlns:xsi="http://www.w3.org/2001/XMLSchema-instance" xmlns="urn:iso:std:iso:20022:tech:xsd:camt.054.001.01"><BkToCstmrDbtCdtNtfctnV01><GrpHdr><MsgId>80309K//12811</MsgId><CreDtTm>2018-09-13T20:30:00</CreDtTm></GrpHdr><Ntfctn><Id>80309K//12811//1</Id><CreDtTm>2018-09-13T20:30:00</CreDtTm><Acct><Id><PrtryAcct><Id>20594233939774</Id></PrtryAcct></Id><Ccy>GBP</Ccy></Acct><TxsSummry><TtlNtries><NbOfNtries>5</NbOfNtries><Sum>384.65</Sum></TtlNtries><TtlCdtNtries><NbOfNtries>5</NbOfNtries><Sum>384.65</Sum></TtlCdtNtries><TtlDbtNtries><NbOfNtries>0</NbOfNtries><Sum>0.00</Sum></TtlDbtNtries></TxsSummry><Ntry><Amt Ccy="GBP">12.15</Amt><CdtDbtInd>CRDT</CdtDbtInd><Sts>BOOK</Sts><BookgDt><Dt>2018-09-14</Dt></BookgDt><BkTxCd><Prtry><Cd>SIP UKBA CR 40269</Cd></Prtry></BkTxCd><TxDtls><Refs><EndToEndId>NOREF</EndToEndId><TxId>500000000388468420</TxId></Refs><RltdPties><Dbtr><Nm>STUDENT ROOMS LTD</Nm></Dbtr><DbtrAcct><Id><PrtryAcct><Id>30949771637468</Id></PrtryAcct></Id></DbtrAcct><Cdtr><Nm>STUDENT</Nm></Cdtr><CdtrAcct><Id><PrtryAcct><Id>23008200223742</Id></PrtryAcct></Id></CdtrAcct><Prtry><Tp>SAVING ACC</Tp><Pty/></Prtry></RltdPties><RmtInf><Strd><AddtlRmtInf>NO REF</AddtlRmtInf></Strd><Strd><AddtlRmtInf>STUDENT ROOMS LTD//SAVING ACC</AddtlRmtInf></Strd></RmtInf><RltdDts><TxDtTm>2018-09-13T20:03:57</TxDtTm></RltdDts><AddtlTxInf>5000000003884684201020180913826309497</AddtlTxInf></TxDtls><AddtlNtryInf>COMPLETE//0000//003//CREDIT</AddtlNtryInf></Ntry><Ntry><Amt Ccy="GBP">11.50</Amt><CdtDbtInd>CRDT</CdtDbtInd><Sts>BOOK</Sts><BookgDt><Dt>2018-09-14</Dt></BookgDt><BkTxCd><Prtry><Cd>SIP UKBA CR 40269</Cd></Prtry></BkTxCd><TxDtls><Refs><EndToEndId>NOREF</EndToEndId><TxId>300000000392116901</TxId></Refs><RltdPties><Dbtr><Nm>STUDENT ROOMS LTD</Nm></Dbtr><DbtrAcct><Id><PrtryAcct><Id>30949771637468</Id></PrtryAcct></Id></DbtrAcct><Cdtr><Nm>ALEX</Nm></Cdtr><CdtrAcct><Id><PrtryAcct><Id>23008200223361</Id></PrtryAcct></Id></CdtrAcct><Prtry><Tp>OWN ACC</Tp><Pty/></Prtry></RltdPties><RmtInf><Strd><AddtlRmtInf>NO REF</AddtlRmtInf></Strd><Strd><AddtlRmtInf>STUDENT ROOMS LTD//OWN ACC</AddtlRmtInf></Strd></RmtInf><RltdDts><TxDtTm>2018-09-13T20:03:59</TxDtTm></RltdDts><AddtlTxInf>3000000003921169011020180913826309497</AddtlTxInf></TxDtls><AddtlNtryInf>COMPLETE//0000//003//CREDIT</AddtlNtryInf></Ntry><Ntry><Amt Ccy="GBP">250.00</Amt><CdtDbtInd>CRDT</CdtDbtInd><Sts>BOOK</Sts><BookgDt><Dt>2018-09-14</Dt></BookgDt><BkTxCd><Prtry><Cd>SIP UKBA CR 40269</Cd></Prtry></BkTxCd><TxDtls><Refs><EndToEndId>NOREF</EndToEndId><TxId>200000000386808229</TxId></Refs><RltdPties><Dbtr><Nm>I Cesnaite</Nm></Dbtr><DbtrAcct><Id><PrtryAcct><Id>77721423851068</Id></PrtryAcct></Id></DbtrAcct><Cdtr><Nm>ILONA LAPIUK</Nm></Cdtr><CdtrAcct><Id><PrtryAcct><Id>23008200444813</Id></PrtryAcct></Id></CdtrAcct><Prtry><Tp>BTS TICKETS</Tp><Pty/></Prtry></RltdPties><RmtInf><Strd><AddtlRmtInf>NO REF</AddtlRmtInf></Strd><Strd><AddtlRmtInf>I Cesnaite//BTS TICKETS</AddtlRmtInf></Strd></RmtInf><RltdDts><TxDtTm>2018-09-13T20:25:33</TxDtTm></RltdDts><AddtlTxInf>2000000003868082291020180913826777214</AddtlTxInf></TxDtls><AddtlNtryInf>COMPLETE//0000//003//CREDIT</AddtlNtryInf></Ntry><Ntry><Amt Ccy="GBP">1.00</Amt><CdtDbtInd>CRDT</CdtDbtInd><Sts>BOOK</Sts><BookgDt><Dt>2018-09-14</Dt></BookgDt><BkTxCd><Prtry><Cd>SIP UKBA CR 40269</Cd></Prtry></BkTxCd><TxDtls><Refs><EndToEndId>NOREF</EndToEndId><TxId>400000000393270328</TxId></Refs><RltdPties><Dbtr><Nm>d mihai</Nm></Dbtr><DbtrAcct><Id><PrtryAcct><Id>30945589446668</Id></PrtryAcct></Id></DbtrAcct><Cdtr><Nm>DANIEL</Nm></Cdtr><CdtrAcct><Id><PrtryAcct><Id>23008200438859</Id></PrtryAcct></Id></CdtrAcct><Prtry><Tp>BUSS PASS</Tp><Pty/></Prtry></RltdPties><RmtInf><Strd><AddtlRmtInf>NO REF</AddtlRmtInf></Strd><Strd><AddtlRmtInf>d mihai//BUSS PASS</AddtlRmtInf></Strd></RmtInf><RltdDts><TxDtTm>2018-09-13T20:25:36</TxDtTm></RltdDts><AddtlTxInf>4000000003932703281020180913826309455</AddtlTxInf></TxDtls><AddtlNtryInf>COMPLETE//0000//003//CREDIT</AddtlNtryInf></Ntry><Ntry><Amt Ccy="GBP">110.00</Amt><CdtDbtInd>CRDT</CdtDbtInd><Sts>BOOK</Sts><BookgDt><Dt>2018-09-14</Dt></BookgDt><BkTxCd><Prtry><Cd>SIP UKBA CR 40269</Cd></Prtry></BkTxCd><TxDtls><Refs><EndToEndId>00152053632BPMKZXF</EndToEndId><TxId>00152053632BPMKZXF</TxId></Refs><RltdPties><Dbtr><Nm>176138190</Nm></Dbtr><DbtrAcct><Id><PrtryAcct><Id>09000000050005</Id></PrtryAcct></Id></DbtrAcct><Cdtr><Nm>Gomersal fc</Nm></Cdtr><CdtrAcct><Id><PrtryAcct><Id>23008200084715</Id></PrtryAcct></Id></CdtrAcct><Prtry><Tp>Baker u9</Tp><Pty/></Prtry></RltdPties><RmtInf><Strd><AddtlRmtInf>NO REF</AddtlRmtInf></Strd><Strd><AddtlRmtInf>176138190//Baker u9</AddtlRmtInf></Strd></RmtInf><RltdDts><TxDtTm>2018-09-13T20:26:24</TxDtTm></RltdDts><AddtlTxInf>00152053632BPMKZXF1020180913826090000</AddtlTxInf></TxDtls><AddtlNtryInf>COMPLETE//0000//003//CREDIT</AddtlNtryInf></Ntry></Ntfctn></BkToCstmrDbtCdtNtfctnV01></Document>