<?xml version="1.0" encoding="UTF-8"?><Document xmlns:xsi="http://www.w3.org/2001/XMLSchema-instance" xmlns="urn:iso:std:iso:20022:tech:xsd:camt.054.001.01"><BkToCstmrDbtCdtNtfctnV01><GrpHdr><MsgId>80309K//12289</MsgId><CreDtTm>2018-09-01T19:30:00</CreDtTm></GrpHdr><Ntfctn><Id>80309K//12289//1</Id><CreDtTm>2018-09-01T19:30:00</CreDtTm><Acct><Id><PrtryAcct><Id>20594233939774</Id></PrtryAcct></Id><Ccy>GBP</Ccy></Acct><TxsSummry><TtlNtries><NbOfNtries>4</NbOfNtries><Sum>6716.12</Sum></TtlNtries><TtlCdtNtries><NbOfNtries>2</NbOfNtries><Sum>140.00</Sum></TtlCdtNtries><TtlDbtNtries><NbOfNtries>2</NbOfNtries><Sum>6576.12</Sum></TtlDbtNtries></TxsSummry><Ntry><Amt Ccy="GBP">40.00</Amt><CdtDbtInd>CRDT</CdtDbtInd><Sts>BOOK</Sts><BookgDt><Dt>2018-09-03</Dt></BookgDt><BkTxCd><Prtry><Cd>SIP UKBA CR 40269</Cd></Prtry></BkTxCd><TxDtls><Refs><EndToEndId>000000FT182438C8PV</EndToEndId><TxId>000000FT182438C8PV</TxId></Refs><RltdPties><Dbtr><Nm>DUMITRU LUCIAN HRAB</Nm><PstlAdr><AdrLine>6A GRAINGER ROAD;ESSEX</AdrLine><Ctry/></PstlAdr></Dbtr><DbtrAcct><Id><PrtryAcct><Id>23058014066721</Id></PrtryAcct></Id></DbtrAcct><Cdtr><Nm>m m dumitrescu</Nm><PstlAdr><AdrLine>WIRECARD;WIRECARD CARD SOLUTIONS</AdrLine><Ctry/></PstlAdr></Cdtr><CdtrAcct><Id><PrtryAcct><Id>23008200403943</Id></PrtryAcct></Id></CdtrAcct><Prtry><Tp>inv</Tp><Pty/></Prtry></RltdPties><RmtInf><Strd><AddtlRmtInf>NO REF</AddtlRmtInf></Strd><Strd><AddtlRmtInf>DUMITRU LUCIAN HRA//inv</AddtlRmtInf></Strd></RmtInf><RltdDts><TxDtTm>2018-09-01T19:00:57</TxDtTm></RltdDts><AddtlTxInf>000000FT182438C8PV1020180901826230580</AddtlTxInf></TxDtls><AddtlNtryInf>COMPLETE//0000//003//CREDIT</AddtlNtryInf></Ntry><Ntry><Amt Ccy="GBP">260.00</Amt><CdtDbtInd>DBIT</CdtDbtInd><Sts>BOOK</Sts><BookgDt><Dt>2018-09-03</Dt></BookgDt><BkTxCd><Prtry><Cd>AUT UKBA DR 30278</Cd></Prtry></BkTxCd><TxDtls><Refs><TxId>000000000334921700</TxId></Refs><RltdPties><DbtrAcct><Id><PrtryAcct><Id>20594233939774</Id></PrtryAcct></Id></DbtrAcct></RltdPties><RmtInf><Strd><AddtlRmtInf>NO REF</AddtlRmtInf></Strd><Strd><AddtlRmtInf>20180901A44639//7S      F1U2QMG580</AddtlRmtInf></Strd></RmtInf><RltdDts><TxDtTm>2018-09-01T19:16:38</TxDtTm></RltdDts><AddtlTxInf>0000000003349217000020180901826205942</AddtlTxInf></TxDtls><AddtlNtryInf>AUTHSENT//0000//003//DEBIT</AddtlNtryInf></Ntry><Ntry><Amt Ccy="GBP">6316.12</Amt><CdtDbtInd>DBIT</CdtDbtInd><Sts>BOOK</Sts><BookgDt><Dt>2018-09-03</Dt></BookgDt><BkTxCd><Prtry><Cd>AUT UKBA DR 30278</Cd></Prtry></BkTxCd><TxDtls><Refs><TxId>000000000334921900</TxId></Refs><RltdPties><DbtrAcct><Id><PrtryAcct><Id>20594233939774</Id></PrtryAcct></Id></DbtrAcct></RltdPties><RmtInf><Strd><AddtlRmtInf>NO REF</AddtlRmtInf></Strd><Strd><AddtlRmtInf>20180901A44639//7S      F1TPM42578</AddtlRmtInf></Strd></RmtInf><RltdDts><TxDtTm>2018-09-01T19:16:48</TxDtTm></RltdDts><AddtlTxInf>0000000003349219000020180901826205942</AddtlTxInf></TxDtls><AddtlNtryInf>AUTHSENT//0000//003//DEBIT</AddtlNtryInf></Ntry><Ntry><Amt Ccy="GBP">100.00</Amt><CdtDbtInd>CRDT</CdtDbtInd><Sts>BOOK</Sts><BookgDt><Dt>2018-09-03</Dt></BookgDt><BkTxCd><Prtry><Cd>SIP UKBA CR 40269</Cd></Prtry></BkTxCd><TxDtls><Refs><EndToEndId>NOREF</EndToEndId><TxId>400000000389547084</TxId></Refs><RltdPties><Dbtr><Nm>A Fayoyin</Nm></Dbtr><DbtrAcct><Id><PrtryAcct><Id>11132510711264</Id></PrtryAcct></Id></DbtrAcct><Cdtr><Nm>K ADIO</Nm></Cdtr><CdtrAcct><Id><PrtryAcct><Id>23008200323326</Id></PrtryAcct></Id></CdtrAcct><Prtry><Tp>DOUBLE</Tp><Pty/></Prtry></RltdPties><RmtInf><Strd><AddtlRmtInf>NO REF</AddtlRmtInf></Strd><Strd><AddtlRmtInf>A Fayoyin//DOUBLE</AddtlRmtInf></Strd></RmtInf><RltdDts><TxDtTm>2018-09-01T19:19:30</TxDtTm></RltdDts><AddtlTxInf>4000000003895470841020180901826111325</AddtlTxInf></TxDtls><AddtlNtryInf>COMPLETE//0000//003//CREDIT</AddtlNtryInf></Ntry></Ntfctn></BkToCstmrDbtCdtNtfctnV01></Document>