<?xml version="1.0" encoding="UTF-8"?><Document xmlns:xsi="http://www.w3.org/2001/XMLSchema-instance" xmlns="urn:iso:std:iso:20022:tech:xsd:camt.054.001.01"><BkToCstmrDbtCdtNtfctnV01><GrpHdr><MsgId>80309K//13405</MsgId><CreDtTm>2018-09-27T16:00:00</CreDtTm></GrpHdr><Ntfctn><Id>80309K//13405//1</Id><CreDtTm>2018-09-27T16:00:00</CreDtTm><Acct><Id><PrtryAcct><Id>20594233939774</Id></PrtryAcct></Id><Ccy>GBP</Ccy></Acct><TxsSummry><TtlNtries><NbOfNtries>14</NbOfNtries><Sum>1952.02</Sum></TtlNtries><TtlCdtNtries><NbOfNtries>14</NbOfNtries><Sum>1952.02</Sum></TtlCdtNtries><TtlDbtNtries><NbOfNtries>0</NbOfNtries><Sum>0.00</Sum></TtlDbtNtries></TxsSummry><Ntry><Amt Ccy="GBP">150.00</Amt><CdtDbtInd>CRDT</CdtDbtInd><Sts>BOOK</Sts><BookgDt><Dt>2018-09-27</Dt></BookgDt><BkTxCd><Prtry><Cd>SIP UKBA CR 40269</Cd></Prtry></BkTxCd><TxDtls><Refs><EndToEndId>NOREF</EndToEndId><TxId>180927153104986659</TxId></Refs><RltdPties><Dbtr><Nm>Muhammad Tahir</Nm></Dbtr><DbtrAcct><Id><PrtryAcct><Id>77666301262760</Id></PrtryAcct></Id></DbtrAcct><Cdtr><Nm>MEHREEN NEW</Nm></Cdtr><CdtrAcct><Id><PrtryAcct><Id>23008200090314</Id></PrtryAcct></Id></CdtrAcct></RltdPties><RmtInf><Strd><AddtlRmtInf>NO REF</AddtlRmtInf></Strd><Strd><AddtlRmtInf>Muhammad Tahir//</AddtlRmtInf></Strd></RmtInf><RltdDts><TxDtTm>2018-09-27T15:31:02</TxDtTm></RltdDts><AddtlTxInf>1809271531049866591020180927826776663</AddtlTxInf></TxDtls><AddtlNtryInf>COMPLETE//0000//002//CREDIT</AddtlNtryInf></Ntry><Ntry><Amt Ccy="GBP">367.00</Amt><CdtDbtInd>CRDT</CdtDbtInd><Sts>BOOK</Sts><BookgDt><Dt>2018-09-27</Dt></BookgDt><BkTxCd><Prtry><Cd>SIP UKBA CR 40269</Cd></Prtry></BkTxCd><TxDtls><Refs><EndToEndId>NOREF</EndToEndId><TxId>25153129469236000N</TxId><Prtry><Tp>STO REF</Tp><Ref>0000</Ref></Prtry></Refs><RltdPties><Dbtr><Nm>C.C.D RECRUITMENT LTD</Nm><PstlAdr><AdrLine>APS COTTONS CENTRE SE1 2QG</AdrLine><Ctry/></PstlAdr></Dbtr><DbtrAcct><Id><PrtryAcct><Id>08719984234903</Id></PrtryAcct></Id></DbtrAcct><Cdtr><Nm>VICTOR</Nm></Cdtr><CdtrAcct><Id><PrtryAcct><Id>23008200215124</Id></PrtryAcct></Id></CdtrAcct><Prtry><Tp>CCD RECRUITMENT</Tp><Pty/></Prtry></RltdPties><RmtInf><Strd><AddtlRmtInf>CCD RECRUITMENT</AddtlRmtInf></Strd><Strd><AddtlRmtInf>C.C.D RECRUITMENT //CCD RECRUITMENT</AddtlRmtInf></Strd></RmtInf><RltdDts><TxDtTm>2018-09-27T15:31:29</TxDtTm></RltdDts><AddtlTxInf>25153129469236000N1020180927826087199</AddtlTxInf></TxDtls><AddtlNtryInf>COMPLETE//0000//002//CREDIT</AddtlNtryInf></Ntry><Ntry><Amt Ccy="GBP">484.00</Amt><CdtDbtInd>CRDT</CdtDbtInd><Sts>BOOK</Sts><BookgDt><Dt>2018-09-27</Dt></BookgDt><BkTxCd><Prtry><Cd>SIP UKBA CR 40269</Cd></Prtry></BkTxCd><TxDtls><Refs><EndToEndId>NOREF</EndToEndId><TxId>200000000390741798</TxId></Refs><RltdPties><Dbtr><Nm>K Coombs</Nm></Dbtr><DbtrAcct><Id><PrtryAcct><Id>30948001847956</Id></PrtryAcct></Id></DbtrAcct><Cdtr><Nm>PPI CLAIM</Nm></Cdtr><CdtrAcct><Id><PrtryAcct><Id>23008200349567</Id></PrtryAcct></Id></CdtrAcct><Prtry><Tp>PPICLAIM COOMBS</Tp><Pty/></Prtry></RltdPties><RmtInf><Strd><AddtlRmtInf>NO REF</AddtlRmtInf></Strd><Strd><AddtlRmtInf>K Coombs//PPICLAIM COOMBS</AddtlRmtInf></Strd></RmtInf><RltdDts><TxDtTm>2018-09-27T15:32:03</TxDtTm></RltdDts><AddtlTxInf>2000000003907417981020180927826309480</AddtlTxInf></TxDtls><AddtlNtryInf>COMPLETE//0000//002//CREDIT</AddtlNtryInf></Ntry><Ntry><Amt Ccy="GBP">80.00</Amt><CdtDbtInd>CRDT</CdtDbtInd><Sts>BOOK</Sts><BookgDt><Dt>2018-09-27</Dt></BookgDt><BkTxCd><Prtry><Cd>SIP UKBA CR 40269</Cd></Prtry></BkTxCd><TxDtls><Refs><EndToEndId>NOREF</EndToEndId><TxId>200000000390741868</TxId></Refs><RltdPties><Dbtr><Nm>A Duckworth</Nm></Dbtr><DbtrAcct><Id><PrtryAcct><Id>30678229794168</Id></PrtryAcct></Id></DbtrAcct><Cdtr><Nm>JAMIE</Nm></Cdtr><CdtrAcct><Id><PrtryAcct><Id>23008200369503</Id></PrtryAcct></Id></CdtrAcct><Prtry><Tp>FUCKING GEEZE CUNT</Tp><Pty/></Prtry></RltdPties><RmtInf><Strd><AddtlRmtInf>NO REF</AddtlRmtInf></Strd><Strd><AddtlRmtInf>A Duckworth//FUCKING GEEZE CUNT</AddtlRmtInf></Strd></RmtInf><RltdDts><TxDtTm>2018-09-27T15:32:17</TxDtTm></RltdDts><AddtlTxInf>2000000003907418681020180927826306782</AddtlTxInf></TxDtls><AddtlNtryInf>COMPLETE//0000//002//CREDIT</AddtlNtryInf></Ntry><Ntry><Amt Ccy="GBP">0.01</Amt><CdtDbtInd>CRDT</CdtDbtInd><Sts>BOOK</Sts><BookgDt><Dt>2018-09-27</Dt></BookgDt><BkTxCd><Prtry><Cd>SIP UKBA CR 40269</Cd></Prtry></BkTxCd><TxDtls><Refs><EndToEndId>PPRD00000000AQLM42</EndToEndId><TxId>PPRD00000000AQLM42</TxId></Refs><RltdPties><Dbtr><Nm>PAYPAL CODE 9140</Nm><PstlAdr><AdrLine>2211 N 1st Street San Jose CA 95131</AdrLine><Ctry/></PstlAdr></Dbtr><DbtrAcct><Id><PrtryAcct><Id>23526285010101</Id></PrtryAcct></Id></DbtrAcct><Cdtr><Nm>Peter Parker</Nm><PstlAdr><AdrLine>Bradshaw Lane Fern Bank Farm,Bradsh</AdrLine><AdrLine>aw Lane</AdrLine><Ctry/></PstlAdr></Cdtr><CdtrAcct><Id><PrtryAcct><Id>23008200470191</Id></PrtryAcct></Id></CdtrAcct><Prtry><Tp>PAYPAL CODE 9140</Tp><Pty/></Prtry></RltdPties><RmtInf><Strd><RfrdDocInf><RfrdDocTp><Prtry>002</Prtry></RfrdDocTp></RfrdDocInf><AddtlRmtInf>NO REF</AddtlRmtInf></Strd><Strd><AddtlRmtInf>PAYPAL CODE 9140//PAYPAL CODE 9140</AddtlRmtInf></Strd></RmtInf><RltdDts><TxDtTm>2018-09-27T15:35:32</TxDtTm></RltdDts><AddtlTxInf>PPRD00000000AQLM421020180927826235262</AddtlTxInf></TxDtls><AddtlNtryInf>COMPLETE//0000//002//CREDIT</AddtlNtryInf></Ntry><Ntry><Amt Ccy="GBP">396.00</Amt><CdtDbtInd>CRDT</CdtDbtInd><Sts>BOOK</Sts><BookgDt><Dt>2018-09-27</Dt></BookgDt><BkTxCd><Prtry><Cd>SIP UKBA CR 40269</Cd></Prtry></BkTxCd><TxDtls><Refs><EndToEndId>NOREF</EndToEndId><TxId>534496601451729001</TxId><Prtry><Tp>STO REF</Tp><Ref>0000</Ref></Prtry></Refs><RltdPties><Dbtr><Nm>PAY-TIME PAY</Nm></Dbtr><DbtrAcct><Id><PrtryAcct><Id>40390162065525</Id></PrtryAcct></Id></DbtrAcct><Cdtr><Nm>DENE STOREY CIS</Nm></Cdtr><CdtrAcct><Id><PrtryAcct><Id>23008200189204</Id></PrtryAcct></Id></CdtrAcct><Prtry><Tp>2364</Tp><Pty/></Prtry></RltdPties><RmtInf><Strd><AddtlRmtInf>NO REF</AddtlRmtInf></Strd><Strd><AddtlRmtInf>PAY-TIME PAY//2364</AddtlRmtInf></Strd></RmtInf><RltdDts><TxDtTm>2018-09-27T15:41:07</TxDtTm></RltdDts><AddtlTxInf>5344966014517290011020180927826403901</AddtlTxInf></TxDtls><AddtlNtryInf>COMPLETE//0000//002//CREDIT</AddtlNtryInf></Ntry><Ntry><Amt Ccy="GBP">5.00</Amt><CdtDbtInd>CRDT</CdtDbtInd><Sts>BOOK</Sts><BookgDt><Dt>2018-09-27</Dt></BookgDt><BkTxCd><Prtry><Cd>SIP UKBA CR 40269</Cd></Prtry></BkTxCd><TxDtls><Refs><EndToEndId>NOREF</EndToEndId><TxId>300000000396060269</TxId></Refs><RltdPties><Dbtr><Nm>I Otasanya</Nm></Dbtr><DbtrAcct><Id><PrtryAcct><Id>30902851545668</Id></PrtryAcct></Id></DbtrAcct><Cdtr><Nm>CHARLES</Nm></Cdtr><CdtrAcct><Id><PrtryAcct><Id>23008200212810</Id></PrtryAcct></Id></CdtrAcct><Prtry><Tp>IB</Tp><Pty/></Prtry></RltdPties><RmtInf><Strd><AddtlRmtInf>NO REF</AddtlRmtInf></Strd><Strd><AddtlRmtInf>I Otasanya//IB</AddtlRmtInf></Strd></RmtInf><RltdDts><TxDtTm>2018-09-27T15:44:42</TxDtTm></RltdDts><AddtlTxInf>3000000003960602691020180927826309028</AddtlTxInf></TxDtls><AddtlNtryInf>COMPLETE//0000//002//CREDIT</AddtlNtryInf></Ntry><Ntry><Amt Ccy="GBP">100.00</Amt><CdtDbtInd>CRDT</CdtDbtInd><Sts>BOOK</Sts><BookgDt><Dt>2018-09-27</Dt></BookgDt><BkTxCd><Prtry><Cd>SIP UKBA CR 40269</Cd></Prtry></BkTxCd><TxDtls><Refs><EndToEndId>00151073632BBJGWSZ</EndToEndId><TxId>00151073632BBJGWSZ</TxId></Refs><RltdPties><Dbtr><Nm>TRACEY BEECH</Nm></Dbtr><DbtrAcct><Id><PrtryAcct><Id>09012703580543</Id></PrtryAcct></Id></DbtrAcct><Cdtr><Nm>ARRO</Nm></Cdtr><CdtrAcct><Id><PrtryAcct><Id>23008200312611</Id></PrtryAcct></Id></CdtrAcct><Prtry><Tp>0311651003</Tp><Pty/></Prtry></RltdPties><RmtInf><Strd><AddtlRmtInf>NO REF</AddtlRmtInf></Strd><Strd><AddtlRmtInf>TRACEY BEECH//0311651003</AddtlRmtInf></Strd></RmtInf><RltdDts><TxDtTm>2018-09-27T15:47:27</TxDtTm></RltdDts><AddtlTxInf>00151073632BBJGWSZ1020180927826090127</AddtlTxInf></TxDtls><AddtlNtryInf>COMPLETE//0000//002//CREDIT</AddtlNtryInf></Ntry><Ntry><Amt Ccy="GBP">40.00</Amt><CdtDbtInd>CRDT</CdtDbtInd><Sts>BOOK</Sts><BookgDt><Dt>2018-09-27</Dt></BookgDt><BkTxCd><Prtry><Cd>SIP UKBA CR 40269</Cd></Prtry></BkTxCd><TxDtls><Refs><EndToEndId>28 V/CRESCENT</EndToEndId><TxId>03154916743554000N</TxId><Prtry><Tp>STO REF</Tp><Ref>0000</Ref></Prtry></Refs><RltdPties><Dbtr><Nm>SHORT J R</Nm></Dbtr><DbtrAcct><Id><PrtryAcct><Id>60246042663199</Id></PrtryAcct></Id></DbtrAcct><Cdtr><Nm>DAREN WALKER</Nm></Cdtr><CdtrAcct><Id><PrtryAcct><Id>23008200044955</Id></PrtryAcct></Id></CdtrAcct><Prtry><Tp>28 V/CRESCENT</Tp><Pty/></Prtry></RltdPties><RmtInf><Strd><AddtlRmtInf>SHORT J R         28 V/CRESCENT     VIA MOBILE - PYMT</AddtlRmtInf></Strd><Strd><AddtlRmtInf>SHORT J R//28 V/CRESCENT</AddtlRmtInf></Strd></RmtInf><RltdDts><TxDtTm>2018-09-27T15:49:17</TxDtTm></RltdDts><AddtlTxInf>03154916743554000N1020180927826602460</AddtlTxInf></TxDtls><AddtlNtryInf>COMPLETE//0000//002//CREDIT</AddtlNtryInf></Ntry><Ntry><Amt Ccy="GBP">200.00</Amt><CdtDbtInd>CRDT</CdtDbtInd><Sts>BOOK</Sts><BookgDt><Dt>2018-09-27</Dt></BookgDt><BkTxCd><Prtry><Cd>SIP UKBA CR 40269</Cd></Prtry></BkTxCd><TxDtls><Refs><EndToEndId>STEVE</EndToEndId><TxId>13154925319357000N</TxId><Prtry><Tp>STO REF</Tp><Ref>0000</Ref></Prtry></Refs><RltdPties><Dbtr><Nm>OULTON SR</Nm></Dbtr><DbtrAcct><Id><PrtryAcct><Id>55811686072625</Id></PrtryAcct></Id></DbtrAcct><Cdtr><Nm>JORDAN WINTER</Nm></Cdtr><CdtrAcct><Id><PrtryAcct><Id>23008200011907</Id></PrtryAcct></Id></CdtrAcct><Prtry><Tp>STEVE</Tp><Pty/></Prtry></RltdPties><RmtInf><Strd><AddtlRmtInf>OULTON SR         STEVE             VIA MOBILE - LVP</AddtlRmtInf></Strd><Strd><AddtlRmtInf>OULTON SR//STEVE</AddtlRmtInf></Strd></RmtInf><RltdDts><TxDtTm>2018-09-27T15:49:25</TxDtTm></RltdDts><AddtlTxInf>13154925319357000N1020180927826558116</AddtlTxInf></TxDtls><AddtlNtryInf>COMPLETE//0000//002//CREDIT</AddtlNtryInf></Ntry><Ntry><Amt Ccy="GBP">90.00</Amt><CdtDbtInd>CRDT</CdtDbtInd><Sts>BOOK</Sts><BookgDt><Dt>2018-09-27</Dt></BookgDt><BkTxCd><Prtry><Cd>SIP UKBA CR 40269</Cd></Prtry></BkTxCd><TxDtls><Refs><EndToEndId>NOREF</EndToEndId><TxId>400000000397213339</TxId></Refs><RltdPties><Dbtr><Nm>J Galinauskas</Nm></Dbtr><DbtrAcct><Id><PrtryAcct><Id>11086211201266</Id></PrtryAcct></Id></DbtrAcct><Cdtr><Nm>MR A CEPULIS</Nm></Cdtr><CdtrAcct><Id><PrtryAcct><Id>23008200076557</Id></PrtryAcct></Id></CdtrAcct><Prtry><Tp>MONEY</Tp><Pty/></Prtry></RltdPties><RmtInf><Strd><AddtlRmtInf>NO REF</AddtlRmtInf></Strd><Strd><AddtlRmtInf>J Galinauskas//MONEY</AddtlRmtInf></Strd></RmtInf><RltdDts><TxDtTm>2018-09-27T15:51:19</TxDtTm></RltdDts><AddtlTxInf>4000000003972133391020180927826110862</AddtlTxInf></TxDtls><AddtlNtryInf>COMPLETE//0000//002//CREDIT</AddtlNtryInf></Ntry><Ntry><Amt Ccy="GBP">10.00</Amt><CdtDbtInd>CRDT</CdtDbtInd><Sts>BOOK</Sts><BookgDt><Dt>2018-09-27</Dt></BookgDt><BkTxCd><Prtry><Cd>SIP UKBA CR 40269</Cd></Prtry></BkTxCd><TxDtls><Refs><EndToEndId>NOREF</EndToEndId><TxId>RP4679962390928900</TxId></Refs><RltdPties><Dbtr><Nm>HILL J</Nm></Dbtr><DbtrAcct><Id><PrtryAcct><Id>20709420683817</Id></PrtryAcct></Id></DbtrAcct><Cdtr><Nm>JOHN HILL</Nm></Cdtr><CdtrAcct><Id><PrtryAcct><Id>23008200333328</Id></PrtryAcct></Id></CdtrAcct><Prtry><Tp>NEW</Tp><Pty/></Prtry></RltdPties><RmtInf><Strd><AddtlRmtInf>NO REF</AddtlRmtInf></Strd><Strd><AddtlRmtInf>HILL J//NEW</AddtlRmtInf></Strd></RmtInf><RltdDts><TxDtTm>2018-09-27T15:51:38</TxDtTm></RltdDts><AddtlTxInf>RP46799623909289001020180927826200026</AddtlTxInf></TxDtls><AddtlNtryInf>COMPLETE//0000//002//CREDIT</AddtlNtryInf></Ntry><Ntry><Amt Ccy="GBP">30.00</Amt><CdtDbtInd>CRDT</CdtDbtInd><Sts>BOOK</Sts><BookgDt><Dt>2018-09-27</Dt></BookgDt><BkTxCd><Prtry><Cd>SIP UKBA CR 40269</Cd></Prtry></BkTxCd><TxDtls><Refs><EndToEndId>PETROL MONEY</EndToEndId><TxId>31155212436995000N</TxId><Prtry><Tp>STO REF</Tp><Ref>0000</Ref></Prtry></Refs><RltdPties><Dbtr><Nm>OKUNOREN DB</Nm></Dbtr><DbtrAcct><Id><PrtryAcct><Id>60071843096379</Id></PrtryAcct></Id></DbtrAcct><Cdtr><Nm>MARK</Nm></Cdtr><CdtrAcct><Id><PrtryAcct><Id>23008200470495</Id></PrtryAcct></Id></CdtrAcct><Prtry><Tp>PETROL MONEY</Tp><Pty/></Prtry></RltdPties><RmtInf><Strd><AddtlRmtInf>OKUNOREN DB       PETROL MONEY      VIA MOBILE - LVP</AddtlRmtInf></Strd><Strd><AddtlRmtInf>OKUNOREN DB//PETROL MONEY</AddtlRmtInf></Strd></RmtInf><RltdDts><TxDtTm>2018-09-27T15:52:12</TxDtTm></RltdDts><AddtlTxInf>31155212436995000N1020180927826600718</AddtlTxInf></TxDtls><AddtlNtryInf>COMPLETE//0000//002//CREDIT</AddtlNtryInf></Ntry><Ntry><Amt Ccy="GBP">0.01</Amt><CdtDbtInd>CRDT</CdtDbtInd><Sts>BOOK</Sts><BookgDt><Dt>2018-09-27</Dt></BookgDt><BkTxCd><Prtry><Cd>SIP UKBA CR 40269</Cd></Prtry></BkTxCd><TxDtls><Refs><EndToEndId>PPRD00000000AQLRB8</EndToEndId><TxId>PPRD00000000AQLRB8</TxId></Refs><RltdPties><Dbtr><Nm>PAYPAL CODE 7976</Nm><PstlAdr><AdrLine>2211 N 1st Street San Jose CA 95131</AdrLine><Ctry/></PstlAdr></Dbtr><DbtrAcct><Id><PrtryAcct><Id>23526285010101</Id></PrtryAcct></Id></DbtrAcct><Cdtr><Nm>Robert Barrons</Nm><PstlAdr><AdrLine>5 Knaresborough Drive</AdrLine><Ctry/></PstlAdr></Cdtr><CdtrAcct><Id><PrtryAcct><Id>23008200468633</Id></PrtryAcct></Id></CdtrAcct><Prtry><Tp>PAYPAL CODE 7976</Tp><Pty/></Prtry></RltdPties><RmtInf><Strd><RfrdDocInf><RfrdDocTp><Prtry>002</Prtry></RfrdDocTp></RfrdDocInf><AddtlRmtInf>NO REF</AddtlRmtInf></Strd><Strd><AddtlRmtInf>PAYPAL CODE 7976//PAYPAL CODE 7976</AddtlRmtInf></Strd></RmtInf><RltdDts><TxDtTm>2018-09-27T15:52:14</TxDtTm></RltdDts><AddtlTxInf>PPRD00000000AQLRB81020180927826235262</AddtlTxInf></TxDtls><AddtlNtryInf>COMPLETE//0000//002//CREDIT</AddtlNtryInf></Ntry></Ntfctn></BkToCstmrDbtCdtNtfctnV01></Document>