<?xml version="1.0" encoding="UTF-8"?><Document xmlns:xsi="http://www.w3.org/2001/XMLSchema-instance" xmlns="urn:iso:std:iso:20022:tech:xsd:camt.054.001.01"><BkToCstmrDbtCdtNtfctnV01><GrpHdr><MsgId>80309K//13161</MsgId><CreDtTm>2018-09-21T21:30:00</CreDtTm></GrpHdr><Ntfctn><Id>80309K//13161//1</Id><CreDtTm>2018-09-21T21:30:00</CreDtTm><Acct><Id><PrtryAcct><Id>20594233939774</Id></PrtryAcct></Id><Ccy>GBP</Ccy></Acct><TxsSummry><TtlNtries><NbOfNtries>1</NbOfNtries><Sum>275.00</Sum></TtlNtries><TtlCdtNtries><NbOfNtries>1</NbOfNtries><Sum>275.00</Sum></TtlCdtNtries><TtlDbtNtries><NbOfNtries>0</NbOfNtries><Sum>0.00</Sum></TtlDbtNtries></TxsSummry><Ntry><Amt Ccy="GBP">275.00</Amt><CdtDbtInd>CRDT</CdtDbtInd><Sts>BOOK</Sts><BookgDt><Dt>2018-09-24</Dt></BookgDt><BkTxCd><Prtry><Cd>SIP UKBA CR 40269</Cd></Prtry></BkTxCd><TxDtls><Refs><EndToEndId>NOREF</EndToEndId><TxId>FP18264O05366693</TxId></Refs><RltdPties><Dbtr><Nm>Morris Kenneth</Nm></Dbtr><DbtrAcct><Id><PrtryAcct><Id>07043629108233</Id></PrtryAcct></Id></DbtrAcct><Cdtr><Nm>D ASHALL</Nm></Cdtr><CdtrAcct><Id><PrtryAcct><Id>23008200433965</Id></PrtryAcct></Id></CdtrAcct><Prtry><Tp>RENTAL DEPOSIT</Tp><Pty/></Prtry></RltdPties><RmtInf><Strd><AddtlRmtInf>NO REF</AddtlRmtInf></Strd><Strd><AddtlRmtInf>Morris Kenneth//RENTAL DEPOSIT</AddtlRmtInf></Strd></RmtInf><RltdDts><TxDtTm>2018-09-21T21:07:50</TxDtTm></RltdDts><AddtlTxInf>FP18264O05366693  1020180921826070436</AddtlTxInf></TxDtls><AddtlNtryInf>COMPLETE//0000//003//CREDIT</AddtlNtryInf></Ntry></Ntfctn></BkToCstmrDbtCdtNtfctnV01></Document>