<?xml version="1.0" encoding="UTF-8"?><Document xmlns:xsi="http://www.w3.org/2001/XMLSchema-instance" xmlns="urn:iso:std:iso:20022:tech:xsd:camt.054.001.01"><BkToCstmrDbtCdtNtfctnV01><GrpHdr><MsgId>80309K//12365</MsgId><CreDtTm>2018-09-03T14:00:00</CreDtTm></GrpHdr><Ntfctn><Id>80309K//12365//1</Id><CreDtTm>2018-09-03T14:00:00</CreDtTm><Acct><Id><PrtryAcct><Id>20594233939774</Id></PrtryAcct></Id><Ccy>GBP</Ccy></Acct><TxsSummry><TtlNtries><NbOfNtries>9</NbOfNtries><Sum>3965.51</Sum></TtlNtries><TtlCdtNtries><NbOfNtries>9</NbOfNtries><Sum>3965.51</Sum></TtlCdtNtries><TtlDbtNtries><NbOfNtries>0</NbOfNtries><Sum>0.00</Sum></TtlDbtNtries></TxsSummry><Ntry><Amt Ccy="GBP">90.00</Amt><CdtDbtInd>CRDT</CdtDbtInd><Sts>BOOK</Sts><BookgDt><Dt>2018-09-03</Dt></BookgDt><BkTxCd><Prtry><Cd>SIP UKBA CR 40269</Cd></Prtry></BkTxCd><TxDtls><Refs><EndToEndId>NOREF</EndToEndId><TxId>RP4679960481349600</TxId></Refs><RltdPties><Dbtr><Nm>BALOGUN W</Nm></Dbtr><DbtrAcct><Id><PrtryAcct><Id>20679053511413</Id></PrtryAcct></Id></DbtrAcct><Cdtr><Nm>MS DA SILVA</Nm></Cdtr><CdtrAcct><Id><PrtryAcct><Id>23008200345344</Id></PrtryAcct></Id></CdtrAcct><Prtry><Tp>ARRO</Tp><Pty/></Prtry></RltdPties><RmtInf><Strd><AddtlRmtInf>NO REF</AddtlRmtInf></Strd><Strd><AddtlRmtInf>BALOGUN W//ARRO</AddtlRmtInf></Strd></RmtInf><RltdDts><TxDtTm>2018-09-03T13:30:08</TxDtTm></RltdDts><AddtlTxInf>RP46799604813496001020180903826200026</AddtlTxInf></TxDtls><AddtlNtryInf>COMPLETE//0000//002//CREDIT</AddtlNtryInf></Ntry><Ntry><Amt Ccy="GBP">3012.50</Amt><CdtDbtInd>CRDT</CdtDbtInd><Sts>BOOK</Sts><BookgDt><Dt>2018-09-03</Dt></BookgDt><BkTxCd><Prtry><Cd>SIP UKBA CR 40269</Cd></Prtry></BkTxCd><TxDtls><Refs><EndToEndId>NOREF</EndToEndId><TxId>400000000390358973</TxId></Refs><RltdPties><Dbtr><Nm>Handscom Ltd</Nm></Dbtr><DbtrAcct><Id><PrtryAcct><Id>30945135074760</Id></PrtryAcct></Id></DbtrAcct><Cdtr><Nm>JAMES SELBY</Nm></Cdtr><CdtrAcct><Id><PrtryAcct><Id>23008200164472</Id></PrtryAcct></Id></CdtrAcct><Prtry><Tp>SERVICE PROVIDER</Tp><Pty/></Prtry></RltdPties><RmtInf><Strd><AddtlRmtInf>NO REF</AddtlRmtInf></Strd><Strd><AddtlRmtInf>Handscom Ltd//SERVICE PROVIDER</AddtlRmtInf></Strd></RmtInf><RltdDts><TxDtTm>2018-09-03T13:36:48</TxDtTm></RltdDts><AddtlTxInf>4000000003903589731020180903826309451</AddtlTxInf></TxDtls><AddtlNtryInf>COMPLETE//0000//002//CREDIT</AddtlNtryInf></Ntry><Ntry><Amt Ccy="GBP">40.00</Amt><CdtDbtInd>CRDT</CdtDbtInd><Sts>BOOK</Sts><BookgDt><Dt>2018-09-03</Dt></BookgDt><BkTxCd><Prtry><Cd>SIP UKBA CR 40269</Cd></Prtry></BkTxCd><TxDtls><Refs><EndToEndId>NOREF</EndToEndId><TxId>500000000385562422</TxId></Refs><RltdPties><Dbtr><Nm>N Williams</Nm></Dbtr><DbtrAcct><Id><PrtryAcct><Id>11023600799469</Id></PrtryAcct></Id></DbtrAcct><Cdtr><Nm>William Evans</Nm></Cdtr><CdtrAcct><Id><PrtryAcct><Id>23008200169623</Id></PrtryAcct></Id></CdtrAcct><Prtry><Tp>Sphock sale</Tp><Pty/></Prtry></RltdPties><RmtInf><Strd><AddtlRmtInf>NO REF</AddtlRmtInf></Strd><Strd><AddtlRmtInf>N Williams//Sphock sale</AddtlRmtInf></Strd></RmtInf><RltdDts><TxDtTm>2018-09-03T13:43:14</TxDtTm></RltdDts><AddtlTxInf>5000000003855624221020180903826110236</AddtlTxInf></TxDtls><AddtlNtryInf>COMPLETE//0000//002//CREDIT</AddtlNtryInf></Ntry><Ntry><Amt Ccy="GBP">10.00</Amt><CdtDbtInd>CRDT</CdtDbtInd><Sts>BOOK</Sts><BookgDt><Dt>2018-09-03</Dt></BookgDt><BkTxCd><Prtry><Cd>SIP UKBA CR 40269</Cd></Prtry></BkTxCd><TxDtls><Refs><EndToEndId>PPWD00000000AKFOSC</EndToEndId><TxId>PPWD00000000AKFOSC</TxId></Refs><RltdPties><Dbtr><Nm>PayPal</Nm><PstlAdr><AdrLine>2211 N 1st Street San Jose CA 95131</AdrLine><Ctry/></PstlAdr></Dbtr><DbtrAcct><Id><PrtryAcct><Id>23526278959595</Id></PrtryAcct></Id></DbtrAcct><Cdtr><Nm>Timothy Weatherhead</Nm><PstlAdr><AdrLine>2 West End Close</AdrLine><Ctry/></PstlAdr></Cdtr><CdtrAcct><Id><PrtryAcct><Id>23008200361461</Id></PrtryAcct></Id></CdtrAcct><Prtry><Tp>PPWDL54222AKRQ9B3S</Tp><Pty/></Prtry></RltdPties><RmtInf><Strd><RfrdDocInf><RfrdDocTp><Prtry>002</Prtry></RfrdDocTp></RfrdDocInf><AddtlRmtInf>NO REF</AddtlRmtInf></Strd><Strd><AddtlRmtInf>PayPal//PPWDL54222AKRQ9B3S</AddtlRmtInf></Strd></RmtInf><RltdDts><TxDtTm>2018-09-03T13:43:27</TxDtTm></RltdDts><AddtlTxInf>PPWD00000000AKFOSC1020180903826235262</AddtlTxInf></TxDtls><AddtlNtryInf>COMPLETE//0000//002//CREDIT</AddtlNtryInf></Ntry><Ntry><Amt Ccy="GBP">29.00</Amt><CdtDbtInd>CRDT</CdtDbtInd><Sts>BOOK</Sts><BookgDt><Dt>2018-09-03</Dt></BookgDt><BkTxCd><Prtry><Cd>SIP UKBA CR 40269</Cd></Prtry></BkTxCd><TxDtls><Refs><EndToEndId>PPWD00000000AKFP3Y</EndToEndId><TxId>PPWD00000000AKFP3Y</TxId></Refs><RltdPties><Dbtr><Nm>PayPal</Nm><PstlAdr><AdrLine>2211 N 1st Street San Jose CA 95131</AdrLine><Ctry/></PstlAdr></Dbtr><DbtrAcct><Id><PrtryAcct><Id>23526278959595</Id></PrtryAcct></Id></DbtrAcct><Cdtr><Nm>Timothy Weatherhead</Nm><PstlAdr><AdrLine>2 West End Close</AdrLine><Ctry/></PstlAdr></Cdtr><CdtrAcct><Id><PrtryAcct><Id>23008200361461</Id></PrtryAcct></Id></CdtrAcct><Prtry><Tp>PPWDL54222AKRQ9QC2</Tp><Pty/></Prtry></RltdPties><RmtInf><Strd><RfrdDocInf><RfrdDocTp><Prtry>002</Prtry></RfrdDocTp></RfrdDocInf><AddtlRmtInf>NO REF</AddtlRmtInf></Strd><Strd><AddtlRmtInf>PayPal//PPWDL54222AKRQ9QC2</AddtlRmtInf></Strd></RmtInf><RltdDts><TxDtTm>2018-09-03T13:44:13</TxDtTm></RltdDts><AddtlTxInf>PPWD00000000AKFP3Y1020180903826235262</AddtlTxInf></TxDtls><AddtlNtryInf>COMPLETE//0000//002//CREDIT</AddtlNtryInf></Ntry><Ntry><Amt Ccy="GBP">30.00</Amt><CdtDbtInd>CRDT</CdtDbtInd><Sts>BOOK</Sts><BookgDt><Dt>2018-09-03</Dt></BookgDt><BkTxCd><Prtry><Cd>SIP UKBA CR 40269</Cd></Prtry></BkTxCd><TxDtls><Refs><EndToEndId>PPWD00000000AKFPDQ</EndToEndId><TxId>PPWD00000000AKFPDQ</TxId></Refs><RltdPties><Dbtr><Nm>PayPal</Nm><PstlAdr><AdrLine>2211 N 1st Street San Jose CA 95131</AdrLine><Ctry/></PstlAdr></Dbtr><DbtrAcct><Id><PrtryAcct><Id>23526278959595</Id></PrtryAcct></Id></DbtrAcct><Cdtr><Nm>Timothy Weatherhead</Nm><PstlAdr><AdrLine>2 West End Close</AdrLine><Ctry/></PstlAdr></Cdtr><CdtrAcct><Id><PrtryAcct><Id>23008200361461</Id></PrtryAcct></Id></CdtrAcct><Prtry><Tp>PPWDL54222AKRQA4UN</Tp><Pty/></Prtry></RltdPties><RmtInf><Strd><RfrdDocInf><RfrdDocTp><Prtry>002</Prtry></RfrdDocTp></RfrdDocInf><AddtlRmtInf>NO REF</AddtlRmtInf></Strd><Strd><AddtlRmtInf>PayPal//PPWDL54222AKRQA4UN</AddtlRmtInf></Strd></RmtInf><RltdDts><TxDtTm>2018-09-03T13:44:53</TxDtTm></RltdDts><AddtlTxInf>PPWD00000000AKFPDQ1020180903826235262</AddtlTxInf></TxDtls><AddtlNtryInf>COMPLETE//0000//002//CREDIT</AddtlNtryInf></Ntry><Ntry><Amt Ccy="GBP">25.00</Amt><CdtDbtInd>CRDT</CdtDbtInd><Sts>BOOK</Sts><BookgDt><Dt>2018-09-03</Dt></BookgDt><BkTxCd><Prtry><Cd>SIP UKBA CR 40269</Cd></Prtry></BkTxCd><TxDtls><Refs><EndToEndId>00154189632BCBFFBK</EndToEndId><TxId>00154189632BCBFFBK</TxId></Refs><RltdPties><Dbtr><Nm>MALGORZATA BIALECKA</Nm></Dbtr><DbtrAcct><Id><PrtryAcct><Id>09012870330943</Id></PrtryAcct></Id></DbtrAcct><Cdtr><Nm>n szafranska</Nm></Cdtr><CdtrAcct><Id><PrtryAcct><Id>23008200427247</Id></PrtryAcct></Id></CdtrAcct><Prtry><Tp>for pills</Tp><Pty/></Prtry></RltdPties><RmtInf><Strd><AddtlRmtInf>NO REF</AddtlRmtInf></Strd><Strd><AddtlRmtInf>MALGORZATA BIALECK//for pills</AddtlRmtInf></Strd></RmtInf><RltdDts><TxDtTm>2018-09-03T13:47:26</TxDtTm></RltdDts><AddtlTxInf>00154189632BCBFFBK1020180903826090128</AddtlTxInf></TxDtls><AddtlNtryInf>COMPLETE//0000//002//CREDIT</AddtlNtryInf></Ntry><Ntry><Amt Ccy="GBP">500.00</Amt><CdtDbtInd>CRDT</CdtDbtInd><Sts>BOOK</Sts><BookgDt><Dt>2018-09-03</Dt></BookgDt><BkTxCd><Prtry><Cd>SIP UKBA CR 40269</Cd></Prtry></BkTxCd><TxDtls><Refs><EndToEndId>NOREF</EndToEndId><TxId>YBBPI1351072050061</TxId></Refs><RltdPties><Dbtr><Nm>JOANNA SYRETT</Nm></Dbtr><DbtrAcct><Id><PrtryAcct><Id>05056242791787</Id></PrtryAcct></Id></DbtrAcct><Cdtr><Nm>Hubz</Nm></Cdtr><CdtrAcct><Id><PrtryAcct><Id>23008200424377</Id></PrtryAcct></Id></CdtrAcct><Prtry><Tp>Bro</Tp><Pty/></Prtry></RltdPties><RmtInf><Strd><RfrdDocInf><RfrdDocTp><Prtry>002</Prtry></RfrdDocTp></RfrdDocInf><AddtlRmtInf>NO REF</AddtlRmtInf></Strd><Strd><AddtlRmtInf>JOANNA SYRETT//Bro</AddtlRmtInf></Strd></RmtInf><RltdDts><TxDtTm>2018-09-03T13:51:08</TxDtTm></RltdDts><AddtlTxInf>YBBPI13510720500611020180903826050562</AddtlTxInf></TxDtls><AddtlNtryInf>COMPLETE//0000//002//CREDIT</AddtlNtryInf></Ntry><Ntry><Amt Ccy="GBP">229.01</Amt><CdtDbtInd>CRDT</CdtDbtInd><Sts>BOOK</Sts><BookgDt><Dt>2018-09-03</Dt></BookgDt><BkTxCd><Prtry><Cd>FDP UKBA CR 40269</Cd></Prtry></BkTxCd><TxDtls><Refs><EndToEndId>NOREF</EndToEndId><TxId>13135334557877000N</TxId><Prtry><Tp>STO REF</Tp><Ref>0000</Ref></Prtry></Refs><RltdPties><Dbtr><Nm>J &amp; V DALTON LTDYY</Nm></Dbtr><DbtrAcct><Id><PrtryAcct><Id>54213808505411</Id></PrtryAcct></Id></DbtrAcct><Cdtr><Nm>LAUBERGS OJARS</Nm></Cdtr><CdtrAcct><Id><PrtryAcct><Id>23008200195401</Id></PrtryAcct></Id></CdtrAcct><Prtry><Tp>DALTONS</Tp><Pty/></Prtry></RltdPties><RmtInf><Strd><AddtlRmtInf>DALTONS</AddtlRmtInf></Strd><Strd><AddtlRmtInf>J &amp; V DALTON LTDYY//DALTONS</AddtlRmtInf></Strd></RmtInf><RltdDts><TxDtTm>2018-09-03T13:53:35</TxDtTm></RltdDts><AddtlTxInf>13135334557877000N4020180903826542138</AddtlTxInf></TxDtls><AddtlNtryInf>COMPLETE//0000//002//CREDIT</AddtlNtryInf></Ntry></Ntfctn></BkToCstmrDbtCdtNtfctnV01></Document>