<?xml version="1.0" encoding="UTF-8"?><Document xmlns:xsi="http://www.w3.org/2001/XMLSchema-instance" xmlns="urn:iso:std:iso:20022:tech:xsd:camt.054.001.01"><BkToCstmrDbtCdtNtfctnV01><GrpHdr><MsgId>80309K//13493</MsgId><CreDtTm>2018-09-29T15:30:00</CreDtTm></GrpHdr><Ntfctn><Id>80309K//13493//1</Id><CreDtTm>2018-09-29T15:30:00</CreDtTm><Acct><Id><PrtryAcct><Id>20594233939774</Id></PrtryAcct></Id><Ccy>GBP</Ccy></Acct><TxsSummry><TtlNtries><NbOfNtries>16</NbOfNtries><Sum>6991.59</Sum></TtlNtries><TtlCdtNtries><NbOfNtries>14</NbOfNtries><Sum>849.61</Sum></TtlCdtNtries><TtlDbtNtries><NbOfNtries>2</NbOfNtries><Sum>6141.98</Sum></TtlDbtNtries></TxsSummry><Ntry><Amt Ccy="GBP">40.00</Amt><CdtDbtInd>CRDT</CdtDbtInd><Sts>BOOK</Sts><BookgDt><Dt>2018-10-01</Dt></BookgDt><BkTxCd><Prtry><Cd>FDP UKBA CR 40269</Cd></Prtry></BkTxCd><TxDtls><Refs><EndToEndId>NOREF</EndToEndId><TxId>293114056341929001</TxId><Prtry><Tp>STO REF</Tp><Ref>0000</Ref></Prtry></Refs><RltdPties><Dbtr><Nm>EMMOTT A J</Nm></Dbtr><DbtrAcct><Id><PrtryAcct><Id>40251044532902</Id></PrtryAcct></Id></DbtrAcct><Cdtr><Nm>GCFC</Nm></Cdtr><CdtrAcct><Id><PrtryAcct><Id>23008200084715</Id></PrtryAcct></Id></CdtrAcct><Prtry><Tp>Kaleb Spence U9</Tp><Pty/></Prtry></RltdPties><RmtInf><Strd><AddtlRmtInf>NO REF</AddtlRmtInf></Strd><Strd><AddtlRmtInf>EMMOTT A J//Kaleb Spence U9</AddtlRmtInf></Strd></RmtInf><RltdDts><TxDtTm>2018-09-29T15:00:04</TxDtTm></RltdDts><AddtlTxInf>2931140563419290014020180929826402510</AddtlTxInf></TxDtls><AddtlNtryInf>COMPLETE//0000//003//CREDIT</AddtlNtryInf></Ntry><Ntry><Amt Ccy="GBP">4097.98</Amt><CdtDbtInd>DBIT</CdtDbtInd><Sts>BOOK</Sts><BookgDt><Dt>2018-10-01</Dt></BookgDt><BkTxCd><Prtry><Cd>AUT UKBA DR 30278</Cd></Prtry></BkTxCd><TxDtls><Refs><TxId>000000000338446600</TxId></Refs><RltdPties><DbtrAcct><Id><PrtryAcct><Id>20594233939774</Id></PrtryAcct></Id></DbtrAcct></RltdPties><RmtInf><Strd><AddtlRmtInf>NO REF</AddtlRmtInf></Strd><Strd><AddtlRmtInf>20180929A44639//7S      F1FQRS6330</AddtlRmtInf></Strd></RmtInf><RltdDts><TxDtTm>2018-09-29T15:01:59</TxDtTm></RltdDts><AddtlTxInf>0000000003384466000020180929826205942</AddtlTxInf></TxDtls><AddtlNtryInf>AUTHSENT//0000//003//DEBIT</AddtlNtryInf></Ntry><Ntry><Amt Ccy="GBP">53.00</Amt><CdtDbtInd>CRDT</CdtDbtInd><Sts>BOOK</Sts><BookgDt><Dt>2018-10-01</Dt></BookgDt><BkTxCd><Prtry><Cd>DCA UKBA CR 40269</Cd></Prtry></BkTxCd><TxDtls><Refs><EndToEndId>NOREF</EndToEndId><TxId>000000013708355601</TxId><Prtry><Tp>STO REF</Tp><Ref>0000</Ref></Prtry></Refs><RltdPties><Dbtr><Nm>23008200460816</Nm></Dbtr><DbtrAcct><Id><PrtryAcct><Id>20594233939774</Id></PrtryAcct></Id></DbtrAcct><Cdtr><Nm>SARA WOODROW</Nm></Cdtr><CdtrAcct><Id><PrtryAcct><Id>23008200471320</Id></PrtryAcct></Id></CdtrAcct><Prtry><Tp>THANK YOU</Tp><Pty/></Prtry></RltdPties><RmtInf><Strd><AddtlRmtInf>NO REF</AddtlRmtInf></Strd><Strd><AddtlRmtInf>23008200460816//THANK YOU</AddtlRmtInf></Strd></RmtInf><RltdDts><TxDtTm>2018-09-29T15:02:02</TxDtTm></RltdDts><AddtlTxInf>0000000137083556015020180929826205942</AddtlTxInf></TxDtls><AddtlNtryInf>COMPLETE//0000//003//CREDIT</AddtlNtryInf></Ntry><Ntry><Amt Ccy="GBP">46.59</Amt><CdtDbtInd>CRDT</CdtDbtInd><Sts>BOOK</Sts><BookgDt><Dt>2018-10-01</Dt></BookgDt><BkTxCd><Prtry><Cd>DCA UKBA CR 40269</Cd></Prtry></BkTxCd><TxDtls><Refs><EndToEndId>NOREF</EndToEndId><TxId>000000013708355201</TxId><Prtry><Tp>STO REF</Tp><Ref>0000</Ref></Prtry></Refs><RltdPties><Dbtr><Nm>23008200450613</Nm></Dbtr><DbtrAcct><Id><PrtryAcct><Id>20594233939774</Id></PrtryAcct></Id></DbtrAcct><Cdtr><Nm>RYAN BRATLEY</Nm></Cdtr><CdtrAcct><Id><PrtryAcct><Id>23008200471269</Id></PrtryAcct></Id></CdtrAcct><Prtry><Tp>15</Tp><Pty/></Prtry></RltdPties><RmtInf><Strd><AddtlRmtInf>NO REF</AddtlRmtInf></Strd><Strd><AddtlRmtInf>23008200450613//15</AddtlRmtInf></Strd></RmtInf><RltdDts><TxDtTm>2018-09-29T15:02:02</TxDtTm></RltdDts><AddtlTxInf>0000000137083552015020180929826205942</AddtlTxInf></TxDtls><AddtlNtryInf>COMPLETE//0000//003//CREDIT</AddtlNtryInf></Ntry><Ntry><Amt Ccy="GBP">2044.00</Amt><CdtDbtInd>DBIT</CdtDbtInd><Sts>BOOK</Sts><BookgDt><Dt>2018-10-01</Dt></BookgDt><BkTxCd><Prtry><Cd>AUT UKBA DR 30278</Cd></Prtry></BkTxCd><TxDtls><Refs><TxId>000000000338446700</TxId></Refs><RltdPties><DbtrAcct><Id><PrtryAcct><Id>20594233939774</Id></PrtryAcct></Id></DbtrAcct></RltdPties><RmtInf><Strd><AddtlRmtInf>NO REF</AddtlRmtInf></Strd><Strd><AddtlRmtInf>20180929A44639//7S      F1FP1GI328</AddtlRmtInf></Strd></RmtInf><RltdDts><TxDtTm>2018-09-29T15:02:11</TxDtTm></RltdDts><AddtlTxInf>0000000003384467000020180929826205942</AddtlTxInf></TxDtls><AddtlNtryInf>AUTHSENT//0000//003//DEBIT</AddtlNtryInf></Ntry><Ntry><Amt Ccy="GBP">4.00</Amt><CdtDbtInd>CRDT</CdtDbtInd><Sts>BOOK</Sts><BookgDt><Dt>2018-10-01</Dt></BookgDt><BkTxCd><Prtry><Cd>SIP UKBA CR 40269</Cd></Prtry></BkTxCd><TxDtls><Refs><EndToEndId>00151468632BBFYLDC</EndToEndId><TxId>00151468632BBFYLDC</TxId></Refs><RltdPties><Dbtr><Nm>SONU HAQ</Nm></Dbtr><DbtrAcct><Id><PrtryAcct><Id>09012906658188</Id></PrtryAcct></Id></DbtrAcct><Cdtr><Nm>m bilal</Nm></Cdtr><CdtrAcct><Id><PrtryAcct><Id>23008200107448</Id></PrtryAcct></Id></CdtrAcct><Prtry><Tp>gift</Tp><Pty/></Prtry></RltdPties><RmtInf><Strd><AddtlRmtInf>NO REF</AddtlRmtInf></Strd><Strd><AddtlRmtInf>SONU HAQ//gift</AddtlRmtInf></Strd></RmtInf><RltdDts><TxDtTm>2018-09-29T15:02:27</TxDtTm></RltdDts><AddtlTxInf>00151468632BBFYLDC1020180929826090129</AddtlTxInf></TxDtls><AddtlNtryInf>COMPLETE//0000//003//CREDIT</AddtlNtryInf></Ntry><Ntry><Amt Ccy="GBP">2.00</Amt><CdtDbtInd>CRDT</CdtDbtInd><Sts>BOOK</Sts><BookgDt><Dt>2018-10-01</Dt></BookgDt><BkTxCd><Prtry><Cd>SIP UKBA CR 40269</Cd></Prtry></BkTxCd><TxDtls><Refs><EndToEndId>NOREF</EndToEndId><TxId>600000000393053524</TxId></Refs><RltdPties><Dbtr><Nm>A Guy</Nm></Dbtr><DbtrAcct><Id><PrtryAcct><Id>30986222015160</Id></PrtryAcct></Id></DbtrAcct><Cdtr><Nm>LLOYD RANDOM</Nm></Cdtr><CdtrAcct><Id><PrtryAcct><Id>23008200416810</Id></PrtryAcct></Id></CdtrAcct><Prtry><Tp>HELP</Tp><Pty/></Prtry></RltdPties><RmtInf><Strd><AddtlRmtInf>NO REF</AddtlRmtInf></Strd><Strd><AddtlRmtInf>A Guy//HELP</AddtlRmtInf></Strd></RmtInf><RltdDts><TxDtTm>2018-09-29T15:10:57</TxDtTm></RltdDts><AddtlTxInf>6000000003930535241020180929826309862</AddtlTxInf></TxDtls><AddtlNtryInf>COMPLETE//0000//003//CREDIT</AddtlNtryInf></Ntry><Ntry><Amt Ccy="GBP">0.01</Amt><CdtDbtInd>CRDT</CdtDbtInd><Sts>BOOK</Sts><BookgDt><Dt>2018-10-01</Dt></BookgDt><BkTxCd><Prtry><Cd>SIP UKBA CR 40269</Cd></Prtry></BkTxCd><TxDtls><Refs><EndToEndId>PPRD00000000AR3814</EndToEndId><TxId>PPRD00000000AR3814</TxId></Refs><RltdPties><Dbtr><Nm>PAYPAL CODE 9489</Nm><PstlAdr><AdrLine>2211 N 1st Street San Jose CA 95131</AdrLine><Ctry/></PstlAdr></Dbtr><DbtrAcct><Id><PrtryAcct><Id>23526285010101</Id></PrtryAcct></Id></DbtrAcct><Cdtr><Nm>Edward Scoffin</Nm><PstlAdr><AdrLine>12 Coney Green Close</AdrLine><Ctry/></PstlAdr></Cdtr><CdtrAcct><Id><PrtryAcct><Id>23008200347384</Id></PrtryAcct></Id></CdtrAcct><Prtry><Tp>PAYPAL CODE 9489</Tp><Pty/></Prtry></RltdPties><RmtInf><Strd><RfrdDocInf><RfrdDocTp><Prtry>002</Prtry></RfrdDocTp></RfrdDocInf><AddtlRmtInf>NO REF</AddtlRmtInf></Strd><Strd><AddtlRmtInf>PAYPAL CODE 9489//PAYPAL CODE 9489</AddtlRmtInf></Strd></RmtInf><RltdDts><TxDtTm>2018-09-29T15:11:33</TxDtTm></RltdDts><AddtlTxInf>PPRD00000000AR38141020180929826235262</AddtlTxInf></TxDtls><AddtlNtryInf>COMPLETE//0000//003//CREDIT</AddtlNtryInf></Ntry><Ntry><Amt Ccy="GBP">0.01</Amt><CdtDbtInd>CRDT</CdtDbtInd><Sts>BOOK</Sts><BookgDt><Dt>2018-10-01</Dt></BookgDt><BkTxCd><Prtry><Cd>SIP UKBA CR 40269</Cd></Prtry></BkTxCd><TxDtls><Refs><EndToEndId>PPRD00000000AR3882</EndToEndId><TxId>PPRD00000000AR3882</TxId></Refs><RltdPties><Dbtr><Nm>PAYPAL CODE 3069</Nm><PstlAdr><AdrLine>2211 N 1st Street San Jose CA 95131</AdrLine><Ctry/></PstlAdr></Dbtr><DbtrAcct><Id><PrtryAcct><Id>23526285010101</Id></PrtryAcct></Id></DbtrAcct><Cdtr><Nm>William Dow</Nm><PstlAdr><AdrLine>33 Manor Road</AdrLine><Ctry/></PstlAdr></Cdtr><CdtrAcct><Id><PrtryAcct><Id>23008200475265</Id></PrtryAcct></Id></CdtrAcct><Prtry><Tp>PAYPAL CODE 3069</Tp><Pty/></Prtry></RltdPties><RmtInf><Strd><RfrdDocInf><RfrdDocTp><Prtry>002</Prtry></RfrdDocTp></RfrdDocInf><AddtlRmtInf>NO REF</AddtlRmtInf></Strd><Strd><AddtlRmtInf>PAYPAL CODE 3069//PAYPAL CODE 3069</AddtlRmtInf></Strd></RmtInf><RltdDts><TxDtTm>2018-09-29T15:12:23</TxDtTm></RltdDts><AddtlTxInf>PPRD00000000AR38821020180929826235262</AddtlTxInf></TxDtls><AddtlNtryInf>COMPLETE//0000//003//CREDIT</AddtlNtryInf></Ntry><Ntry><Amt Ccy="GBP">2.00</Amt><CdtDbtInd>CRDT</CdtDbtInd><Sts>BOOK</Sts><BookgDt><Dt>2018-10-01</Dt></BookgDt><BkTxCd><Prtry><Cd>FDP UKBA CR 40269</Cd></Prtry></BkTxCd><TxDtls><Refs><EndToEndId>NOREF</EndToEndId><TxId>586508842051929001</TxId><Prtry><Tp>STO REF</Tp><Ref>0000</Ref></Prtry></Refs><RltdPties><Dbtr><Nm>PICKERING S</Nm></Dbtr><DbtrAcct><Id><PrtryAcct><Id>40090014865367</Id></PrtryAcct></Id></DbtrAcct><Cdtr><Nm>Danny arlo</Nm></Cdtr><CdtrAcct><Id><PrtryAcct><Id>23008200459127</Id></PrtryAcct></Id></CdtrAcct><Prtry><Tp>Pet</Tp><Pty/></Prtry></RltdPties><RmtInf><Strd><AddtlRmtInf>NO REF</AddtlRmtInf></Strd><Strd><AddtlRmtInf>PICKERING S//Pet</AddtlRmtInf></Strd></RmtInf><RltdDts><TxDtTm>2018-09-29T15:15:02</TxDtTm></RltdDts><AddtlTxInf>5865088420519290014020180929826400900</AddtlTxInf></TxDtls><AddtlNtryInf>COMPLETE//0000//003//CREDIT</AddtlNtryInf></Ntry><Ntry><Amt Ccy="GBP">30.00</Amt><CdtDbtInd>CRDT</CdtDbtInd><Sts>BOOK</Sts><BookgDt><Dt>2018-10-01</Dt></BookgDt><BkTxCd><Prtry><Cd>SIP UKBA CR 40269</Cd></Prtry></BkTxCd><TxDtls><Refs><EndToEndId>X</EndToEndId><TxId>09151543247009000R</TxId><Prtry><Tp>STO REF</Tp><Ref>0000</Ref></Prtry></Refs><RltdPties><Dbtr><Nm>WYNE JJ</Nm></Dbtr><DbtrAcct><Id><PrtryAcct><Id>83173100273223</Id></PrtryAcct></Id></DbtrAcct><Cdtr><Nm>JASON</Nm></Cdtr><CdtrAcct><Id><PrtryAcct><Id>23008200463966</Id></PrtryAcct></Id></CdtrAcct><Prtry><Tp>X</Tp><Pty/></Prtry></RltdPties><RmtInf><Strd><AddtlRmtInf>WYNE JJ           X                 VIA MOBILE - LVP</AddtlRmtInf></Strd><Strd><AddtlRmtInf>WYNE JJ//X</AddtlRmtInf></Strd></RmtInf><RltdDts><TxDtTm>2018-09-29T15:15:43</TxDtTm></RltdDts><AddtlTxInf>09151543247009000R1020180929826831731</AddtlTxInf></TxDtls><AddtlNtryInf>COMPLETE//0000//003//CREDIT</AddtlNtryInf></Ntry><Ntry><Amt Ccy="GBP">10.00</Amt><CdtDbtInd>CRDT</CdtDbtInd><Sts>BOOK</Sts><BookgDt><Dt>2018-10-01</Dt></BookgDt><BkTxCd><Prtry><Cd>SIP UKBA CR 40269</Cd></Prtry></BkTxCd><TxDtls><Refs><EndToEndId>FUN</EndToEndId><TxId>05151849063410000N</TxId><Prtry><Tp>STO REF</Tp><Ref>0000</Ref></Prtry></Refs><RltdPties><Dbtr><Nm>COMPTON SE</Nm></Dbtr><DbtrAcct><Id><PrtryAcct><Id>60051319872003</Id></PrtryAcct></Id></DbtrAcct><Cdtr><Nm>SUE</Nm></Cdtr><CdtrAcct><Id><PrtryAcct><Id>23008200140276</Id></PrtryAcct></Id></CdtrAcct><Prtry><Tp>FUN</Tp><Pty/></Prtry></RltdPties><RmtInf><Strd><AddtlRmtInf>COMPTON SE        FUN               VIA MOBILE - LVP</AddtlRmtInf></Strd><Strd><AddtlRmtInf>COMPTON SE//FUN</AddtlRmtInf></Strd></RmtInf><RltdDts><TxDtTm>2018-09-29T15:18:49</TxDtTm></RltdDts><AddtlTxInf>05151849063410000N1020180929826600513</AddtlTxInf></TxDtls><AddtlNtryInf>COMPLETE//0000//003//CREDIT</AddtlNtryInf></Ntry><Ntry><Amt Ccy="GBP">550.00</Amt><CdtDbtInd>CRDT</CdtDbtInd><Sts>BOOK</Sts><BookgDt><Dt>2018-10-01</Dt></BookgDt><BkTxCd><Prtry><Cd>SIP UKBA CR 40269</Cd></Prtry></BkTxCd><TxDtls><Refs><EndToEndId>NOREF</EndToEndId><TxId>YBBPI1521552502060</TxId></Refs><RltdPties><Dbtr><Nm>JANET HUDSON</Nm></Dbtr><DbtrAcct><Id><PrtryAcct><Id>05013167414730</Id></PrtryAcct></Id></DbtrAcct><Cdtr><Nm>Nicola Ann Walker</Nm></Cdtr><CdtrAcct><Id><PrtryAcct><Id>23008200459566</Id></PrtryAcct></Id></CdtrAcct><Prtry><Tp>rent bond</Tp><Pty/></Prtry></RltdPties><RmtInf><Strd><RfrdDocInf><RfrdDocTp><Prtry>002</Prtry></RfrdDocTp></RfrdDocInf><AddtlRmtInf>NO REF</AddtlRmtInf></Strd><Strd><AddtlRmtInf>JANET HUDSON//rent bond</AddtlRmtInf></Strd></RmtInf><RltdDts><TxDtTm>2018-09-29T15:21:56</TxDtTm></RltdDts><AddtlTxInf>YBBPI15215525020601020180929826050131</AddtlTxInf></TxDtls><AddtlNtryInf>COMPLETE//0000//003//CREDIT</AddtlNtryInf></Ntry><Ntry><Amt Ccy="GBP">50.00</Amt><CdtDbtInd>CRDT</CdtDbtInd><Sts>BOOK</Sts><BookgDt><Dt>2018-10-01</Dt></BookgDt><BkTxCd><Prtry><Cd>SIP UKBA CR 40269</Cd></Prtry></BkTxCd><TxDtls><Refs><EndToEndId>NOREF</EndToEndId><TxId>300000000396989825</TxId></Refs><RltdPties><Dbtr><Nm>D Afolayan</Nm></Dbtr><DbtrAcct><Id><PrtryAcct><Id>30978522695568</Id></PrtryAcct></Id></DbtrAcct><Cdtr><Nm>MICHAEL ARRO</Nm></Cdtr><CdtrAcct><Id><PrtryAcct><Id>23008200425286</Id></PrtryAcct></Id></CdtrAcct><Prtry><Tp>ACCT</Tp><Pty/></Prtry></RltdPties><RmtInf><Strd><AddtlRmtInf>NO REF</AddtlRmtInf></Strd><Strd><AddtlRmtInf>D Afolayan//ACCT</AddtlRmtInf></Strd></RmtInf><RltdDts><TxDtTm>2018-09-29T15:27:25</TxDtTm></RltdDts><AddtlTxInf>3000000003969898251020180929826309785</AddtlTxInf></TxDtls><AddtlNtryInf>COMPLETE//0000//003//CREDIT</AddtlNtryInf></Ntry><Ntry><Amt Ccy="GBP">20.00</Amt><CdtDbtInd>CRDT</CdtDbtInd><Sts>BOOK</Sts><BookgDt><Dt>2018-10-01</Dt></BookgDt><BkTxCd><Prtry><Cd>SIP UKBA CR 40269</Cd></Prtry></BkTxCd><TxDtls><Refs><EndToEndId>NOREF</EndToEndId><TxId>500000000393341018</TxId></Refs><RltdPties><Dbtr><Nm>K Eccles</Nm></Dbtr><DbtrAcct><Id><PrtryAcct><Id>30719862294768</Id></PrtryAcct></Id></DbtrAcct><Cdtr><Nm>KATIE ECCLES</Nm></Cdtr><CdtrAcct><Id><PrtryAcct><Id>23008200446554</Id></PrtryAcct></Id></CdtrAcct></RltdPties><RmtInf><Strd><AddtlRmtInf>NO REF</AddtlRmtInf></Strd><Strd><AddtlRmtInf>K Eccles//</AddtlRmtInf></Strd></RmtInf><RltdDts><TxDtTm>2018-09-29T15:28:48</TxDtTm></RltdDts><AddtlTxInf>5000000003933410181020180929826307198</AddtlTxInf></TxDtls><AddtlNtryInf>COMPLETE//0000//003//CREDIT</AddtlNtryInf></Ntry><Ntry><Amt Ccy="GBP">42.00</Amt><CdtDbtInd>CRDT</CdtDbtInd><Sts>BOOK</Sts><BookgDt><Dt>2018-10-01</Dt></BookgDt><BkTxCd><Prtry><Cd>SIP UKBA CR 40269</Cd></Prtry></BkTxCd><TxDtls><Refs><EndToEndId>NOREF</EndToEndId><TxId>500000000393341206</TxId></Refs><RltdPties><Dbtr><Nm>D Jones</Nm></Dbtr><DbtrAcct><Id><PrtryAcct><Id>11181132796104</Id></PrtryAcct></Id></DbtrAcct><Cdtr><Nm>DARRAN JONES</Nm></Cdtr><CdtrAcct><Id><PrtryAcct><Id>23008200125402</Id></PrtryAcct></Id></CdtrAcct><Prtry><Tp>ARRO</Tp><Pty/></Prtry></RltdPties><RmtInf><Strd><AddtlRmtInf>NO REF</AddtlRmtInf></Strd><Strd><AddtlRmtInf>D Jones//ARRO</AddtlRmtInf></Strd></RmtInf><RltdDts><TxDtTm>2018-09-29T15:29:38</TxDtTm></RltdDts><AddtlTxInf>5000000003933412061020180929826111811</AddtlTxInf></TxDtls><AddtlNtryInf>COMPLETE//0000//003//CREDIT</AddtlNtryInf></Ntry></Ntfctn></BkToCstmrDbtCdtNtfctnV01></Document>