<?xml version="1.0" encoding="UTF-8"?><Document xmlns:xsi="http://www.w3.org/2001/XMLSchema-instance" xmlns="urn:iso:std:iso:20022:tech:xsd:camt.054.001.01"><BkToCstmrDbtCdtNtfctnV01><GrpHdr><MsgId>80309K//12496</MsgId><CreDtTm>2018-09-06T12:00:00</CreDtTm></GrpHdr><Ntfctn><Id>80309K//12496//1</Id><CreDtTm>2018-09-06T12:00:00</CreDtTm><Acct><Id><PrtryAcct><Id>20594233939774</Id></PrtryAcct></Id><Ccy>GBP</Ccy></Acct><TxsSummry><TtlNtries><NbOfNtries>10</NbOfNtries><Sum>7441.43</Sum></TtlNtries><TtlCdtNtries><NbOfNtries>10</NbOfNtries><Sum>7441.43</Sum></TtlCdtNtries><TtlDbtNtries><NbOfNtries>0</NbOfNtries><Sum>0.00</Sum></TtlDbtNtries></TxsSummry><Ntry><Amt Ccy="GBP">5.00</Amt><CdtDbtInd>CRDT</CdtDbtInd><Sts>BOOK</Sts><BookgDt><Dt>2018-09-06</Dt></BookgDt><BkTxCd><Prtry><Cd>SIP UKBA CR 40269</Cd></Prtry></BkTxCd><TxDtls><Refs><EndToEndId>DAD</EndToEndId><TxId>07113200294378000N</TxId><Prtry><Tp>STO REF</Tp><Ref>0000</Ref></Prtry></Refs><RltdPties><Dbtr><Nm>LARNDER-SMITH SA</Nm></Dbtr><DbtrAcct><Id><PrtryAcct><Id>55502864581667</Id></PrtryAcct></Id></DbtrAcct><Cdtr><Nm>CORY LARNDER-SMITH</Nm></Cdtr><CdtrAcct><Id><PrtryAcct><Id>23008200246431</Id></PrtryAcct></Id></CdtrAcct><Prtry><Tp>DAD</Tp><Pty/></Prtry></RltdPties><RmtInf><Strd><AddtlRmtInf>LARNDER-SMITH SA  DAD               VIA MOBILE - LVP</AddtlRmtInf></Strd><Strd><AddtlRmtInf>LARNDER-SMITH SA//DAD</AddtlRmtInf></Strd></RmtInf><RltdDts><TxDtTm>2018-09-06T11:32:00</TxDtTm></RltdDts><AddtlTxInf>07113200294378000N1020180906826555028</AddtlTxInf></TxDtls><AddtlNtryInf>COMPLETE//0000//001//CREDIT</AddtlNtryInf></Ntry><Ntry><Amt Ccy="GBP">1800.00</Amt><CdtDbtInd>CRDT</CdtDbtInd><Sts>BOOK</Sts><BookgDt><Dt>2018-09-06</Dt></BookgDt><BkTxCd><Prtry><Cd>FDP UKBA CR 40269</Cd></Prtry></BkTxCd><TxDtls><Refs><EndToEndId>NOREF</EndToEndId><TxId>4572509043116108CN</TxId><Prtry><Tp>STO REF</Tp><Ref>0000</Ref></Prtry></Refs><RltdPties><Dbtr><Nm>MR G STEWART</Nm><PstlAdr><AdrLine>MR G STEWART;41 HERRIOT CRESCENT;</AdrLine><AdrLine>METHIL;LEVEN</AdrLine><Ctry/></PstlAdr></Dbtr><DbtrAcct><Id><PrtryAcct><Id>08606472733105</Id></PrtryAcct></Id></DbtrAcct><Cdtr><Nm>MR G STEWART</Nm></Cdtr><CdtrAcct><Id><PrtryAcct><Id>23008200411849</Id></PrtryAcct></Id></CdtrAcct></RltdPties><RmtInf><Strd><AddtlRmtInf>NO REF</AddtlRmtInf></Strd><Strd><AddtlRmtInf>MR G STEWART//</AddtlRmtInf></Strd></RmtInf><RltdDts><TxDtTm>2018-09-06T11:34:10</TxDtTm></RltdDts><AddtlTxInf>4572509043116108CN4020180906826400250</AddtlTxInf></TxDtls><AddtlNtryInf>COMPLETE//0000//001//CREDIT</AddtlNtryInf></Ntry><Ntry><Amt Ccy="GBP">60.00</Amt><CdtDbtInd>CRDT</CdtDbtInd><Sts>BOOK</Sts><BookgDt><Dt>2018-09-06</Dt></BookgDt><BkTxCd><Prtry><Cd>SIP UKBA CR 40269</Cd></Prtry></BkTxCd><TxDtls><Refs><EndToEndId>NIK</EndToEndId><TxId>09113621545651000N</TxId><Prtry><Tp>STO REF</Tp><Ref>0000</Ref></Prtry></Refs><RltdPties><Dbtr><Nm>LOVELL NS</Nm></Dbtr><DbtrAcct><Id><PrtryAcct><Id>60242089771583</Id></PrtryAcct></Id></DbtrAcct><Cdtr><Nm>N LOVELL</Nm></Cdtr><CdtrAcct><Id><PrtryAcct><Id>23008200376717</Id></PrtryAcct></Id></CdtrAcct><Prtry><Tp>NIK</Tp><Pty/></Prtry></RltdPties><RmtInf><Strd><AddtlRmtInf>LOVELL NS         NIK               VIA MOBILE - LVP</AddtlRmtInf></Strd><Strd><AddtlRmtInf>LOVELL NS//NIK</AddtlRmtInf></Strd></RmtInf><RltdDts><TxDtTm>2018-09-06T11:36:21</TxDtTm></RltdDts><AddtlTxInf>09113621545651000N1020180906826602420</AddtlTxInf></TxDtls><AddtlNtryInf>COMPLETE//0000//001//CREDIT</AddtlNtryInf></Ntry><Ntry><Amt Ccy="GBP">30.00</Amt><CdtDbtInd>CRDT</CdtDbtInd><Sts>BOOK</Sts><BookgDt><Dt>2018-09-06</Dt></BookgDt><BkTxCd><Prtry><Cd>SIP UKBA CR 40269</Cd></Prtry></BkTxCd><TxDtls><Refs><EndToEndId>NOREF</EndToEndId><TxId>180906113719994785</TxId></Refs><RltdPties><Dbtr><Nm>Blaise Kimpini</Nm></Dbtr><DbtrAcct><Id><PrtryAcct><Id>77666502655568</Id></PrtryAcct></Id></DbtrAcct><Cdtr><Nm>BLAISE KIMPINI</Nm></Cdtr><CdtrAcct><Id><PrtryAcct><Id>23008200326733</Id></PrtryAcct></Id></CdtrAcct><Prtry><Tp>BF</Tp><Pty/></Prtry></RltdPties><RmtInf><Strd><AddtlRmtInf>NO REF</AddtlRmtInf></Strd><Strd><AddtlRmtInf>Blaise Kimpini//BF</AddtlRmtInf></Strd></RmtInf><RltdDts><TxDtTm>2018-09-06T11:37:17</TxDtTm></RltdDts><AddtlTxInf>1809061137199947851020180906826776665</AddtlTxInf></TxDtls><AddtlNtryInf>COMPLETE//0000//001//CREDIT</AddtlNtryInf></Ntry><Ntry><Amt Ccy="GBP">20.00</Amt><CdtDbtInd>CRDT</CdtDbtInd><Sts>BOOK</Sts><BookgDt><Dt>2018-09-06</Dt></BookgDt><BkTxCd><Prtry><Cd>SIP UKBA CR 40269</Cd></Prtry></BkTxCd><TxDtls><Refs><EndToEndId>NOREF</EndToEndId><TxId>RP4679960745321500</TxId></Refs><RltdPties><Dbtr><Nm>GILMER D</Nm></Dbtr><DbtrAcct><Id><PrtryAcct><Id>20680410926922</Id></PrtryAcct></Id></DbtrAcct><Cdtr><Nm>MISS PAULA BUCHOLC</Nm></Cdtr><CdtrAcct><Id><PrtryAcct><Id>23008200233440</Id></PrtryAcct></Id></CdtrAcct><Prtry><Tp>PAULA</Tp><Pty/></Prtry></RltdPties><RmtInf><Strd><AddtlRmtInf>NO REF</AddtlRmtInf></Strd><Strd><AddtlRmtInf>GILMER D//PAULA</AddtlRmtInf></Strd></RmtInf><RltdDts><TxDtTm>2018-09-06T11:46:06</TxDtTm></RltdDts><AddtlTxInf>RP46799607453215001020180906826200026</AddtlTxInf></TxDtls><AddtlNtryInf>COMPLETE//0000//001//CREDIT</AddtlNtryInf></Ntry><Ntry><Amt Ccy="GBP">301.43</Amt><CdtDbtInd>CRDT</CdtDbtInd><Sts>BOOK</Sts><BookgDt><Dt>2018-09-06</Dt></BookgDt><BkTxCd><Prtry><Cd>FDP UKBA CR 40269</Cd></Prtry></BkTxCd><TxDtls><Refs><EndToEndId>NOREF</EndToEndId><TxId>9958914264116119FU</TxId><Prtry><Tp>STO REF</Tp><Ref>0001</Ref></Prtry></Refs><RltdPties><Dbtr><Nm>FREELANCE PROFESSI</Nm></Dbtr><DbtrAcct><Id><PrtryAcct><Id>40040922023393</Id></PrtryAcct></Id></DbtrAcct><Cdtr><Nm>BUNILA RENE ATATIH</Nm></Cdtr><CdtrAcct><Id><PrtryAcct><Id>23008200065609</Id></PrtryAcct></Id></CdtrAcct><Prtry><Tp>FPS PAYMENT</Tp><Pty/></Prtry></RltdPties><RmtInf><Strd><AddtlRmtInf>NO REF</AddtlRmtInf></Strd><Strd><AddtlRmtInf>FREELANCE PROFESSI//FPS PAYMENT</AddtlRmtInf></Strd></RmtInf><RltdDts><TxDtTm>2018-09-06T11:46:25</TxDtTm></RltdDts><AddtlTxInf>9958914264116119FU4020180906826400409</AddtlTxInf></TxDtls><AddtlNtryInf>COMPLETE//0000//001//CREDIT</AddtlNtryInf></Ntry><Ntry><Amt Ccy="GBP">144.00</Amt><CdtDbtInd>CRDT</CdtDbtInd><Sts>BOOK</Sts><BookgDt><Dt>2018-09-06</Dt></BookgDt><BkTxCd><Prtry><Cd>SIP UKBA CR 40269</Cd></Prtry></BkTxCd><TxDtls><Refs><EndToEndId>NOREF</EndToEndId><TxId>42114648094286000N</TxId><Prtry><Tp>STO REF</Tp><Ref>0000</Ref></Prtry></Refs><RltdPties><Dbtr><Nm>BABALOLA JOHN</Nm><PstlAdr><AdrLine>APS COTTONS CENTRE SE1 2QG</AdrLine><Ctry/></PstlAdr></Dbtr><DbtrAcct><Id><PrtryAcct><Id>08719923515362</Id></PrtryAcct></Id></DbtrAcct><Cdtr><Nm>BABALOLA JOHN</Nm></Cdtr><CdtrAcct><Id><PrtryAcct><Id>23008200076372</Id></PrtryAcct></Id></CdtrAcct><Prtry><Tp>SAVING</Tp><Pty/></Prtry></RltdPties><RmtInf><Strd><AddtlRmtInf>SAVING</AddtlRmtInf></Strd><Strd><AddtlRmtInf>BABALOLA JOHN//SAVING</AddtlRmtInf></Strd></RmtInf><RltdDts><TxDtTm>2018-09-06T11:46:48</TxDtTm></RltdDts><AddtlTxInf>42114648094286000N1020180906826087199</AddtlTxInf></TxDtls><AddtlNtryInf>COMPLETE//0000//001//CREDIT</AddtlNtryInf></Ntry><Ntry><Amt Ccy="GBP">81.00</Amt><CdtDbtInd>CRDT</CdtDbtInd><Sts>BOOK</Sts><BookgDt><Dt>2018-09-06</Dt></BookgDt><BkTxCd><Prtry><Cd>SIP UKBA CR 40269</Cd></Prtry></BkTxCd><TxDtls><Refs><EndToEndId>NOREF</EndToEndId><TxId>RP4679960745444100</TxId></Refs><RltdPties><Dbtr><Nm>BUCHANAN J</Nm></Dbtr><DbtrAcct><Id><PrtryAcct><Id>20270523764079</Id></PrtryAcct></Id></DbtrAcct><Cdtr><Nm>ROBERT JACKSON</Nm></Cdtr><CdtrAcct><Id><PrtryAcct><Id>23008200431909</Id></PrtryAcct></Id></CdtrAcct><Prtry><Tp>JACKSON LTD</Tp><Pty/></Prtry></RltdPties><RmtInf><Strd><AddtlRmtInf>NO REF</AddtlRmtInf></Strd><Strd><AddtlRmtInf>BUCHANAN J//JACKSON LTD</AddtlRmtInf></Strd></RmtInf><RltdDts><TxDtTm>2018-09-06T11:47:30</TxDtTm></RltdDts><AddtlTxInf>RP46799607454441001020180906826200026</AddtlTxInf></TxDtls><AddtlNtryInf>COMPLETE//0000//001//CREDIT</AddtlNtryInf></Ntry><Ntry><Amt Ccy="GBP">4500.00</Amt><CdtDbtInd>CRDT</CdtDbtInd><Sts>BOOK</Sts><BookgDt><Dt>2018-09-06</Dt></BookgDt><BkTxCd><Prtry><Cd>SIP UKBA CR 40269</Cd></Prtry></BkTxCd><TxDtls><Refs><EndToEndId>NOREF</EndToEndId><TxId>9923517355116090HN</TxId><Prtry><Tp>STO REF</Tp><Ref>0000</Ref></Prtry></Refs><RltdPties><Dbtr><Nm>PEAK CASHFLOW LIMITED</Nm></Dbtr><DbtrAcct><Id><PrtryAcct><Id>40182292022249</Id></PrtryAcct></Id></DbtrAcct><Cdtr><Nm>ROAD WISE TRAFFIC MANAGEMENT LTD</Nm></Cdtr><CdtrAcct><Id><PrtryAcct><Id>23008200223263</Id></PrtryAcct></Id></CdtrAcct></RltdPties><RmtInf><Strd><AddtlRmtInf>NO REF</AddtlRmtInf></Strd><Strd><AddtlRmtInf>PEAK CASHFLOW LIMI//</AddtlRmtInf></Strd></RmtInf><RltdDts><TxDtTm>2018-09-06T11:55:37</TxDtTm></RltdDts><AddtlTxInf>9923517355116090HN1020180906826401822</AddtlTxInf></TxDtls><AddtlNtryInf>COMPLETE//0000//001//CREDIT</AddtlNtryInf></Ntry><Ntry><Amt Ccy="GBP">500.00</Amt><CdtDbtInd>CRDT</CdtDbtInd><Sts>BOOK</Sts><BookgDt><Dt>2018-09-06</Dt></BookgDt><BkTxCd><Prtry><Cd>SIP UKBA CR 40269</Cd></Prtry></BkTxCd><TxDtls><Refs><EndToEndId>NOREF</EndToEndId><TxId>RP4659983968383200</TxId></Refs><RltdPties><Dbtr><Nm>HOLMES SL BPO</Nm></Dbtr><DbtrAcct><Id><PrtryAcct><Id>20784260105791</Id></PrtryAcct></Id></DbtrAcct><Cdtr><Nm>M LUCAS</Nm></Cdtr><CdtrAcct><Id><PrtryAcct><Id>23008200286212</Id></PrtryAcct></Id></CdtrAcct><Prtry><Tp>AVIOS</Tp><Pty/></Prtry></RltdPties><RmtInf><Strd><AddtlRmtInf>NO REF</AddtlRmtInf></Strd><Strd><AddtlRmtInf>HOLMES SL BPO//AVIOS</AddtlRmtInf></Strd></RmtInf><RltdDts><TxDtTm>2018-09-06T11:56:32</TxDtTm></RltdDts><AddtlTxInf>RP46599839683832001020180906826200026</AddtlTxInf></TxDtls><AddtlNtryInf>COMPLETE//0000//001//CREDIT</AddtlNtryInf></Ntry></Ntfctn></BkToCstmrDbtCdtNtfctnV01></Document>