<?xml version="1.0" encoding="UTF-8"?><Document xmlns:xsi="http://www.w3.org/2001/XMLSchema-instance" xmlns="urn:iso:std:iso:20022:tech:xsd:camt.054.001.01"><BkToCstmrDbtCdtNtfctnV01><GrpHdr><MsgId>80309K//12412</MsgId><CreDtTm>2018-09-04T14:30:00</CreDtTm></GrpHdr><Ntfctn><Id>80309K//12412//1</Id><CreDtTm>2018-09-04T14:30:00</CreDtTm><Acct><Id><PrtryAcct><Id>20594233939774</Id></PrtryAcct></Id><Ccy>GBP</Ccy></Acct><TxsSummry><TtlNtries><NbOfNtries>23</NbOfNtries><Sum>17448.64</Sum></TtlNtries><TtlCdtNtries><NbOfNtries>19</NbOfNtries><Sum>1806.42</Sum></TtlCdtNtries><TtlDbtNtries><NbOfNtries>4</NbOfNtries><Sum>15642.22</Sum></TtlDbtNtries></TxsSummry><Ntry><Amt Ccy="GBP">0.01</Amt><CdtDbtInd>CRDT</CdtDbtInd><Sts>BOOK</Sts><BookgDt><Dt>2018-09-04</Dt></BookgDt><BkTxCd><Prtry><Cd>SIP UKBA CR 40269</Cd></Prtry></BkTxCd><TxDtls><Refs><EndToEndId>PPRD00000000AKQ25S</EndToEndId><TxId>PPRD00000000AKQ25S</TxId></Refs><RltdPties><Dbtr><Nm>PAYPAL CODE 5226</Nm><PstlAdr><AdrLine>2211 N 1st Street San Jose CA 95131</AdrLine><Ctry/></PstlAdr></Dbtr><DbtrAcct><Id><PrtryAcct><Id>23526285010101</Id></PrtryAcct></Id></DbtrAcct><Cdtr><Nm>Anna Coplin</Nm><PstlAdr><AdrLine>69 East View</AdrLine><Ctry/></PstlAdr></Cdtr><CdtrAcct><Id><PrtryAcct><Id>23008200429827</Id></PrtryAcct></Id></CdtrAcct><Prtry><Tp>PAYPAL CODE 5226</Tp><Pty/></Prtry></RltdPties><RmtInf><Strd><RfrdDocInf><RfrdDocTp><Prtry>002</Prtry></RfrdDocTp></RfrdDocInf><AddtlRmtInf>NO REF</AddtlRmtInf></Strd><Strd><AddtlRmtInf>PAYPAL CODE 5226//PAYPAL CODE 5226</AddtlRmtInf></Strd></RmtInf><RltdDts><TxDtTm>2018-09-04T14:09:06</TxDtTm></RltdDts><AddtlTxInf>PPRD00000000AKQ25S1020180904826235262</AddtlTxInf></TxDtls><AddtlNtryInf>COMPLETE//0000//002//CREDIT</AddtlNtryInf></Ntry><Ntry><Amt Ccy="GBP">100.51</Amt><CdtDbtInd>CRDT</CdtDbtInd><Sts>BOOK</Sts><BookgDt><Dt>2018-09-04</Dt></BookgDt><BkTxCd><Prtry><Cd>SIP UKBA CR 40269</Cd></Prtry></BkTxCd><TxDtls><Refs><EndToEndId>NOREF</EndToEndId><TxId>62521774014144F7SW</TxId><Prtry><Tp>STO REF</Tp><Ref>0000</Ref></Prtry></Refs><RltdPties><Dbtr><Nm>SKRILL LIMITED</Nm><PstlAdr><AdrLine>LONDON</AdrLine><Ctry/></PstlAdr></Dbtr><DbtrAcct><Id><PrtryAcct><Id>40486563717002</Id></PrtryAcct></Id></DbtrAcct><Cdtr><Nm>JOSHUA SSALI</Nm></Cdtr><CdtrAcct><Id><PrtryAcct><Id>23008200300478</Id></PrtryAcct></Id></CdtrAcct><Prtry><Tp>TRN2477322953</Tp><Pty/></Prtry></RltdPties><RmtInf><Strd><AddtlRmtInf>NO REF</AddtlRmtInf></Strd><Strd><AddtlRmtInf>SKRILL LIMITED//TRN2477322953</AddtlRmtInf></Strd></RmtInf><RltdDts><TxDtTm>2018-09-04T14:10:49</TxDtTm></RltdDts><AddtlTxInf>62521774014144F7SW1020180904826400530</AddtlTxInf></TxDtls><AddtlNtryInf>COMPLETE//0000//002//CREDIT</AddtlNtryInf></Ntry><Ntry><Amt Ccy="GBP">271.25</Amt><CdtDbtInd>CRDT</CdtDbtInd><Sts>BOOK</Sts><BookgDt><Dt>2018-09-04</Dt></BookgDt><BkTxCd><Prtry><Cd>SIP UKBA CR 40269</Cd></Prtry></BkTxCd><TxDtls><Refs><EndToEndId>NOREF</EndToEndId><TxId>000000000127234457</TxId></Refs><RltdPties><Dbtr><Nm>BAKER STREET AREA NEIGHBOURHOOD ASS</Nm><PstlAdr><AdrLine>OCIAT</AdrLine><Ctry/></PstlAdr></Dbtr><DbtrAcct><Id><PrtryAcct><Id>08929965658989</Id></PrtryAcct></Id></DbtrAcct><Cdtr><Nm>TANIA THORNTON                     28 AN</Nm><PstlAdr><AdrLine>28 ANSTEY ROAD</AdrLine><Ctry/></PstlAdr></Cdtr><CdtrAcct><Id><PrtryAcct><Id>23008200137309</Id></PrtryAcct></Id></CdtrAcct><Prtry><Tp>BSANA201808</Tp><Pty/></Prtry></RltdPties><RmtInf><Strd><AddtlRmtInf>NO REF</AddtlRmtInf></Strd><Strd><AddtlRmtInf>BAKER STREET AREA //BSANA201808</AddtlRmtInf></Strd></RmtInf><RltdDts><TxDtTm>2018-09-04T14:11:09</TxDtTm></RltdDts><AddtlTxInf>0000000001272344571020180904826089299</AddtlTxInf></TxDtls><AddtlNtryInf>COMPLETE//0000//002//CREDIT</AddtlNtryInf></Ntry><Ntry><Amt Ccy="GBP">100.04</Amt><CdtDbtInd>CRDT</CdtDbtInd><Sts>BOOK</Sts><BookgDt><Dt>2018-09-04</Dt></BookgDt><BkTxCd><Prtry><Cd>SIP UKBA CR 40269</Cd></Prtry></BkTxCd><TxDtls><Refs><EndToEndId>NOREF</EndToEndId><TxId>96067250114147F5SW</TxId><Prtry><Tp>STO REF</Tp><Ref>0000</Ref></Prtry></Refs><RltdPties><Dbtr><Nm>SKRILL LIMITED</Nm><PstlAdr><AdrLine>LONDON</AdrLine><Ctry/></PstlAdr></Dbtr><DbtrAcct><Id><PrtryAcct><Id>40486563717002</Id></PrtryAcct></Id></DbtrAcct><Cdtr><Nm>RORY ENNIS</Nm></Cdtr><CdtrAcct><Id><PrtryAcct><Id>23008200303605</Id></PrtryAcct></Id></CdtrAcct><Prtry><Tp>TRN2477320020</Tp><Pty/></Prtry></RltdPties><RmtInf><Strd><AddtlRmtInf>NO REF</AddtlRmtInf></Strd><Strd><AddtlRmtInf>SKRILL LIMITED//TRN2477320020</AddtlRmtInf></Strd></RmtInf><RltdDts><TxDtTm>2018-09-04T14:11:12</TxDtTm></RltdDts><AddtlTxInf>96067250114147F5SW1020180904826400530</AddtlTxInf></TxDtls><AddtlNtryInf>COMPLETE//0000//002//CREDIT</AddtlNtryInf></Ntry><Ntry><Amt Ccy="GBP">150.00</Amt><CdtDbtInd>CRDT</CdtDbtInd><Sts>BOOK</Sts><BookgDt><Dt>2018-09-04</Dt></BookgDt><BkTxCd><Prtry><Cd>SIP UKBA CR 40269</Cd></Prtry></BkTxCd><TxDtls><Refs><EndToEndId>PPWD00000000AKQ38K</EndToEndId><TxId>PPWD00000000AKQ38K</TxId></Refs><RltdPties><Dbtr><Nm>PayPal</Nm><PstlAdr><AdrLine>2211 N 1st Street San Jose CA 95131</AdrLine><Ctry/></PstlAdr></Dbtr><DbtrAcct><Id><PrtryAcct><Id>23526278959595</Id></PrtryAcct></Id></DbtrAcct><Cdtr><Nm>Anna Coplin</Nm><PstlAdr><AdrLine>69 East View</AdrLine><Ctry/></PstlAdr></Cdtr><CdtrAcct><Id><PrtryAcct><Id>23008200429827</Id></PrtryAcct></Id></CdtrAcct><Prtry><Tp>PPWDL4HS22AKSPPQX6</Tp><Pty/></Prtry></RltdPties><RmtInf><Strd><RfrdDocInf><RfrdDocTp><Prtry>002</Prtry></RfrdDocTp></RfrdDocInf><AddtlRmtInf>NO REF</AddtlRmtInf></Strd><Strd><AddtlRmtInf>PayPal//PPWDL4HS22AKSPPQX6</AddtlRmtInf></Strd></RmtInf><RltdDts><TxDtTm>2018-09-04T14:12:01</TxDtTm></RltdDts><AddtlTxInf>PPWD00000000AKQ38K1020180904826235262</AddtlTxInf></TxDtls><AddtlNtryInf>COMPLETE//0000//002//CREDIT</AddtlNtryInf></Ntry><Ntry><Amt Ccy="GBP">100.04</Amt><CdtDbtInd>CRDT</CdtDbtInd><Sts>BOOK</Sts><BookgDt><Dt>2018-09-04</Dt></BookgDt><BkTxCd><Prtry><Cd>SIP UKBA CR 40269</Cd></Prtry></BkTxCd><TxDtls><Refs><EndToEndId>NOREF</EndToEndId><TxId>12953843214147F6SW</TxId><Prtry><Tp>STO REF</Tp><Ref>0000</Ref></Prtry></Refs><RltdPties><Dbtr><Nm>SKRILL LIMITED</Nm><PstlAdr><AdrLine>LONDON</AdrLine><Ctry/></PstlAdr></Dbtr><DbtrAcct><Id><PrtryAcct><Id>40486563717002</Id></PrtryAcct></Id></DbtrAcct><Cdtr><Nm>JOSEPH BUHARI</Nm></Cdtr><CdtrAcct><Id><PrtryAcct><Id>23008200300338</Id></PrtryAcct></Id></CdtrAcct><Prtry><Tp>TRN2477325796</Tp><Pty/></Prtry></RltdPties><RmtInf><Strd><AddtlRmtInf>NO REF</AddtlRmtInf></Strd><Strd><AddtlRmtInf>SKRILL LIMITED//TRN2477325796</AddtlRmtInf></Strd></RmtInf><RltdDts><TxDtTm>2018-09-04T14:12:36</TxDtTm></RltdDts><AddtlTxInf>12953843214147F6SW1020180904826400530</AddtlTxInf></TxDtls><AddtlNtryInf>COMPLETE//0000//002//CREDIT</AddtlNtryInf></Ntry><Ntry><Amt Ccy="GBP">100.04</Amt><CdtDbtInd>CRDT</CdtDbtInd><Sts>BOOK</Sts><BookgDt><Dt>2018-09-04</Dt></BookgDt><BkTxCd><Prtry><Cd>SIP UKBA CR 40269</Cd></Prtry></BkTxCd><TxDtls><Refs><EndToEndId>NOREF</EndToEndId><TxId>15299583214142F8SW</TxId><Prtry><Tp>STO REF</Tp><Ref>0000</Ref></Prtry></Refs><RltdPties><Dbtr><Nm>SKRILL LIMITED</Nm><PstlAdr><AdrLine>LONDON</AdrLine><Ctry/></PstlAdr></Dbtr><DbtrAcct><Id><PrtryAcct><Id>40486563717002</Id></PrtryAcct></Id></DbtrAcct><Cdtr><Nm>JAMES MOORE</Nm></Cdtr><CdtrAcct><Id><PrtryAcct><Id>23008200300256</Id></PrtryAcct></Id></CdtrAcct><Prtry><Tp>TRN2477326960</Tp><Pty/></Prtry></RltdPties><RmtInf><Strd><AddtlRmtInf>NO REF</AddtlRmtInf></Strd><Strd><AddtlRmtInf>SKRILL LIMITED//TRN2477326960</AddtlRmtInf></Strd></RmtInf><RltdDts><TxDtTm>2018-09-04T14:12:39</TxDtTm></RltdDts><AddtlTxInf>15299583214142F8SW1020180904826400530</AddtlTxInf></TxDtls><AddtlNtryInf>COMPLETE//0000//002//CREDIT</AddtlNtryInf></Ntry><Ntry><Amt Ccy="GBP">100.04</Amt><CdtDbtInd>CRDT</CdtDbtInd><Sts>BOOK</Sts><BookgDt><Dt>2018-09-04</Dt></BookgDt><BkTxCd><Prtry><Cd>SIP UKBA CR 40269</Cd></Prtry></BkTxCd><TxDtls><Refs><EndToEndId>NOREF</EndToEndId><TxId>15299583214155F8SW</TxId><Prtry><Tp>STO REF</Tp><Ref>0000</Ref></Prtry></Refs><RltdPties><Dbtr><Nm>SKRILL LIMITED</Nm><PstlAdr><AdrLine>LONDON</AdrLine><Ctry/></PstlAdr></Dbtr><DbtrAcct><Id><PrtryAcct><Id>40486563717002</Id></PrtryAcct></Id></DbtrAcct><Cdtr><Nm>JAMIE NOBLE</Nm></Cdtr><CdtrAcct><Id><PrtryAcct><Id>23008200300473</Id></PrtryAcct></Id></CdtrAcct><Prtry><Tp>TRN2477324365</Tp><Pty/></Prtry></RltdPties><RmtInf><Strd><AddtlRmtInf>NO REF</AddtlRmtInf></Strd><Strd><AddtlRmtInf>SKRILL LIMITED//TRN2477324365</AddtlRmtInf></Strd></RmtInf><RltdDts><TxDtTm>2018-09-04T14:12:50</TxDtTm></RltdDts><AddtlTxInf>15299583214155F8SW1020180904826400530</AddtlTxInf></TxDtls><AddtlNtryInf>COMPLETE//0000//002//CREDIT</AddtlNtryInf></Ntry><Ntry><Amt Ccy="GBP">350.00</Amt><CdtDbtInd>CRDT</CdtDbtInd><Sts>BOOK</Sts><BookgDt><Dt>2018-09-04</Dt></BookgDt><BkTxCd><Prtry><Cd>SIP UKBA CR 40269</Cd></Prtry></BkTxCd><TxDtls><Refs><EndToEndId>00151704632BBHMBZS</EndToEndId><TxId>00151704632BBHMBZS</TxId></Refs><RltdPties><Dbtr><Nm>PAULINE ADDERLEY</Nm></Dbtr><DbtrAcct><Id><PrtryAcct><Id>09012785173512</Id></PrtryAcct></Id></DbtrAcct><Cdtr><Nm>andrew</Nm></Cdtr><CdtrAcct><Id><PrtryAcct><Id>23008200348952</Id></PrtryAcct></Id></CdtrAcct><Prtry><Tp>Adderley</Tp><Pty/></Prtry></RltdPties><RmtInf><Strd><AddtlRmtInf>NO REF</AddtlRmtInf></Strd><Strd><AddtlRmtInf>PAULINE ADDERLEY//Adderley</AddtlRmtInf></Strd></RmtInf><RltdDts><TxDtTm>2018-09-04T14:12:50</TxDtTm></RltdDts><AddtlTxInf>00151704632BBHMBZS1020180904826090127</AddtlTxInf></TxDtls><AddtlNtryInf>COMPLETE//0000//002//CREDIT</AddtlNtryInf></Ntry><Ntry><Amt Ccy="GBP">30.00</Amt><CdtDbtInd>CRDT</CdtDbtInd><Sts>BOOK</Sts><BookgDt><Dt>2018-09-04</Dt></BookgDt><BkTxCd><Prtry><Cd>SIP UKBA CR 40269</Cd></Prtry></BkTxCd><TxDtls><Refs><EndToEndId>PPWD00000000AKQ49K</EndToEndId><TxId>PPWD00000000AKQ49K</TxId></Refs><RltdPties><Dbtr><Nm>PayPal</Nm><PstlAdr><AdrLine>2211 N 1st Street San Jose CA 95131</AdrLine><Ctry/></PstlAdr></Dbtr><DbtrAcct><Id><PrtryAcct><Id>23526278959595</Id></PrtryAcct></Id></DbtrAcct><Cdtr><Nm>Zipporah Quartey</Nm><PstlAdr><AdrLine>10 Ada walk</AdrLine><Ctry/></PstlAdr></Cdtr><CdtrAcct><Id><PrtryAcct><Id>23008200182550</Id></PrtryAcct></Id></CdtrAcct><Prtry><Tp>PPWDL5GRJ2AKSPST2Q</Tp><Pty/></Prtry></RltdPties><RmtInf><Strd><RfrdDocInf><RfrdDocTp><Prtry>002</Prtry></RfrdDocTp></RfrdDocInf><AddtlRmtInf>NO REF</AddtlRmtInf></Strd><Strd><AddtlRmtInf>PayPal//PPWDL5GRJ2AKSPST2Q</AddtlRmtInf></Strd></RmtInf><RltdDts><TxDtTm>2018-09-04T14:14:50</TxDtTm></RltdDts><AddtlTxInf>PPWD00000000AKQ49K1020180904826235262</AddtlTxInf></TxDtls><AddtlNtryInf>COMPLETE//0000//002//CREDIT</AddtlNtryInf></Ntry><Ntry><Amt Ccy="GBP">6404.39</Amt><CdtDbtInd>DBIT</CdtDbtInd><Sts>BOOK</Sts><BookgDt><Dt>2018-09-04</Dt></BookgDt><BkTxCd><Prtry><Cd>AUT UKBA DR 30278</Cd></Prtry></BkTxCd><TxDtls><Refs><TxId>000000000335231100</TxId></Refs><RltdPties><DbtrAcct><Id><PrtryAcct><Id>20594233939774</Id></PrtryAcct></Id></DbtrAcct></RltdPties><RmtInf><Strd><AddtlRmtInf>NO REF</AddtlRmtInf></Strd><Strd><AddtlRmtInf>20180904A44639//7S      F1CTJU6918</AddtlRmtInf></Strd></RmtInf><RltdDts><TxDtTm>2018-09-04T14:17:13</TxDtTm></RltdDts><AddtlTxInf>0000000003352311000020180904826205942</AddtlTxInf></TxDtls><AddtlNtryInf>AUTHSENT//0000//002//DEBIT</AddtlNtryInf></Ntry><Ntry><Amt Ccy="GBP">5460.00</Amt><CdtDbtInd>DBIT</CdtDbtInd><Sts>BOOK</Sts><BookgDt><Dt>2018-09-04</Dt></BookgDt><BkTxCd><Prtry><Cd>AUT UKBA DR 30278</Cd></Prtry></BkTxCd><TxDtls><Refs><TxId>000000000335231200</TxId></Refs><RltdPties><DbtrAcct><Id><PrtryAcct><Id>20594233939774</Id></PrtryAcct></Id></DbtrAcct></RltdPties><RmtInf><Strd><AddtlRmtInf>NO REF</AddtlRmtInf></Strd><Strd><AddtlRmtInf>20180904A44639//7S      F1CTIQJ916</AddtlRmtInf></Strd></RmtInf><RltdDts><TxDtTm>2018-09-04T14:17:18</TxDtTm></RltdDts><AddtlTxInf>0000000003352312000020180904826205942</AddtlTxInf></TxDtls><AddtlNtryInf>AUTHSENT//0000//002//DEBIT</AddtlNtryInf></Ntry><Ntry><Amt Ccy="GBP">3327.83</Amt><CdtDbtInd>DBIT</CdtDbtInd><Sts>BOOK</Sts><BookgDt><Dt>2018-09-04</Dt></BookgDt><BkTxCd><Prtry><Cd>AUT UKBA DR 30278</Cd></Prtry></BkTxCd><TxDtls><Refs><TxId>000000000335231300</TxId></Refs><RltdPties><DbtrAcct><Id><PrtryAcct><Id>20594233939774</Id></PrtryAcct></Id></DbtrAcct></RltdPties><RmtInf><Strd><AddtlRmtInf>NO REF</AddtlRmtInf></Strd><Strd><AddtlRmtInf>20180904A44639//7S      F1CKCG3914</AddtlRmtInf></Strd></RmtInf><RltdDts><TxDtTm>2018-09-04T14:17:27</TxDtTm></RltdDts><AddtlTxInf>0000000003352313000020180904826205942</AddtlTxInf></TxDtls><AddtlNtryInf>AUTHSENT//0000//002//DEBIT</AddtlNtryInf></Ntry><Ntry><Amt Ccy="GBP">10.00</Amt><CdtDbtInd>CRDT</CdtDbtInd><Sts>BOOK</Sts><BookgDt><Dt>2018-09-04</Dt></BookgDt><BkTxCd><Prtry><Cd>DCA UKBA CR 40269</Cd></Prtry></BkTxCd><TxDtls><Refs><EndToEndId>NOREF</EndToEndId><TxId>000000013465824001</TxId><Prtry><Tp>STO REF</Tp><Ref>0000</Ref></Prtry></Refs><RltdPties><Dbtr><Nm>23008200417380</Nm></Dbtr><DbtrAcct><Id><PrtryAcct><Id>20594233939774</Id></PrtryAcct></Id></DbtrAcct><Cdtr><Nm>DAVID HUTTON</Nm></Cdtr><CdtrAcct><Id><PrtryAcct><Id>23008200428212</Id></PrtryAcct></Id></CdtrAcct></RltdPties><RmtInf><Strd><AddtlRmtInf>NO REF</AddtlRmtInf></Strd><Strd><AddtlRmtInf>23008200417380//</AddtlRmtInf></Strd></RmtInf><RltdDts><TxDtTm>2018-09-04T14:17:29</TxDtTm></RltdDts><AddtlTxInf>0000000134658240015020180904826205942</AddtlTxInf></TxDtls><AddtlNtryInf>COMPLETE//0000//002//CREDIT</AddtlNtryInf></Ntry><Ntry><Amt Ccy="GBP">25.50</Amt><CdtDbtInd>CRDT</CdtDbtInd><Sts>BOOK</Sts><BookgDt><Dt>2018-09-04</Dt></BookgDt><BkTxCd><Prtry><Cd>DCA UKBA CR 40269</Cd></Prtry></BkTxCd><TxDtls><Refs><EndToEndId>NOREF</EndToEndId><TxId>000000013465823801</TxId><Prtry><Tp>STO REF</Tp><Ref>0000</Ref></Prtry></Refs><RltdPties><Dbtr><Nm>23008200421206</Nm></Dbtr><DbtrAcct><Id><PrtryAcct><Id>20594233939774</Id></PrtryAcct></Id></DbtrAcct><Cdtr><Nm>REBECCA SCOTT</Nm></Cdtr><CdtrAcct><Id><PrtryAcct><Id>23008200426735</Id></PrtryAcct></Id></CdtrAcct></RltdPties><RmtInf><Strd><AddtlRmtInf>NO REF</AddtlRmtInf></Strd><Strd><AddtlRmtInf>23008200421206//</AddtlRmtInf></Strd></RmtInf><RltdDts><TxDtTm>2018-09-04T14:17:29</TxDtTm></RltdDts><AddtlTxInf>0000000134658238015020180904826205942</AddtlTxInf></TxDtls><AddtlNtryInf>COMPLETE//0000//002//CREDIT</AddtlNtryInf></Ntry><Ntry><Amt Ccy="GBP">450.00</Amt><CdtDbtInd>DBIT</CdtDbtInd><Sts>BOOK</Sts><BookgDt><Dt>2018-09-04</Dt></BookgDt><BkTxCd><Prtry><Cd>AUT UKBA DR 30278</Cd></Prtry></BkTxCd><TxDtls><Refs><TxId>000000000335231400</TxId></Refs><RltdPties><DbtrAcct><Id><PrtryAcct><Id>20594233939774</Id></PrtryAcct></Id></DbtrAcct></RltdPties><RmtInf><Strd><AddtlRmtInf>NO REF</AddtlRmtInf></Strd><Strd><AddtlRmtInf>20180904A44639//7S      F1CKBQ5912</AddtlRmtInf></Strd></RmtInf><RltdDts><TxDtTm>2018-09-04T14:17:35</TxDtTm></RltdDts><AddtlTxInf>0000000003352314000020180904826205942</AddtlTxInf></TxDtls><AddtlNtryInf>AUTHSENT//0000//002//DEBIT</AddtlNtryInf></Ntry><Ntry><Amt Ccy="GBP">50.00</Amt><CdtDbtInd>CRDT</CdtDbtInd><Sts>BOOK</Sts><BookgDt><Dt>2018-09-04</Dt></BookgDt><BkTxCd><Prtry><Cd>SIP UKBA CR 40269</Cd></Prtry></BkTxCd><TxDtls><Refs><EndToEndId>L27797065BGJSCP</EndToEndId><TxId>64142059616816000N</TxId><Prtry><Tp>STO REF</Tp><Ref>0000</Ref></Prtry></Refs><RltdPties><Dbtr><Nm>ANDERSON JE TPM</Nm></Dbtr><DbtrAcct><Id><PrtryAcct><Id>55812689130146</Id></PrtryAcct></Id></DbtrAcct><Cdtr><Nm>ESHAN GAUZEE</Nm></Cdtr><CdtrAcct><Id><PrtryAcct><Id>23008200429029</Id></PrtryAcct></Id></CdtrAcct><Prtry><Tp>L27797065BGJSCP</Tp><Pty/></Prtry></RltdPties><RmtInf><Strd><AddtlRmtInf>ANDERSON JE TPM   L27797065BGJSCP   VIA MOBILE - LVP</AddtlRmtInf></Strd><Strd><AddtlRmtInf>ANDERSON JE TPM//L27797065BGJSCP</AddtlRmtInf></Strd></RmtInf><RltdDts><TxDtTm>2018-09-04T14:20:59</TxDtTm></RltdDts><AddtlTxInf>64142059616816000N1020180904826558126</AddtlTxInf></TxDtls><AddtlNtryInf>COMPLETE//0000//002//CREDIT</AddtlNtryInf></Ntry><Ntry><Amt Ccy="GBP">150.00</Amt><CdtDbtInd>CRDT</CdtDbtInd><Sts>BOOK</Sts><BookgDt><Dt>2018-09-04</Dt></BookgDt><BkTxCd><Prtry><Cd>SIP UKBA CR 40269</Cd></Prtry></BkTxCd><TxDtls><Refs><EndToEndId>NOREF</EndToEndId><TxId>600000000385626042</TxId></Refs><RltdPties><Dbtr><Nm>P Rule</Nm></Dbtr><DbtrAcct><Id><PrtryAcct><Id>77662643097160</Id></PrtryAcct></Id></DbtrAcct><Cdtr><Nm>P RULE</Nm></Cdtr><CdtrAcct><Id><PrtryAcct><Id>23008200241981</Id></PrtryAcct></Id></CdtrAcct><Prtry><Tp>ARRO</Tp><Pty/></Prtry></RltdPties><RmtInf><Strd><AddtlRmtInf>NO REF</AddtlRmtInf></Strd><Strd><AddtlRmtInf>P Rule//ARRO</AddtlRmtInf></Strd></RmtInf><RltdDts><TxDtTm>2018-09-04T14:25:51</TxDtTm></RltdDts><AddtlTxInf>6000000003856260421020180904826776626</AddtlTxInf></TxDtls><AddtlNtryInf>COMPLETE//0000//002//CREDIT</AddtlNtryInf></Ntry><Ntry><Amt Ccy="GBP">62.00</Amt><CdtDbtInd>CRDT</CdtDbtInd><Sts>BOOK</Sts><BookgDt><Dt>2018-09-04</Dt></BookgDt><BkTxCd><Prtry><Cd>SIP UKBA CR 40269</Cd></Prtry></BkTxCd><TxDtls><Refs><EndToEndId>NOREF</EndToEndId><TxId>RP4679960579971100</TxId></Refs><RltdPties><Dbtr><Nm>BUCHANAN J</Nm></Dbtr><DbtrAcct><Id><PrtryAcct><Id>20270523764079</Id></PrtryAcct></Id></DbtrAcct><Cdtr><Nm>MR JOHN HART</Nm></Cdtr><CdtrAcct><Id><PrtryAcct><Id>23008200427789</Id></PrtryAcct></Id></CdtrAcct><Prtry><Tp>..</Tp><Pty/></Prtry></RltdPties><RmtInf><Strd><AddtlRmtInf>NO REF</AddtlRmtInf></Strd><Strd><AddtlRmtInf>BUCHANAN J//..</AddtlRmtInf></Strd></RmtInf><RltdDts><TxDtTm>2018-09-04T14:26:11</TxDtTm></RltdDts><AddtlTxInf>RP46799605799711001020180904826200026</AddtlTxInf></TxDtls><AddtlNtryInf>COMPLETE//0000//002//CREDIT</AddtlNtryInf></Ntry><Ntry><Amt Ccy="GBP">69.00</Amt><CdtDbtInd>CRDT</CdtDbtInd><Sts>BOOK</Sts><BookgDt><Dt>2018-09-04</Dt></BookgDt><BkTxCd><Prtry><Cd>SIP UKBA CR 40269</Cd></Prtry></BkTxCd><TxDtls><Refs><EndToEndId>3818352051</EndToEndId><TxId>780321697400</TxId></Refs><RltdPties><DbtrAcct><Id><PrtryAcct><Id>18500818405549</Id></PrtryAcct></Id></DbtrAcct><Cdtr><Nm>Jack Healey</Nm></Cdtr><CdtrAcct><Id><PrtryAcct><Id>23008200417142</Id></PrtryAcct></Id></CdtrAcct><Prtry><Tp>3818352051</Tp><Pty/></Prtry></RltdPties><RmtInf><Strd><RfrdDocInf><RfrdDocTp><Prtry>002</Prtry></RfrdDocTp></RfrdDocInf><AddtlRmtInf>3818352051</AddtlRmtInf></Strd><Strd><AddtlRmtInf>185008 18405549//3818352051</AddtlRmtInf></Strd></RmtInf><RltdDts><TxDtTm>2018-09-04T14:26:42</TxDtTm></RltdDts><AddtlTxInf>780321697400      1020180904826185008</AddtlTxInf></TxDtls><AddtlNtryInf>COMPLETE//0000//002//CREDIT</AddtlNtryInf></Ntry><Ntry><Amt Ccy="GBP">5.99</Amt><CdtDbtInd>CRDT</CdtDbtInd><Sts>BOOK</Sts><BookgDt><Dt>2018-09-04</Dt></BookgDt><BkTxCd><Prtry><Cd>SIP UKBA CR 40269</Cd></Prtry></BkTxCd><TxDtls><Refs><EndToEndId>00156284632BBDDHCF</EndToEndId><TxId>00156284632BBDDHCF</TxId></Refs><RltdPties><Dbtr><Nm>KERRYANNE MORGAN</Nm></Dbtr><DbtrAcct><Id><PrtryAcct><Id>09012801910811</Id></PrtryAcct></Id></DbtrAcct><Cdtr><Nm>SAVING</Nm></Cdtr><CdtrAcct><Id><PrtryAcct><Id>23008200321741</Id></PrtryAcct></Id></CdtrAcct><Prtry><Tp>kerry</Tp><Pty/></Prtry></RltdPties><RmtInf><Strd><AddtlRmtInf>NO REF</AddtlRmtInf></Strd><Strd><AddtlRmtInf>KERRYANNE MORGAN//kerry</AddtlRmtInf></Strd></RmtInf><RltdDts><TxDtTm>2018-09-04T14:26:53</TxDtTm></RltdDts><AddtlTxInf>00156284632BBDDHCF1020180904826090128</AddtlTxInf></TxDtls><AddtlNtryInf>COMPLETE//0000//002//CREDIT</AddtlNtryInf></Ntry><Ntry><Amt Ccy="GBP">70.00</Amt><CdtDbtInd>CRDT</CdtDbtInd><Sts>BOOK</Sts><BookgDt><Dt>2018-09-04</Dt></BookgDt><BkTxCd><Prtry><Cd>SIP UKBA CR 40269</Cd></Prtry></BkTxCd><TxDtls><Refs><EndToEndId>NOREF</EndToEndId><TxId>180904142718333112</TxId></Refs><RltdPties><Dbtr><Nm>Dipu Das</Nm></Dbtr><DbtrAcct><Id><PrtryAcct><Id>77492719414168</Id></PrtryAcct></Id></DbtrAcct><Cdtr><Nm>Gsm global tech</Nm></Cdtr><CdtrAcct><Id><PrtryAcct><Id>23008200037328</Id></PrtryAcct></Id></CdtrAcct><Prtry><Tp>business payment</Tp><Pty/></Prtry></RltdPties><RmtInf><Strd><AddtlRmtInf>NO REF</AddtlRmtInf></Strd><Strd><AddtlRmtInf>Dipu Das//business payment</AddtlRmtInf></Strd></RmtInf><RltdDts><TxDtTm>2018-09-04T14:27:15</TxDtTm></RltdDts><AddtlTxInf>1809041427183331121020180904826774927</AddtlTxInf></TxDtls><AddtlNtryInf>COMPLETE//0000//002//CREDIT</AddtlNtryInf></Ntry><Ntry><Amt Ccy="GBP">62.00</Amt><CdtDbtInd>CRDT</CdtDbtInd><Sts>BOOK</Sts><BookgDt><Dt>2018-09-04</Dt></BookgDt><BkTxCd><Prtry><Cd>SIP UKBA CR 40269</Cd></Prtry></BkTxCd><TxDtls><Refs><EndToEndId>NOREF</EndToEndId><TxId>RP4679960580124800</TxId></Refs><RltdPties><Dbtr><Nm>BUCHANAN J</Nm></Dbtr><DbtrAcct><Id><PrtryAcct><Id>20270523764079</Id></PrtryAcct></Id></DbtrAcct><Cdtr><Nm>MR BOBBY DUNNE</Nm></Cdtr><CdtrAcct><Id><PrtryAcct><Id>23008200429703</Id></PrtryAcct></Id></CdtrAcct><Prtry><Tp>JJ LTD</Tp><Pty/></Prtry></RltdPties><RmtInf><Strd><AddtlRmtInf>NO REF</AddtlRmtInf></Strd><Strd><AddtlRmtInf>BUCHANAN J//JJ LTD</AddtlRmtInf></Strd></RmtInf><RltdDts><TxDtTm>2018-09-04T14:27:38</TxDtTm></RltdDts><AddtlTxInf>RP46799605801248001020180904826200026</AddtlTxInf></TxDtls><AddtlNtryInf>COMPLETE//0000//002//CREDIT</AddtlNtryInf></Ntry></Ntfctn></BkToCstmrDbtCdtNtfctnV01></Document>