<?xml version="1.0" encoding="UTF-8"?><Document xmlns:xsi="http://www.w3.org/2001/XMLSchema-instance" xmlns="urn:iso:std:iso:20022:tech:xsd:camt.054.001.01"><BkToCstmrDbtCdtNtfctnV01><GrpHdr><MsgId>80309K//13285</MsgId><CreDtTm>2018-09-24T22:00:00</CreDtTm></GrpHdr><Ntfctn><Id>80309K//13285//1</Id><CreDtTm>2018-09-24T22:00:00</CreDtTm><Acct><Id><PrtryAcct><Id>20594233939774</Id></PrtryAcct></Id><Ccy>GBP</Ccy></Acct><TxsSummry><TtlNtries><NbOfNtries>1</NbOfNtries><Sum>20.00</Sum></TtlNtries><TtlCdtNtries><NbOfNtries>1</NbOfNtries><Sum>20.00</Sum></TtlCdtNtries><TtlDbtNtries><NbOfNtries>0</NbOfNtries><Sum>0.00</Sum></TtlDbtNtries></TxsSummry><Ntry><Amt Ccy="GBP">20.00</Amt><CdtDbtInd>CRDT</CdtDbtInd><Sts>BOOK</Sts><BookgDt><Dt>2018-09-25</Dt></BookgDt><BkTxCd><Prtry><Cd>SIP UKBA CR 40269</Cd></Prtry></BkTxCd><TxDtls><Refs><EndToEndId>NOREF</EndToEndId><TxId>400000000396312469</TxId></Refs><RltdPties><Dbtr><Nm>A Oladotun</Nm></Dbtr><DbtrAcct><Id><PrtryAcct><Id>11073712823160</Id></PrtryAcct></Id></DbtrAcct><Cdtr><Nm>JEREMIAH OLADOTUN</Nm></Cdtr><CdtrAcct><Id><PrtryAcct><Id>23008200451104</Id></PrtryAcct></Id></CdtrAcct><Prtry><Tp>SON</Tp><Pty/></Prtry></RltdPties><RmtInf><Strd><AddtlRmtInf>NO REF</AddtlRmtInf></Strd><Strd><AddtlRmtInf>A Oladotun//SON</AddtlRmtInf></Strd></RmtInf><RltdDts><TxDtTm>2018-09-24T21:50:34</TxDtTm></RltdDts><AddtlTxInf>4000000003963124691020180924826110737</AddtlTxInf></TxDtls><AddtlNtryInf>COMPLETE//0000//003//CREDIT</AddtlNtryInf></Ntry></Ntfctn></BkToCstmrDbtCdtNtfctnV01></Document>