<?xml version="1.0" encoding="UTF-8"?><Document xmlns:xsi="http://www.w3.org/2001/XMLSchema-instance" xmlns="urn:iso:std:iso:20022:tech:xsd:camt.054.001.01"><BkToCstmrDbtCdtNtfctnV01><GrpHdr><MsgId>80309K//12787</MsgId><CreDtTm>2018-09-13T08:30:00</CreDtTm></GrpHdr><Ntfctn><Id>80309K//12787//1</Id><CreDtTm>2018-09-13T08:30:00</CreDtTm><Acct><Id><PrtryAcct><Id>20594233939774</Id></PrtryAcct></Id><Ccy>GBP</Ccy></Acct><TxsSummry><TtlNtries><NbOfNtries>9</NbOfNtries><Sum>5372.40</Sum></TtlNtries><TtlCdtNtries><NbOfNtries>9</NbOfNtries><Sum>5372.40</Sum></TtlCdtNtries><TtlDbtNtries><NbOfNtries>0</NbOfNtries><Sum>0.00</Sum></TtlDbtNtries></TxsSummry><Ntry><Amt Ccy="GBP">30.00</Amt><CdtDbtInd>CRDT</CdtDbtInd><Sts>BOOK</Sts><BookgDt><Dt>2018-09-13</Dt></BookgDt><BkTxCd><Prtry><Cd>SIP UKBA CR 40269</Cd></Prtry></BkTxCd><TxDtls><Refs><EndToEndId>PPWD00000000AMXYVA</EndToEndId><TxId>PPWD00000000AMXYVA</TxId></Refs><RltdPties><Dbtr><Nm>PayPal</Nm><PstlAdr><AdrLine>2211 N 1st Street San Jose CA 95131</AdrLine><Ctry/></PstlAdr></Dbtr><DbtrAcct><Id><PrtryAcct><Id>23526278959595</Id></PrtryAcct></Id></DbtrAcct><Cdtr><Nm>Soulful Records Ltd</Nm><PstlAdr><AdrLine>27 Commercial Street</AdrLine><Ctry/></PstlAdr></Cdtr><CdtrAcct><Id><PrtryAcct><Id>23008200035140</Id></PrtryAcct></Id></CdtrAcct><Prtry><Tp>PPWDL5FNJ2AL2ESYF6</Tp><Pty/></Prtry></RltdPties><RmtInf><Strd><RfrdDocInf><RfrdDocTp><Prtry>002</Prtry></RfrdDocTp></RfrdDocInf><AddtlRmtInf>NO REF</AddtlRmtInf></Strd><Strd><AddtlRmtInf>PayPal//PPWDL5FNJ2AL2ESYF6</AddtlRmtInf></Strd></RmtInf><RltdDts><TxDtTm>2018-09-13T08:02:20</TxDtTm></RltdDts><AddtlTxInf>PPWD00000000AMXYVA1020180913826235262</AddtlTxInf></TxDtls><AddtlNtryInf>COMPLETE//0000//001//CREDIT</AddtlNtryInf></Ntry><Ntry><Amt Ccy="GBP">652.55</Amt><CdtDbtInd>CRDT</CdtDbtInd><Sts>BOOK</Sts><BookgDt><Dt>2018-09-13</Dt></BookgDt><BkTxCd><Prtry><Cd>SIP UKBA CR 40269</Cd></Prtry></BkTxCd><TxDtls><Refs><EndToEndId>PPWD00000000AMXZAU</EndToEndId><TxId>PPWD00000000AMXZAU</TxId></Refs><RltdPties><Dbtr><Nm>PayPal</Nm><PstlAdr><AdrLine>2211 N 1st Street San Jose CA 95131</AdrLine><Ctry/></PstlAdr></Dbtr><DbtrAcct><Id><PrtryAcct><Id>23526278959595</Id></PrtryAcct></Id></DbtrAcct><Cdtr><Nm>Eddie Armstrong</Nm><PstlAdr><AdrLine>26 Salisbury Avenue</AdrLine><Ctry/></PstlAdr></Cdtr><CdtrAcct><Id><PrtryAcct><Id>23008200178851</Id></PrtryAcct></Id></CdtrAcct><Prtry><Tp>PPWDL4UVJ2AL2ETJR8</Tp><Pty/></Prtry></RltdPties><RmtInf><Strd><RfrdDocInf><RfrdDocTp><Prtry>002</Prtry></RfrdDocTp></RfrdDocInf><AddtlRmtInf>NO REF</AddtlRmtInf></Strd><Strd><AddtlRmtInf>PayPal//PPWDL4UVJ2AL2ETJR8</AddtlRmtInf></Strd></RmtInf><RltdDts><TxDtTm>2018-09-13T08:03:48</TxDtTm></RltdDts><AddtlTxInf>PPWD00000000AMXZAU1020180913826235262</AddtlTxInf></TxDtls><AddtlNtryInf>COMPLETE//0000//001//CREDIT</AddtlNtryInf></Ntry><Ntry><Amt Ccy="GBP">50.00</Amt><CdtDbtInd>CRDT</CdtDbtInd><Sts>BOOK</Sts><BookgDt><Dt>2018-09-13</Dt></BookgDt><BkTxCd><Prtry><Cd>SIP UKBA CR 40269</Cd></Prtry></BkTxCd><TxDtls><Refs><EndToEndId>NOREF</EndToEndId><TxId>300000000391942222</TxId></Refs><RltdPties><Dbtr><Nm>S White</Nm></Dbtr><DbtrAcct><Id><PrtryAcct><Id>77502226270460</Id></PrtryAcct></Id></DbtrAcct><Cdtr><Nm>GARETH ELSE</Nm></Cdtr><CdtrAcct><Id><PrtryAcct><Id>23008200076819</Id></PrtryAcct></Id></CdtrAcct><Prtry><Tp>GAZ PHONE</Tp><Pty/></Prtry></RltdPties><RmtInf><Strd><AddtlRmtInf>NO REF</AddtlRmtInf></Strd><Strd><AddtlRmtInf>S White//GAZ PHONE</AddtlRmtInf></Strd></RmtInf><RltdDts><TxDtTm>2018-09-13T08:05:32</TxDtTm></RltdDts><AddtlTxInf>3000000003919422221020180913826775022</AddtlTxInf></TxDtls><AddtlNtryInf>COMPLETE//0000//001//CREDIT</AddtlNtryInf></Ntry><Ntry><Amt Ccy="GBP">90.00</Amt><CdtDbtInd>CRDT</CdtDbtInd><Sts>BOOK</Sts><BookgDt><Dt>2018-09-13</Dt></BookgDt><BkTxCd><Prtry><Cd>SIP UKBA CR 40269</Cd></Prtry></BkTxCd><TxDtls><Refs><EndToEndId>MIXER SALE</EndToEndId><TxId>33080650496236000R</TxId><Prtry><Tp>STO REF</Tp><Ref>0000</Ref></Prtry></Refs><RltdPties><Dbtr><Nm>WILKEY R &amp; C</Nm></Dbtr><DbtrAcct><Id><PrtryAcct><Id>16311410160744</Id></PrtryAcct></Id></DbtrAcct><Cdtr><Nm>ARRO CARD</Nm></Cdtr><CdtrAcct><Id><PrtryAcct><Id>23008200201441</Id></PrtryAcct></Id></CdtrAcct><Prtry><Tp>MIXER SALE</Tp><Pty/></Prtry></RltdPties><RmtInf><Strd><AddtlRmtInf>WILKEY R &amp; C      MIXER SALE        VIA MOBILE - LVP</AddtlRmtInf></Strd><Strd><AddtlRmtInf>WILKEY R &amp; C//MIXER SALE</AddtlRmtInf></Strd></RmtInf><RltdDts><TxDtTm>2018-09-13T08:06:50</TxDtTm></RltdDts><AddtlTxInf>33080650496236000R1020180913826163114</AddtlTxInf></TxDtls><AddtlNtryInf>COMPLETE//0000//001//CREDIT</AddtlNtryInf></Ntry><Ntry><Amt Ccy="GBP">590.10</Amt><CdtDbtInd>CRDT</CdtDbtInd><Sts>BOOK</Sts><BookgDt><Dt>2018-09-13</Dt></BookgDt><BkTxCd><Prtry><Cd>SIP UKBA CR 40269</Cd></Prtry></BkTxCd><TxDtls><Refs><EndToEndId>NOREF</EndToEndId><TxId>RP4659984428391300</TxId></Refs><RltdPties><Dbtr><Nm>FEED BEL LTD SW</Nm></Dbtr><DbtrAcct><Id><PrtryAcct><Id>20466553010090</Id></PrtryAcct></Id></DbtrAcct><Cdtr><Nm>4INLOVE PAYPAL</Nm></Cdtr><CdtrAcct><Id><PrtryAcct><Id>23008200151026</Id></PrtryAcct></Id></CdtrAcct><Prtry><Tp>FEEDBELLY140536</Tp><Pty/></Prtry></RltdPties><RmtInf><Strd><AddtlRmtInf>NO REF</AddtlRmtInf></Strd><Strd><AddtlRmtInf>FEED BEL LTD SW//FEEDBELLY140536</AddtlRmtInf></Strd></RmtInf><RltdDts><TxDtTm>2018-09-13T08:11:26</TxDtTm></RltdDts><AddtlTxInf>RP46599844283913001020180913826200026</AddtlTxInf></TxDtls><AddtlNtryInf>COMPLETE//0000//001//CREDIT</AddtlNtryInf></Ntry><Ntry><Amt Ccy="GBP">496.75</Amt><CdtDbtInd>CRDT</CdtDbtInd><Sts>BOOK</Sts><BookgDt><Dt>2018-09-13</Dt></BookgDt><BkTxCd><Prtry><Cd>SIP UKBA CR 40269</Cd></Prtry></BkTxCd><TxDtls><Refs><EndToEndId>NOREF</EndToEndId><TxId>RP4659984428386600</TxId></Refs><RltdPties><Dbtr><Nm>FEED BEL LTD SW</Nm></Dbtr><DbtrAcct><Id><PrtryAcct><Id>20466553010090</Id></PrtryAcct></Id></DbtrAcct><Cdtr><Nm>NEW CHINA PAYPAL</Nm></Cdtr><CdtrAcct><Id><PrtryAcct><Id>23008200174990</Id></PrtryAcct></Id></CdtrAcct><Prtry><Tp>FEEDBELLY140507</Tp><Pty/></Prtry></RltdPties><RmtInf><Strd><AddtlRmtInf>NO REF</AddtlRmtInf></Strd><Strd><AddtlRmtInf>FEED BEL LTD SW//FEEDBELLY140507</AddtlRmtInf></Strd></RmtInf><RltdDts><TxDtTm>2018-09-13T08:11:27</TxDtTm></RltdDts><AddtlTxInf>RP46599844283866001020180913826200026</AddtlTxInf></TxDtls><AddtlNtryInf>COMPLETE//0000//001//CREDIT</AddtlNtryInf></Ntry><Ntry><Amt Ccy="GBP">128.00</Amt><CdtDbtInd>CRDT</CdtDbtInd><Sts>BOOK</Sts><BookgDt><Dt>2018-09-13</Dt></BookgDt><BkTxCd><Prtry><Cd>SIP UKBA CR 40269</Cd></Prtry></BkTxCd><TxDtls><Refs><EndToEndId>NOREF</EndToEndId><TxId>476022822180319001</TxId><Prtry><Tp>STO REF</Tp><Ref>0000</Ref></Prtry></Refs><RltdPties><Dbtr><Nm>GRISCTI D</Nm></Dbtr><DbtrAcct><Id><PrtryAcct><Id>40274550009180</Id></PrtryAcct></Id></DbtrAcct><Cdtr><Nm>JAKUB GOLISZEWSKI</Nm></Cdtr><CdtrAcct><Id><PrtryAcct><Id>23008200227542</Id></PrtryAcct></Id></CdtrAcct><Prtry><Tp>CLEANING</Tp><Pty/></Prtry></RltdPties><RmtInf><Strd><AddtlRmtInf>NO REF</AddtlRmtInf></Strd><Strd><AddtlRmtInf>GRISCTI D//CLEANING</AddtlRmtInf></Strd></RmtInf><RltdDts><TxDtTm>2018-09-13T08:12:28</TxDtTm></RltdDts><AddtlTxInf>4760228221803190011020180913826402745</AddtlTxInf></TxDtls><AddtlNtryInf>COMPLETE//0000//001//CREDIT</AddtlNtryInf></Ntry><Ntry><Amt Ccy="GBP">135.00</Amt><CdtDbtInd>CRDT</CdtDbtInd><Sts>BOOK</Sts><BookgDt><Dt>2018-09-13</Dt></BookgDt><BkTxCd><Prtry><Cd>SIP UKBA CR 40269</Cd></Prtry></BkTxCd><TxDtls><Refs><EndToEndId>00151262632BBDWVJF</EndToEndId><TxId>00151262632BBDWVJF</TxId></Refs><RltdPties><Dbtr><Nm>TRACEY WELLHAM</Nm></Dbtr><DbtrAcct><Id><PrtryAcct><Id>09012621485393</Id></PrtryAcct></Id></DbtrAcct><Cdtr><Nm>Mrs Ruhsen Arkar</Nm></Cdtr><CdtrAcct><Id><PrtryAcct><Id>23008200439660</Id></PrtryAcct></Id></CdtrAcct><Prtry><Tp>Tracey Wellham</Tp><Pty/></Prtry></RltdPties><RmtInf><Strd><AddtlRmtInf>NO REF</AddtlRmtInf></Strd><Strd><AddtlRmtInf>TRACEY WELLHAM//Tracey Wellham</AddtlRmtInf></Strd></RmtInf><RltdDts><TxDtTm>2018-09-13T08:23:42</TxDtTm></RltdDts><AddtlTxInf>00151262632BBDWVJF1020180913826090126</AddtlTxInf></TxDtls><AddtlNtryInf>COMPLETE//0000//001//CREDIT</AddtlNtryInf></Ntry><Ntry><Amt Ccy="GBP">3200.00</Amt><CdtDbtInd>CRDT</CdtDbtInd><Sts>BOOK</Sts><BookgDt><Dt>2018-09-13</Dt></BookgDt><BkTxCd><Prtry><Cd>SIP UKBA CR 40269</Cd></Prtry></BkTxCd><TxDtls><Refs><EndToEndId>STARLING-ERD182Y30XRYN4Y60L</EndToEndId><TxId>ERD182Y30XRYN4Y60L</TxId></Refs><RltdPties><Dbtr><Nm>William Turner</Nm></Dbtr><DbtrAcct><Id><PrtryAcct><Id>60837131111149</Id></PrtryAcct></Id></DbtrAcct><Cdtr><Nm>Bill Turner</Nm></Cdtr><CdtrAcct><Id><PrtryAcct><Id>23008200364130</Id></PrtryAcct></Id></CdtrAcct><Prtry><Tp>topup</Tp><Pty/></Prtry></RltdPties><RmtInf><Strd><AddtlRmtInf>NO REF</AddtlRmtInf></Strd><Strd><AddtlRmtInf>William Turner//topup</AddtlRmtInf></Strd></RmtInf><RltdDts><TxDtTm>2018-09-13T08:24:12</TxDtTm></RltdDts><AddtlTxInf>ERD182Y30XRYN4Y60L1020180913826608371</AddtlTxInf></TxDtls><AddtlNtryInf>COMPLETE//0000//001//CREDIT</AddtlNtryInf></Ntry></Ntfctn></BkToCstmrDbtCdtNtfctnV01></Document>