<?xml version="1.0" encoding="UTF-8"?><Document xmlns:xsi="http://www.w3.org/2001/XMLSchema-instance" xmlns="urn:iso:std:iso:20022:tech:xsd:camt.054.001.01"><BkToCstmrDbtCdtNtfctnV01><GrpHdr><MsgId>80309K//12295</MsgId><CreDtTm>2018-09-01T22:30:00</CreDtTm></GrpHdr><Ntfctn><Id>80309K//12295//1</Id><CreDtTm>2018-09-01T22:30:00</CreDtTm><Acct><Id><PrtryAcct><Id>20594233939774</Id></PrtryAcct></Id><Ccy>GBP</Ccy></Acct><TxsSummry><TtlNtries><NbOfNtries>3</NbOfNtries><Sum>1725.64</Sum></TtlNtries><TtlCdtNtries><NbOfNtries>3</NbOfNtries><Sum>1725.64</Sum></TtlCdtNtries><TtlDbtNtries><NbOfNtries>0</NbOfNtries><Sum>0.00</Sum></TtlDbtNtries></TxsSummry><Ntry><Amt Ccy="GBP">10.00</Amt><CdtDbtInd>CRDT</CdtDbtInd><Sts>BOOK</Sts><BookgDt><Dt>2018-09-03</Dt></BookgDt><BkTxCd><Prtry><Cd>SIP UKBA CR 40269</Cd></Prtry></BkTxCd><TxDtls><Refs><EndToEndId>00156325632BBGCCYN</EndToEndId><TxId>00156325632BBGCCYN</TxId></Refs><RltdPties><Dbtr><Nm>VILIS STRAUMENS</Nm></Dbtr><DbtrAcct><Id><PrtryAcct><Id>09012845330253</Id></PrtryAcct></Id></DbtrAcct><Cdtr><Nm>SHEMBIS</Nm></Cdtr><CdtrAcct><Id><PrtryAcct><Id>23008200307426</Id></PrtryAcct></Id></CdtrAcct><Prtry><Tp>23056</Tp><Pty/></Prtry></RltdPties><RmtInf><Strd><AddtlRmtInf>NO REF</AddtlRmtInf></Strd><Strd><AddtlRmtInf>VILIS STRAUMENS//23056</AddtlRmtInf></Strd></RmtInf><RltdDts><TxDtTm>2018-09-01T22:20:24</TxDtTm></RltdDts><AddtlTxInf>00156325632BBGCCYN1020180901826090128</AddtlTxInf></TxDtls><AddtlNtryInf>COMPLETE//0000//003//CREDIT</AddtlNtryInf></Ntry><Ntry><Amt Ccy="GBP">75.00</Amt><CdtDbtInd>CRDT</CdtDbtInd><Sts>BOOK</Sts><BookgDt><Dt>2018-09-03</Dt></BookgDt><BkTxCd><Prtry><Cd>SIP UKBA CR 40269</Cd></Prtry></BkTxCd><TxDtls><Refs><EndToEndId>NOREF</EndToEndId><TxId>RP4679960369768500</TxId></Refs><RltdPties><Dbtr><Nm>BEN AHMED E</Nm></Dbtr><DbtrAcct><Id><PrtryAcct><Id>20674953151220</Id></PrtryAcct></Id></DbtrAcct><Cdtr><Nm>CAMELIA BUZZI</Nm></Cdtr><CdtrAcct><Id><PrtryAcct><Id>23008200361688</Id></PrtryAcct></Id></CdtrAcct><Prtry><Tp>MY FAMILY</Tp><Pty/></Prtry></RltdPties><RmtInf><Strd><AddtlRmtInf>NO REF</AddtlRmtInf></Strd><Strd><AddtlRmtInf>BEN AHMED E//MY FAMILY</AddtlRmtInf></Strd></RmtInf><RltdDts><TxDtTm>2018-09-01T22:23:06</TxDtTm></RltdDts><AddtlTxInf>RP46799603697685001020180901826200026</AddtlTxInf></TxDtls><AddtlNtryInf>COMPLETE//0000//003//CREDIT</AddtlNtryInf></Ntry><Ntry><Amt Ccy="GBP">1640.64</Amt><CdtDbtInd>CRDT</CdtDbtInd><Sts>BOOK</Sts><BookgDt><Dt>2018-09-03</Dt></BookgDt><BkTxCd><Prtry><Cd>SIP UKBA CR 40269</Cd></Prtry></BkTxCd><TxDtls><Refs><EndToEndId>NOREF</EndToEndId><TxId>RP4679960369982600</TxId></Refs><RltdPties><Dbtr><Nm>SMOO LTD NO2 AC</Nm></Dbtr><DbtrAcct><Id><PrtryAcct><Id>20723793425193</Id></PrtryAcct></Id></DbtrAcct><Cdtr><Nm>ANDRE VISSEL</Nm></Cdtr><CdtrAcct><Id><PrtryAcct><Id>23008200291367</Id></PrtryAcct></Id></CdtrAcct><Prtry><Tp>CASTLE MARQUEES</Tp><Pty/></Prtry></RltdPties><RmtInf><Strd><AddtlRmtInf>NO REF</AddtlRmtInf></Strd><Strd><AddtlRmtInf>SMOO LTD NO2 AC//CASTLE MARQUEES</AddtlRmtInf></Strd></RmtInf><RltdDts><TxDtTm>2018-09-01T22:28:22</TxDtTm></RltdDts><AddtlTxInf>RP46799603699826001020180901826200026</AddtlTxInf></TxDtls><AddtlNtryInf>COMPLETE//0000//003//CREDIT</AddtlNtryInf></Ntry></Ntfctn></BkToCstmrDbtCdtNtfctnV01></Document>