<?xml version="1.0" encoding="UTF-8"?><Document xmlns:xsi="http://www.w3.org/2001/XMLSchema-instance" xmlns="urn:iso:std:iso:20022:tech:xsd:camt.054.001.01"><BkToCstmrDbtCdtNtfctnV01><GrpHdr><MsgId>80309K//13164</MsgId><CreDtTm>2018-09-21T23:00:00</CreDtTm></GrpHdr><Ntfctn><Id>80309K//13164//1</Id><CreDtTm>2018-09-21T23:00:00</CreDtTm><Acct><Id><PrtryAcct><Id>20594233939774</Id></PrtryAcct></Id><Ccy>GBP</Ccy></Acct><TxsSummry><TtlNtries><NbOfNtries>7</NbOfNtries><Sum>681.49</Sum></TtlNtries><TtlCdtNtries><NbOfNtries>7</NbOfNtries><Sum>681.49</Sum></TtlCdtNtries><TtlDbtNtries><NbOfNtries>0</NbOfNtries><Sum>0.00</Sum></TtlDbtNtries></TxsSummry><Ntry><Amt Ccy="GBP">195.44</Amt><CdtDbtInd>CRDT</CdtDbtInd><Sts>BOOK</Sts><BookgDt><Dt>2018-09-24</Dt></BookgDt><BkTxCd><Prtry><Cd>SIP UKBA CR 40269</Cd></Prtry></BkTxCd><TxDtls><Refs><EndToEndId>NOREF</EndToEndId><TxId>RP4659985063995600</TxId></Refs><RltdPties><Dbtr><Nm>DIALSTONE C T/AS</Nm></Dbtr><DbtrAcct><Id><PrtryAcct><Id>20821330849626</Id></PrtryAcct></Id></DbtrAcct><Cdtr><Nm>K BOROWIK</Nm></Cdtr><CdtrAcct><Id><PrtryAcct><Id>23008200330696</Id></PrtryAcct></Id></CdtrAcct><Prtry><Tp>WAGES</Tp><Pty/></Prtry></RltdPties><RmtInf><Strd><AddtlRmtInf>NO REF</AddtlRmtInf></Strd><Strd><AddtlRmtInf>DIALSTONE C T/AS//WAGES</AddtlRmtInf></Strd></RmtInf><RltdDts><TxDtTm>2018-09-21T22:35:28</TxDtTm></RltdDts><AddtlTxInf>RP46599850639956001020180921826200026</AddtlTxInf></TxDtls><AddtlNtryInf>COMPLETE//0000//003//CREDIT</AddtlNtryInf></Ntry><Ntry><Amt Ccy="GBP">50.00</Amt><CdtDbtInd>CRDT</CdtDbtInd><Sts>BOOK</Sts><BookgDt><Dt>2018-09-24</Dt></BookgDt><BkTxCd><Prtry><Cd>SIP UKBA CR 40269</Cd></Prtry></BkTxCd><TxDtls><Refs><EndToEndId>GRAN O</EndToEndId><TxId>17224123368565000R</TxId><Prtry><Tp>STO REF</Tp><Ref>0000</Ref></Prtry></Refs><RltdPties><Dbtr><Nm>OLIVER J &amp;MRS H</Nm></Dbtr><DbtrAcct><Id><PrtryAcct><Id>83161100146740</Id></PrtryAcct></Id></DbtrAcct><Cdtr><Nm>DARYL</Nm></Cdtr><CdtrAcct><Id><PrtryAcct><Id>23008200236693</Id></PrtryAcct></Id></CdtrAcct><Prtry><Tp>GRAN O</Tp><Pty/></Prtry></RltdPties><RmtInf><Strd><AddtlRmtInf>OLIVER J &amp;MRS H   GRAN O            VIA ONLINE - PYMT</AddtlRmtInf></Strd><Strd><AddtlRmtInf>OLIVER J &amp;MRS H//GRAN O</AddtlRmtInf></Strd></RmtInf><RltdDts><TxDtTm>2018-09-21T22:41:23</TxDtTm></RltdDts><AddtlTxInf>17224123368565000R1020180921826831611</AddtlTxInf></TxDtls><AddtlNtryInf>COMPLETE//0000//003//CREDIT</AddtlNtryInf></Ntry><Ntry><Amt Ccy="GBP">7.00</Amt><CdtDbtInd>CRDT</CdtDbtInd><Sts>BOOK</Sts><BookgDt><Dt>2018-09-24</Dt></BookgDt><BkTxCd><Prtry><Cd>SIP UKBA CR 40269</Cd></Prtry></BkTxCd><TxDtls><Refs><EndToEndId>00155634632BBGPBVT</EndToEndId><TxId>00155634632BBGPBVT</TxId></Refs><RltdPties><Dbtr><Nm>SYDNEY BOYE-CAMPBELL</Nm></Dbtr><DbtrAcct><Id><PrtryAcct><Id>09013960220628</Id></PrtryAcct></Id></DbtrAcct><Cdtr><Nm>ARRO</Nm></Cdtr><CdtrAcct><Id><PrtryAcct><Id>23008200325644</Id></PrtryAcct></Id></CdtrAcct><Prtry><Tp>waltman</Tp><Pty/></Prtry></RltdPties><RmtInf><Strd><AddtlRmtInf>NO REF</AddtlRmtInf></Strd><Strd><AddtlRmtInf>SYDNEY BOYE-CAMPBE//waltman</AddtlRmtInf></Strd></RmtInf><RltdDts><TxDtTm>2018-09-21T22:44:23</TxDtTm></RltdDts><AddtlTxInf>00155634632BBGPBVT1020180921826090139</AddtlTxInf></TxDtls><AddtlNtryInf>COMPLETE//0000//003//CREDIT</AddtlNtryInf></Ntry><Ntry><Amt Ccy="GBP">67.05</Amt><CdtDbtInd>CRDT</CdtDbtInd><Sts>BOOK</Sts><BookgDt><Dt>2018-09-24</Dt></BookgDt><BkTxCd><Prtry><Cd>SIP UKBA CR 40269</Cd></Prtry></BkTxCd><TxDtls><Refs><EndToEndId>NOREF</EndToEndId><TxId>300000000394499353</TxId></Refs><RltdPties><Dbtr><Nm>Frimley Table Tenn</Nm></Dbtr><DbtrAcct><Id><PrtryAcct><Id>30804222431068</Id></PrtryAcct></Id></DbtrAcct><Cdtr><Nm>CAPITAL ONE B S L</Nm></Cdtr><CdtrAcct><Id><PrtryAcct><Id>23008200223520</Id></PrtryAcct></Id></CdtrAcct><Prtry><Tp>3FRIMLEY TT SHIRTS</Tp><Pty/></Prtry></RltdPties><RmtInf><Strd><AddtlRmtInf>NO REF</AddtlRmtInf></Strd><Strd><AddtlRmtInf>Frimley Table Tenn//3FRIMLEY TT SHIRTS</AddtlRmtInf></Strd></RmtInf><RltdDts><TxDtTm>2018-09-21T22:48:01</TxDtTm></RltdDts><AddtlTxInf>3000000003944993531020180921826308042</AddtlTxInf></TxDtls><AddtlNtryInf>COMPLETE//0000//003//CREDIT</AddtlNtryInf></Ntry><Ntry><Amt Ccy="GBP">323.00</Amt><CdtDbtInd>CRDT</CdtDbtInd><Sts>BOOK</Sts><BookgDt><Dt>2018-09-24</Dt></BookgDt><BkTxCd><Prtry><Cd>DCA UKBA CR 40269</Cd></Prtry></BkTxCd><TxDtls><Refs><EndToEndId>NOREF</EndToEndId><TxId>000000013638706801</TxId><Prtry><Tp>STO REF</Tp><Ref>5421</Ref></Prtry></Refs><RltdPties><Dbtr><Nm>M SULEV</Nm></Dbtr><DbtrAcct><Id><PrtryAcct><Id>20035373152596</Id></PrtryAcct></Id></DbtrAcct><Cdtr><Nm>MARIAN KAMLE</Nm></Cdtr><CdtrAcct><Id><PrtryAcct><Id>23008200413249</Id></PrtryAcct></Id></CdtrAcct><Prtry><Tp>MARIAN KAMLE</Tp><Pty/></Prtry></RltdPties><RmtInf><Strd><AddtlRmtInf>NO REF</AddtlRmtInf></Strd><Strd><AddtlRmtInf>M SULEV//MARIAN KAMLE</AddtlRmtInf></Strd></RmtInf><RltdDts><TxDtTm>2018-09-21T22:52:51</TxDtTm></RltdDts><AddtlTxInf>0000000136387068015020180921826200353</AddtlTxInf></TxDtls><AddtlNtryInf>COMPLETE//0000//003//CREDIT</AddtlNtryInf></Ntry><Ntry><Amt Ccy="GBP">34.00</Amt><CdtDbtInd>CRDT</CdtDbtInd><Sts>BOOK</Sts><BookgDt><Dt>2018-09-24</Dt></BookgDt><BkTxCd><Prtry><Cd>SIP UKBA CR 40269</Cd></Prtry></BkTxCd><TxDtls><Refs><EndToEndId>NOREF</EndToEndId><TxId>FP18264O05417086</TxId></Refs><RltdPties><Dbtr><Nm>Thillainathan Nijanthan</Nm></Dbtr><DbtrAcct><Id><PrtryAcct><Id>07043631045494</Id></PrtryAcct></Id></DbtrAcct><Cdtr><Nm>SHEILA</Nm></Cdtr><CdtrAcct><Id><PrtryAcct><Id>23008200457222</Id></PrtryAcct></Id></CdtrAcct><Prtry><Tp>EBAY</Tp><Pty/></Prtry></RltdPties><RmtInf><Strd><AddtlRmtInf>NO REF</AddtlRmtInf></Strd><Strd><AddtlRmtInf>Thillainathan Nija//EBAY</AddtlRmtInf></Strd></RmtInf><RltdDts><TxDtTm>2018-09-21T22:54:39</TxDtTm></RltdDts><AddtlTxInf>FP18264O05417086  1020180921826070436</AddtlTxInf></TxDtls><AddtlNtryInf>COMPLETE//0000//003//CREDIT</AddtlNtryInf></Ntry><Ntry><Amt Ccy="GBP">5.00</Amt><CdtDbtInd>CRDT</CdtDbtInd><Sts>BOOK</Sts><BookgDt><Dt>2018-09-24</Dt></BookgDt><BkTxCd><Prtry><Cd>SIP UKBA CR 40269</Cd></Prtry></BkTxCd><TxDtls><Refs><EndToEndId>NOREF</EndToEndId><TxId>300000000394500199</TxId></Refs><RltdPties><Dbtr><Nm>K Eccles</Nm></Dbtr><DbtrAcct><Id><PrtryAcct><Id>30719862294768</Id></PrtryAcct></Id></DbtrAcct><Cdtr><Nm>KATIE ECCLES</Nm></Cdtr><CdtrAcct><Id><PrtryAcct><Id>23008200446554</Id></PrtryAcct></Id></CdtrAcct></RltdPties><RmtInf><Strd><AddtlRmtInf>NO REF</AddtlRmtInf></Strd><Strd><AddtlRmtInf>K Eccles//</AddtlRmtInf></Strd></RmtInf><RltdDts><TxDtTm>2018-09-21T22:56:30</TxDtTm></RltdDts><AddtlTxInf>3000000003945001991020180921826307198</AddtlTxInf></TxDtls><AddtlNtryInf>COMPLETE//0000//003//CREDIT</AddtlNtryInf></Ntry></Ntfctn></BkToCstmrDbtCdtNtfctnV01></Document>