<?xml version="1.0" encoding="UTF-8"?><Document xmlns:xsi="http://www.w3.org/2001/XMLSchema-instance" xmlns="urn:iso:std:iso:20022:tech:xsd:camt.054.001.01"><BkToCstmrDbtCdtNtfctnV01><GrpHdr><MsgId>80309K//12906</MsgId><CreDtTm>2018-09-16T00:30:00</CreDtTm></GrpHdr><Ntfctn><Id>80309K//12906//1</Id><CreDtTm>2018-09-16T00:30:00</CreDtTm><Acct><Id><PrtryAcct><Id>20594233939774</Id></PrtryAcct></Id><Ccy>GBP</Ccy></Acct><TxsSummry><TtlNtries><NbOfNtries>2</NbOfNtries><Sum>3200.95</Sum></TtlNtries><TtlCdtNtries><NbOfNtries>2</NbOfNtries><Sum>3200.95</Sum></TtlCdtNtries><TtlDbtNtries><NbOfNtries>0</NbOfNtries><Sum>0.00</Sum></TtlDbtNtries></TxsSummry><Ntry><Amt Ccy="GBP">2951.95</Amt><CdtDbtInd>CRDT</CdtDbtInd><Sts>BOOK</Sts><BookgDt><Dt>2018-09-17</Dt></BookgDt><BkTxCd><Prtry><Cd>FDP UKBA CR 40269</Cd></Prtry></BkTxCd><TxDtls><Refs><EndToEndId>NOREF</EndToEndId><TxId>FP18258O52269953</TxId></Refs><RltdPties><Dbtr><Nm>Alexe Mariana</Nm></Dbtr><DbtrAcct><Id><PrtryAcct><Id>07043641707592</Id></PrtryAcct></Id></DbtrAcct><Cdtr><Nm>M POP</Nm></Cdtr><CdtrAcct><Id><PrtryAcct><Id>23008200032095</Id></PrtryAcct></Id></CdtrAcct><Prtry><Tp>SIS</Tp><Pty/></Prtry></RltdPties><RmtInf><Strd><AddtlRmtInf>NO REF</AddtlRmtInf></Strd><Strd><AddtlRmtInf>Alexe Mariana//SIS</AddtlRmtInf></Strd></RmtInf><RltdDts><TxDtTm>2018-09-16T00:13:56</TxDtTm></RltdDts><AddtlTxInf>FP18258O52269953  4020180916826070436</AddtlTxInf></TxDtls><AddtlNtryInf>COMPLETE//0000//003//CREDIT</AddtlNtryInf></Ntry><Ntry><Amt Ccy="GBP">249.00</Amt><CdtDbtInd>CRDT</CdtDbtInd><Sts>BOOK</Sts><BookgDt><Dt>2018-09-17</Dt></BookgDt><BkTxCd><Prtry><Cd>SIP UKBA CR 40269</Cd></Prtry></BkTxCd><TxDtls><Refs><EndToEndId>JERRY</EndToEndId><TxId>15002047163772000R</TxId><Prtry><Tp>STO REF</Tp><Ref>0000</Ref></Prtry></Refs><RltdPties><Dbtr><Nm>SINGH J</Nm></Dbtr><DbtrAcct><Id><PrtryAcct><Id>83202200242779</Id></PrtryAcct></Id></DbtrAcct><Cdtr><Nm>MR JAGPAL SINGH</Nm></Cdtr><CdtrAcct><Id><PrtryAcct><Id>23008200401300</Id></PrtryAcct></Id></CdtrAcct><Prtry><Tp>JERRY</Tp><Pty/></Prtry></RltdPties><RmtInf><Strd><AddtlRmtInf>SINGH J           JERRY             VIA MOBILE - LVP</AddtlRmtInf></Strd><Strd><AddtlRmtInf>SINGH J//JERRY</AddtlRmtInf></Strd></RmtInf><RltdDts><TxDtTm>2018-09-16T00:20:47</TxDtTm></RltdDts><AddtlTxInf>15002047163772000R1020180916826832022</AddtlTxInf></TxDtls><AddtlNtryInf>COMPLETE//0000//003//CREDIT</AddtlNtryInf></Ntry></Ntfctn></BkToCstmrDbtCdtNtfctnV01></Document>