<?xml version="1.0" encoding="UTF-8"?><Document xmlns:xsi="http://www.w3.org/2001/XMLSchema-instance" xmlns="urn:iso:std:iso:20022:tech:xsd:camt.054.001.01"><BkToCstmrDbtCdtNtfctnV01><GrpHdr><MsgId>80309K//12972</MsgId><CreDtTm>2018-09-17T15:30:00</CreDtTm></GrpHdr><Ntfctn><Id>80309K//12972//1</Id><CreDtTm>2018-09-17T15:30:00</CreDtTm><Acct><Id><PrtryAcct><Id>20594233939774</Id></PrtryAcct></Id><Ccy>GBP</Ccy></Acct><TxsSummry><TtlNtries><NbOfNtries>19</NbOfNtries><Sum>6719.19</Sum></TtlNtries><TtlCdtNtries><NbOfNtries>16</NbOfNtries><Sum>2729.01</Sum></TtlCdtNtries><TtlDbtNtries><NbOfNtries>3</NbOfNtries><Sum>3990.18</Sum></TtlDbtNtries></TxsSummry><Ntry><Amt Ccy="GBP">364.00</Amt><CdtDbtInd>CRDT</CdtDbtInd><Sts>BOOK</Sts><BookgDt><Dt>2018-09-17</Dt></BookgDt><BkTxCd><Prtry><Cd>SIP UKBA CR 40269</Cd></Prtry></BkTxCd><TxDtls><Refs><EndToEndId>NOREF</EndToEndId><TxId>RP4659984732566700</TxId></Refs><RltdPties><Dbtr><Nm>ATKIN MH</Nm></Dbtr><DbtrAcct><Id><PrtryAcct><Id>20768910644382</Id></PrtryAcct></Id></DbtrAcct><Cdtr><Nm>KEITH SHURVIL</Nm></Cdtr><CdtrAcct><Id><PrtryAcct><Id>23008200355944</Id></PrtryAcct></Id></CdtrAcct><Prtry><Tp>MAURICE ATKIN</Tp><Pty/></Prtry></RltdPties><RmtInf><Strd><AddtlRmtInf>NO REF</AddtlRmtInf></Strd><Strd><AddtlRmtInf>ATKIN MH//MAURICE ATKIN</AddtlRmtInf></Strd></RmtInf><RltdDts><TxDtTm>2018-09-17T15:01:19</TxDtTm></RltdDts><AddtlTxInf>RP46599847325667001020180917826200026</AddtlTxInf></TxDtls><AddtlNtryInf>COMPLETE//0000//002//CREDIT</AddtlNtryInf></Ntry><Ntry><Amt Ccy="GBP">1664.00</Amt><CdtDbtInd>DBIT</CdtDbtInd><Sts>BOOK</Sts><BookgDt><Dt>2018-09-17</Dt></BookgDt><BkTxCd><Prtry><Cd>AUT UKBA DR 30278</Cd></Prtry></BkTxCd><TxDtls><Refs><TxId>000000000336852900</TxId></Refs><RltdPties><DbtrAcct><Id><PrtryAcct><Id>20594233939774</Id></PrtryAcct></Id></DbtrAcct></RltdPties><RmtInf><Strd><AddtlRmtInf>NO REF</AddtlRmtInf></Strd><Strd><AddtlRmtInf>20180917A44639//7S      F1FQTD3656</AddtlRmtInf></Strd></RmtInf><RltdDts><TxDtTm>2018-09-17T15:01:43</TxDtTm></RltdDts><AddtlTxInf>0000000003368529000020180917826205942</AddtlTxInf></TxDtls><AddtlNtryInf>AUTHSENT//0000//002//DEBIT</AddtlNtryInf></Ntry><Ntry><Amt Ccy="GBP">664.00</Amt><CdtDbtInd>DBIT</CdtDbtInd><Sts>BOOK</Sts><BookgDt><Dt>2018-09-17</Dt></BookgDt><BkTxCd><Prtry><Cd>AUT UKBA DR 30278</Cd></Prtry></BkTxCd><TxDtls><Refs><TxId>000000000336853300</TxId></Refs><RltdPties><DbtrAcct><Id><PrtryAcct><Id>20594233939774</Id></PrtryAcct></Id></DbtrAcct></RltdPties><RmtInf><Strd><AddtlRmtInf>NO REF</AddtlRmtInf></Strd><Strd><AddtlRmtInf>20180917A44639//7S      F1FQSAG654</AddtlRmtInf></Strd></RmtInf><RltdDts><TxDtTm>2018-09-17T15:01:55</TxDtTm></RltdDts><AddtlTxInf>0000000003368533000020180917826205942</AddtlTxInf></TxDtls><AddtlNtryInf>AUTHSENT//0000//002//DEBIT</AddtlNtryInf></Ntry><Ntry><Amt Ccy="GBP">1662.18</Amt><CdtDbtInd>DBIT</CdtDbtInd><Sts>BOOK</Sts><BookgDt><Dt>2018-09-17</Dt></BookgDt><BkTxCd><Prtry><Cd>AUT UKBA DR 30278</Cd></Prtry></BkTxCd><TxDtls><Refs><TxId>000000000336853500</TxId></Refs><RltdPties><DbtrAcct><Id><PrtryAcct><Id>20594233939774</Id></PrtryAcct></Id></DbtrAcct></RltdPties><RmtInf><Strd><AddtlRmtInf>NO REF</AddtlRmtInf></Strd><Strd><AddtlRmtInf>20180917A44639//7S      F1FP1JL652</AddtlRmtInf></Strd></RmtInf><RltdDts><TxDtTm>2018-09-17T15:02:09</TxDtTm></RltdDts><AddtlTxInf>0000000003368535000020180917826205942</AddtlTxInf></TxDtls><AddtlNtryInf>AUTHSENT//0000//002//DEBIT</AddtlNtryInf></Ntry><Ntry><Amt Ccy="GBP">6.00</Amt><CdtDbtInd>CRDT</CdtDbtInd><Sts>BOOK</Sts><BookgDt><Dt>2018-09-17</Dt></BookgDt><BkTxCd><Prtry><Cd>DCA UKBA CR 40269</Cd></Prtry></BkTxCd><TxDtls><Refs><EndToEndId>NOREF</EndToEndId><TxId>000000013588086401</TxId><Prtry><Tp>STO REF</Tp><Ref>0000</Ref></Prtry></Refs><RltdPties><Dbtr><Nm>23008200223247</Nm></Dbtr><DbtrAcct><Id><PrtryAcct><Id>20594233939774</Id></PrtryAcct></Id></DbtrAcct><Cdtr><Nm>GURPREET LAGAH</Nm></Cdtr><CdtrAcct><Id><PrtryAcct><Id>23008200293008</Id></PrtryAcct></Id></CdtrAcct><Prtry><Tp>PAYMENT</Tp><Pty/></Prtry></RltdPties><RmtInf><Strd><AddtlRmtInf>NO REF</AddtlRmtInf></Strd><Strd><AddtlRmtInf>23008200223247//PAYMENT</AddtlRmtInf></Strd></RmtInf><RltdDts><TxDtTm>2018-09-17T15:02:12</TxDtTm></RltdDts><AddtlTxInf>0000000135880864015020180917826205942</AddtlTxInf></TxDtls><AddtlNtryInf>COMPLETE//0000//002//CREDIT</AddtlNtryInf></Ntry><Ntry><Amt Ccy="GBP">200.00</Amt><CdtDbtInd>CRDT</CdtDbtInd><Sts>BOOK</Sts><BookgDt><Dt>2018-09-17</Dt></BookgDt><BkTxCd><Prtry><Cd>SIP UKBA CR 40269</Cd></Prtry></BkTxCd><TxDtls><Refs><EndToEndId>NOREF</EndToEndId><TxId>FP18260O01586953</TxId></Refs><RltdPties><Dbtr><Nm>Koszler-Smith Diane</Nm></Dbtr><DbtrAcct><Id><PrtryAcct><Id>07024606219724</Id></PrtryAcct></Id></DbtrAcct><Cdtr><Nm>DOMINIKA JASZCZUK</Nm></Cdtr><CdtrAcct><Id><PrtryAcct><Id>23008200381304</Id></PrtryAcct></Id></CdtrAcct><Prtry><Tp>THERMOMIX</Tp><Pty/></Prtry></RltdPties><RmtInf><Strd><AddtlRmtInf>NO REF</AddtlRmtInf></Strd><Strd><AddtlRmtInf>Koszler-Smith Dian//THERMOMIX</AddtlRmtInf></Strd></RmtInf><RltdDts><TxDtTm>2018-09-17T15:05:13</TxDtTm></RltdDts><AddtlTxInf>FP18260O01586953  1020180917826070246</AddtlTxInf></TxDtls><AddtlNtryInf>COMPLETE//0000//002//CREDIT</AddtlNtryInf></Ntry><Ntry><Amt Ccy="GBP">10.00</Amt><CdtDbtInd>CRDT</CdtDbtInd><Sts>BOOK</Sts><BookgDt><Dt>2018-09-17</Dt></BookgDt><BkTxCd><Prtry><Cd>SIP UKBA CR 40269</Cd></Prtry></BkTxCd><TxDtls><Refs><EndToEndId>PPWD00000000AO01FS</EndToEndId><TxId>PPWD00000000AO01FS</TxId></Refs><RltdPties><Dbtr><Nm>PayPal</Nm><PstlAdr><AdrLine>2211 N 1st Street San Jose CA 95131</AdrLine><Ctry/></PstlAdr></Dbtr><DbtrAcct><Id><PrtryAcct><Id>23526278959595</Id></PrtryAcct></Id></DbtrAcct><Cdtr><Nm>Duncan Heyes</Nm><PstlAdr><AdrLine>189 Ashfield Avenue</AdrLine><Ctry/></PstlAdr></Cdtr><CdtrAcct><Id><PrtryAcct><Id>23008200445743</Id></PrtryAcct></Id></CdtrAcct><Prtry><Tp>PPWDL4Q322AL3LV55G</Tp><Pty/></Prtry></RltdPties><RmtInf><Strd><RfrdDocInf><RfrdDocTp><Prtry>002</Prtry></RfrdDocTp></RfrdDocInf><AddtlRmtInf>NO REF</AddtlRmtInf></Strd><Strd><AddtlRmtInf>PayPal//PPWDL4Q322AL3LV55G</AddtlRmtInf></Strd></RmtInf><RltdDts><TxDtTm>2018-09-17T15:07:41</TxDtTm></RltdDts><AddtlTxInf>PPWD00000000AO01FS1020180917826235262</AddtlTxInf></TxDtls><AddtlNtryInf>COMPLETE//0000//002//CREDIT</AddtlNtryInf></Ntry><Ntry><Amt Ccy="GBP">255.00</Amt><CdtDbtInd>CRDT</CdtDbtInd><Sts>BOOK</Sts><BookgDt><Dt>2018-09-17</Dt></BookgDt><BkTxCd><Prtry><Cd>SIP UKBA CR 40269</Cd></Prtry></BkTxCd><TxDtls><Refs><EndToEndId>NOREF</EndToEndId><TxId>62150804155093000N</TxId><Prtry><Tp>STO REF</Tp><Ref>0000</Ref></Prtry></Refs><RltdPties><Dbtr><Nm>MISS ANGELA M GORD</Nm></Dbtr><DbtrAcct><Id><PrtryAcct><Id>60604053508432</Id></PrtryAcct></Id></DbtrAcct><Cdtr><Nm>LENKA SALTISOVA</Nm></Cdtr><CdtrAcct><Id><PrtryAcct><Id>23008200354710</Id></PrtryAcct></Id></CdtrAcct><Prtry><Tp>MISS GORDON</Tp><Pty/></Prtry></RltdPties><RmtInf><Strd><AddtlRmtInf>MISS GORDON</AddtlRmtInf></Strd><Strd><AddtlRmtInf>MISS ANGELA M GORD//MISS GORDON</AddtlRmtInf></Strd></RmtInf><RltdDts><TxDtTm>2018-09-17T15:08:04</TxDtTm></RltdDts><AddtlTxInf>62150804155093000N1020180917826606040</AddtlTxInf></TxDtls><AddtlNtryInf>COMPLETE//0000//002//CREDIT</AddtlNtryInf></Ntry><Ntry><Amt Ccy="GBP">100.00</Amt><CdtDbtInd>CRDT</CdtDbtInd><Sts>BOOK</Sts><BookgDt><Dt>2018-09-17</Dt></BookgDt><BkTxCd><Prtry><Cd>SIP UKBA CR 40269</Cd></Prtry></BkTxCd><TxDtls><Refs><EndToEndId>NOREF</EndToEndId><TxId>200000000387839702</TxId></Refs><RltdPties><Dbtr><Nm>C Belloge</Nm></Dbtr><DbtrAcct><Id><PrtryAcct><Id>77911332822160</Id></PrtryAcct></Id></DbtrAcct><Cdtr><Nm>DUARTE SOARES</Nm></Cdtr><CdtrAcct><Id><PrtryAcct><Id>23008200450073</Id></PrtryAcct></Id></CdtrAcct><Prtry><Tp>EUROSTAR TRAIN</Tp><Pty/></Prtry></RltdPties><RmtInf><Strd><AddtlRmtInf>NO REF</AddtlRmtInf></Strd><Strd><AddtlRmtInf>C Belloge//EUROSTAR TRAIN</AddtlRmtInf></Strd></RmtInf><RltdDts><TxDtTm>2018-09-17T15:08:08</TxDtTm></RltdDts><AddtlTxInf>2000000003878397021020180917826779113</AddtlTxInf></TxDtls><AddtlNtryInf>COMPLETE//0000//002//CREDIT</AddtlNtryInf></Ntry><Ntry><Amt Ccy="GBP">100.00</Amt><CdtDbtInd>CRDT</CdtDbtInd><Sts>BOOK</Sts><BookgDt><Dt>2018-09-17</Dt></BookgDt><BkTxCd><Prtry><Cd>SIP UKBA CR 40269</Cd></Prtry></BkTxCd><TxDtls><Refs><EndToEndId>00151233632BBHMZZX</EndToEndId><TxId>00151233632BBHMZZX</TxId></Refs><RltdPties><Dbtr><Nm>RUKAYAT OLAIFA</Nm></Dbtr><DbtrAcct><Id><PrtryAcct><Id>09012693417807</Id></PrtryAcct></Id></DbtrAcct><Cdtr><Nm>KALID</Nm></Cdtr><CdtrAcct><Id><PrtryAcct><Id>23008200383860</Id></PrtryAcct></Id></CdtrAcct><Prtry><Tp>One off</Tp><Pty/></Prtry></RltdPties><RmtInf><Strd><AddtlRmtInf>NO REF</AddtlRmtInf></Strd><Strd><AddtlRmtInf>RUKAYAT OLAIFA//One off</AddtlRmtInf></Strd></RmtInf><RltdDts><TxDtTm>2018-09-17T15:08:39</TxDtTm></RltdDts><AddtlTxInf>00151233632BBHMZZX1020180917826090126</AddtlTxInf></TxDtls><AddtlNtryInf>COMPLETE//0000//002//CREDIT</AddtlNtryInf></Ntry><Ntry><Amt Ccy="GBP">5.00</Amt><CdtDbtInd>CRDT</CdtDbtInd><Sts>BOOK</Sts><BookgDt><Dt>2018-09-17</Dt></BookgDt><BkTxCd><Prtry><Cd>SIP UKBA CR 40269</Cd></Prtry></BkTxCd><TxDtls><Refs><EndToEndId>NOREF</EndToEndId><TxId>300000000393156416</TxId></Refs><RltdPties><Dbtr><Nm>C Bray</Nm></Dbtr><DbtrAcct><Id><PrtryAcct><Id>77121231115060</Id></PrtryAcct></Id></DbtrAcct><Cdtr><Nm>SEXY</Nm></Cdtr><CdtrAcct><Id><PrtryAcct><Id>23008200195387</Id></PrtryAcct></Id></CdtrAcct><Prtry><Tp>LOVE YOU</Tp><Pty/></Prtry></RltdPties><RmtInf><Strd><AddtlRmtInf>NO REF</AddtlRmtInf></Strd><Strd><AddtlRmtInf>C Bray//LOVE YOU</AddtlRmtInf></Strd></RmtInf><RltdDts><TxDtTm>2018-09-17T15:15:44</TxDtTm></RltdDts><AddtlTxInf>3000000003931564161020180917826771212</AddtlTxInf></TxDtls><AddtlNtryInf>COMPLETE//0000//002//CREDIT</AddtlNtryInf></Ntry><Ntry><Amt Ccy="GBP">300.00</Amt><CdtDbtInd>CRDT</CdtDbtInd><Sts>BOOK</Sts><BookgDt><Dt>2018-09-17</Dt></BookgDt><BkTxCd><Prtry><Cd>SIP UKBA CR 40269</Cd></Prtry></BkTxCd><TxDtls><Refs><EndToEndId>JUSTINWEILER</EndToEndId><TxId>20151553827507000N</TxId><Prtry><Tp>STO REF</Tp><Ref>0000</Ref></Prtry></Refs><RltdPties><Dbtr><Nm>CAMPFIRE CREATIVE</Nm></Dbtr><DbtrAcct><Id><PrtryAcct><Id>60071042572568</Id></PrtryAcct></Id></DbtrAcct><Cdtr><Nm>ALI KAMRAN</Nm></Cdtr><CdtrAcct><Id><PrtryAcct><Id>23008200386714</Id></PrtryAcct></Id></CdtrAcct><Prtry><Tp>JUSTINWEILER</Tp><Pty/></Prtry></RltdPties><RmtInf><Strd><AddtlRmtInf>CAMPFIRE CREATIVE JUSTINWEILER      VIA ONLINE - PYMT</AddtlRmtInf></Strd><Strd><AddtlRmtInf>CAMPFIRE CREATIVE//JUSTINWEILER</AddtlRmtInf></Strd></RmtInf><RltdDts><TxDtTm>2018-09-17T15:15:54</TxDtTm></RltdDts><AddtlTxInf>20151553827507000N1020180917826600710</AddtlTxInf></TxDtls><AddtlNtryInf>COMPLETE//0000//002//CREDIT</AddtlNtryInf></Ntry><Ntry><Amt Ccy="GBP">250.00</Amt><CdtDbtInd>CRDT</CdtDbtInd><Sts>BOOK</Sts><BookgDt><Dt>2018-09-17</Dt></BookgDt><BkTxCd><Prtry><Cd>SIP UKBA CR 40269</Cd></Prtry></BkTxCd><TxDtls><Refs><EndToEndId>MARQ MILLIONS</EndToEndId><TxId>19151621472269000R</TxId><Prtry><Tp>STO REF</Tp><Ref>0000</Ref></Prtry></Refs><RltdPties><Dbtr><Nm>MARQ MILLIONS LTD</Nm></Dbtr><DbtrAcct><Id><PrtryAcct><Id>16001810123776</Id></PrtryAcct></Id></DbtrAcct><Cdtr><Nm>MARQ MILLIONS LTD</Nm></Cdtr><CdtrAcct><Id><PrtryAcct><Id>23008200031221</Id></PrtryAcct></Id></CdtrAcct><Prtry><Tp>MARQ MILLIONS</Tp><Pty/></Prtry></RltdPties><RmtInf><Strd><AddtlRmtInf>MARQ MILLIONS LTD MARQ MILLIONS     VIA MOBILE - PYMT</AddtlRmtInf></Strd><Strd><AddtlRmtInf>MARQ MILLIONS LTD//MARQ MILLIONS</AddtlRmtInf></Strd></RmtInf><RltdDts><TxDtTm>2018-09-17T15:16:21</TxDtTm></RltdDts><AddtlTxInf>19151621472269000R1020180917826160018</AddtlTxInf></TxDtls><AddtlNtryInf>COMPLETE//0000//002//CREDIT</AddtlNtryInf></Ntry><Ntry><Amt Ccy="GBP">180.00</Amt><CdtDbtInd>CRDT</CdtDbtInd><Sts>BOOK</Sts><BookgDt><Dt>2018-09-17</Dt></BookgDt><BkTxCd><Prtry><Cd>DCA UKBA CR 40269</Cd></Prtry></BkTxCd><TxDtls><Refs><EndToEndId>NOREF</EndToEndId><TxId>000000013588188101</TxId><Prtry><Tp>STO REF</Tp><Ref>0000</Ref></Prtry></Refs><RltdPties><Dbtr><Nm>23630700877358</Nm></Dbtr><DbtrAcct><Id><PrtryAcct><Id>20594243523659</Id></PrtryAcct></Id></DbtrAcct><Cdtr><Nm>AMBER GORSHKOV</Nm></Cdtr><CdtrAcct><Id><PrtryAcct><Id>23008200207440</Id></PrtryAcct></Id></CdtrAcct><Prtry><Tp>AMBER</Tp><Pty/></Prtry></RltdPties><RmtInf><Strd><AddtlRmtInf>NO REF</AddtlRmtInf></Strd><Strd><AddtlRmtInf>23630700877358//AMBER</AddtlRmtInf></Strd></RmtInf><RltdDts><TxDtTm>2018-09-17T15:16:54</TxDtTm></RltdDts><AddtlTxInf>0000000135881881015020180917826205942</AddtlTxInf></TxDtls><AddtlNtryInf>COMPLETE//0000//002//CREDIT</AddtlNtryInf></Ntry><Ntry><Amt Ccy="GBP">576.92</Amt><CdtDbtInd>CRDT</CdtDbtInd><Sts>BOOK</Sts><BookgDt><Dt>2018-09-17</Dt></BookgDt><BkTxCd><Prtry><Cd>DCA UKBA CR 40269</Cd></Prtry></BkTxCd><TxDtls><Refs><EndToEndId>NOREF</EndToEndId><TxId>000000013588182701</TxId><Prtry><Tp>STO REF</Tp><Ref>0000</Ref></Prtry></Refs><RltdPties><Dbtr><Nm>23630701556683</Nm></Dbtr><DbtrAcct><Id><PrtryAcct><Id>20594243523659</Id></PrtryAcct></Id></DbtrAcct><Cdtr><Nm>AA TAXIS - WAGES</Nm></Cdtr><CdtrAcct><Id><PrtryAcct><Id>23008200431224</Id></PrtryAcct></Id></CdtrAcct><Prtry><Tp>AA TAXIS - WAGES</Tp><Pty/></Prtry></RltdPties><RmtInf><Strd><AddtlRmtInf>NO REF</AddtlRmtInf></Strd><Strd><AddtlRmtInf>23630701556683//AA TAXIS - WAGES</AddtlRmtInf></Strd></RmtInf><RltdDts><TxDtTm>2018-09-17T15:16:54</TxDtTm></RltdDts><AddtlTxInf>0000000135881827015020180917826205942</AddtlTxInf></TxDtls><AddtlNtryInf>COMPLETE//0000//002//CREDIT</AddtlNtryInf></Ntry><Ntry><Amt Ccy="GBP">88.00</Amt><CdtDbtInd>CRDT</CdtDbtInd><Sts>BOOK</Sts><BookgDt><Dt>2018-09-17</Dt></BookgDt><BkTxCd><Prtry><Cd>DCA UKBA CR 40269</Cd></Prtry></BkTxCd><TxDtls><Refs><EndToEndId>NOREF</EndToEndId><TxId>000000013588191601</TxId><Prtry><Tp>STO REF</Tp><Ref>0000</Ref></Prtry></Refs><RltdPties><Dbtr><Nm>23630701571668</Nm></Dbtr><DbtrAcct><Id><PrtryAcct><Id>20594243523659</Id></PrtryAcct></Id></DbtrAcct><Cdtr><Nm>LUCY JANE PARKIN</Nm></Cdtr><CdtrAcct><Id><PrtryAcct><Id>23008200223901</Id></PrtryAcct></Id></CdtrAcct><Prtry><Tp>INT TRANSLATE</Tp><Pty/></Prtry></RltdPties><RmtInf><Strd><AddtlRmtInf>NO REF</AddtlRmtInf></Strd><Strd><AddtlRmtInf>23630701571668//INT TRANSLATE</AddtlRmtInf></Strd></RmtInf><RltdDts><TxDtTm>2018-09-17T15:16:54</TxDtTm></RltdDts><AddtlTxInf>0000000135881916015020180917826205942</AddtlTxInf></TxDtls><AddtlNtryInf>COMPLETE//0000//002//CREDIT</AddtlNtryInf></Ntry><Ntry><Amt Ccy="GBP">70.00</Amt><CdtDbtInd>CRDT</CdtDbtInd><Sts>BOOK</Sts><BookgDt><Dt>2018-09-17</Dt></BookgDt><BkTxCd><Prtry><Cd>SIP UKBA CR 40269</Cd></Prtry></BkTxCd><TxDtls><Refs><EndToEndId>PPWD00000000AO0800</EndToEndId><TxId>PPWD00000000AO0800</TxId></Refs><RltdPties><Dbtr><Nm>PayPal</Nm><PstlAdr><AdrLine>2211 N 1st Street San Jose CA 95131</AdrLine><Ctry/></PstlAdr></Dbtr><DbtrAcct><Id><PrtryAcct><Id>23526278959595</Id></PrtryAcct></Id></DbtrAcct><Cdtr><Nm>Nicholas Jones</Nm><PstlAdr><AdrLine>56, HAROLD STREET</AdrLine><Ctry/></PstlAdr></Cdtr><CdtrAcct><Id><PrtryAcct><Id>23008200351123</Id></PrtryAcct></Id></CdtrAcct><Prtry><Tp>PPWDL4D422AL5VTPQS</Tp><Pty/></Prtry></RltdPties><RmtInf><Strd><RfrdDocInf><RfrdDocTp><Prtry>002</Prtry></RfrdDocTp></RfrdDocInf><AddtlRmtInf>NO REF</AddtlRmtInf></Strd><Strd><AddtlRmtInf>PayPal//PPWDL4D422AL5VTPQS</AddtlRmtInf></Strd></RmtInf><RltdDts><TxDtTm>2018-09-17T15:21:18</TxDtTm></RltdDts><AddtlTxInf>PPWD00000000AO08001020180917826235262</AddtlTxInf></TxDtls><AddtlNtryInf>COMPLETE//0000//002//CREDIT</AddtlNtryInf></Ntry><Ntry><Amt Ccy="GBP">205.00</Amt><CdtDbtInd>CRDT</CdtDbtInd><Sts>BOOK</Sts><BookgDt><Dt>2018-09-17</Dt></BookgDt><BkTxCd><Prtry><Cd>DCA UKBA CR 40269</Cd></Prtry></BkTxCd><TxDtls><Refs><EndToEndId>NOREF</EndToEndId><TxId>000000013588259001</TxId><Prtry><Tp>STO REF</Tp><Ref>6607</Ref></Prtry></Refs><RltdPties><Dbtr><Nm>M WATEGHA</Nm></Dbtr><DbtrAcct><Id><PrtryAcct><Id>20035373152596</Id></PrtryAcct></Id></DbtrAcct><Cdtr><Nm>ATTIA WATEGHA</Nm></Cdtr><CdtrAcct><Id><PrtryAcct><Id>23008200313567</Id></PrtryAcct></Id></CdtrAcct><Prtry><Tp>MYSELF</Tp><Pty/></Prtry></RltdPties><RmtInf><Strd><AddtlRmtInf>NO REF</AddtlRmtInf></Strd><Strd><AddtlRmtInf>M WATEGHA//MYSELF</AddtlRmtInf></Strd></RmtInf><RltdDts><TxDtTm>2018-09-17T15:22:23</TxDtTm></RltdDts><AddtlTxInf>0000000135882590015020180917826200353</AddtlTxInf></TxDtls><AddtlNtryInf>COMPLETE//0000//002//CREDIT</AddtlNtryInf></Ntry><Ntry><Amt Ccy="GBP">19.09</Amt><CdtDbtInd>CRDT</CdtDbtInd><Sts>BOOK</Sts><BookgDt><Dt>2018-09-17</Dt></BookgDt><BkTxCd><Prtry><Cd>SIP UKBA CR 40269</Cd></Prtry></BkTxCd><TxDtls><Refs><EndToEndId>NOREF</EndToEndId><TxId>52152953130590000N</TxId><Prtry><Tp>STO REF</Tp><Ref>0000</Ref></Prtry></Refs><RltdPties><Dbtr><Nm>WHG (INTERNATIONAL</Nm></Dbtr><DbtrAcct><Id><PrtryAcct><Id>60954439080519</Id></PrtryAcct></Id></DbtrAcct><Cdtr><Nm>KARL HORRY</Nm></Cdtr><CdtrAcct><Id><PrtryAcct><Id>23008200426952</Id></PrtryAcct></Id></CdtrAcct><Prtry><Tp>547203993</Tp><Pty/></Prtry></RltdPties><RmtInf><Strd><AddtlRmtInf>WHG (INTERNATIONAL547203993</AddtlRmtInf></Strd><Strd><AddtlRmtInf>WHG (INTERNATIONAL//547203993</AddtlRmtInf></Strd></RmtInf><RltdDts><TxDtTm>2018-09-17T15:29:53</TxDtTm></RltdDts><AddtlTxInf>52152953130590000N1020180917826609544</AddtlTxInf></TxDtls><AddtlNtryInf>COMPLETE//0000//002//CREDIT</AddtlNtryInf></Ntry></Ntfctn></BkToCstmrDbtCdtNtfctnV01></Document>