<?xml version="1.0" encoding="UTF-8"?><Document xmlns:xsi="http://www.w3.org/2001/XMLSchema-instance" xmlns="urn:iso:std:iso:20022:tech:xsd:camt.054.001.01"><BkToCstmrDbtCdtNtfctnV01><GrpHdr><MsgId>80309K//12678</MsgId><CreDtTm>2018-09-10T18:30:00</CreDtTm></GrpHdr><Ntfctn><Id>80309K//12678//1</Id><CreDtTm>2018-09-10T18:30:00</CreDtTm><Acct><Id><PrtryAcct><Id>20594233939774</Id></PrtryAcct></Id><Ccy>GBP</Ccy></Acct><TxsSummry><TtlNtries><NbOfNtries>4</NbOfNtries><Sum>167.01</Sum></TtlNtries><TtlCdtNtries><NbOfNtries>4</NbOfNtries><Sum>167.01</Sum></TtlCdtNtries><TtlDbtNtries><NbOfNtries>0</NbOfNtries><Sum>0.00</Sum></TtlDbtNtries></TxsSummry><Ntry><Amt Ccy="GBP">105.00</Amt><CdtDbtInd>CRDT</CdtDbtInd><Sts>BOOK</Sts><BookgDt><Dt>2018-09-10</Dt></BookgDt><BkTxCd><Prtry><Cd>SIP UKBA CR 40269</Cd></Prtry></BkTxCd><TxDtls><Refs><EndToEndId>NOREF</EndToEndId><TxId>300000000391300975</TxId></Refs><RltdPties><Dbtr><Nm>T Hunter</Nm></Dbtr><DbtrAcct><Id><PrtryAcct><Id>77950860764362</Id></PrtryAcct></Id></DbtrAcct><Cdtr><Nm>ME ARRO</Nm></Cdtr><CdtrAcct><Id><PrtryAcct><Id>23008200317661</Id></PrtryAcct></Id></CdtrAcct><Prtry><Tp>LLOYDS</Tp><Pty/></Prtry></RltdPties><RmtInf><Strd><AddtlRmtInf>NO REF</AddtlRmtInf></Strd><Strd><AddtlRmtInf>T Hunter//LLOYDS</AddtlRmtInf></Strd></RmtInf><RltdDts><TxDtTm>2018-09-10T18:00:48</TxDtTm></RltdDts><AddtlTxInf>3000000003913009751020180910826779508</AddtlTxInf></TxDtls><AddtlNtryInf>COMPLETE//0000//003//CREDIT</AddtlNtryInf></Ntry><Ntry><Amt Ccy="GBP">0.01</Amt><CdtDbtInd>CRDT</CdtDbtInd><Sts>BOOK</Sts><BookgDt><Dt>2018-09-10</Dt></BookgDt><BkTxCd><Prtry><Cd>SIP UKBA CR 40269</Cd></Prtry></BkTxCd><TxDtls><Refs><EndToEndId>PPRD00000000AMAS66</EndToEndId><TxId>PPRD00000000AMAS66</TxId></Refs><RltdPties><Dbtr><Nm>PAYPAL CODE 1130</Nm><PstlAdr><AdrLine>2211 N 1st Street San Jose CA 95131</AdrLine><Ctry/></PstlAdr></Dbtr><DbtrAcct><Id><PrtryAcct><Id>23526285010101</Id></PrtryAcct></Id></DbtrAcct><Cdtr><Nm>Michelle Barrett</Nm><PstlAdr><AdrLine>35A  Elborough Road</AdrLine><Ctry/></PstlAdr></Cdtr><CdtrAcct><Id><PrtryAcct><Id>23008200437445</Id></PrtryAcct></Id></CdtrAcct><Prtry><Tp>PAYPAL CODE 1130</Tp><Pty/></Prtry></RltdPties><RmtInf><Strd><RfrdDocInf><RfrdDocTp><Prtry>002</Prtry></RfrdDocTp></RfrdDocInf><AddtlRmtInf>NO REF</AddtlRmtInf></Strd><Strd><AddtlRmtInf>PAYPAL CODE 1130//PAYPAL CODE 1130</AddtlRmtInf></Strd></RmtInf><RltdDts><TxDtTm>2018-09-10T18:03:25</TxDtTm></RltdDts><AddtlTxInf>PPRD00000000AMAS661020180910826235262</AddtlTxInf></TxDtls><AddtlNtryInf>COMPLETE//0000//003//CREDIT</AddtlNtryInf></Ntry><Ntry><Amt Ccy="GBP">12.00</Amt><CdtDbtInd>CRDT</CdtDbtInd><Sts>BOOK</Sts><BookgDt><Dt>2018-09-10</Dt></BookgDt><BkTxCd><Prtry><Cd>SIP UKBA CR 40269</Cd></Prtry></BkTxCd><TxDtls><Refs><EndToEndId>NOREF</EndToEndId><TxId>FP18253O16370285</TxId></Refs><RltdPties><Dbtr><Nm>Lorains Kayleigh</Nm></Dbtr><DbtrAcct><Id><PrtryAcct><Id>07024612916658</Id></PrtryAcct></Id></DbtrAcct><Cdtr><Nm>HELDER SANTOS</Nm></Cdtr><CdtrAcct><Id><PrtryAcct><Id>23008200207609</Id></PrtryAcct></Id></CdtrAcct><Prtry><Tp>5574220145337720</Tp><Pty/></Prtry></RltdPties><RmtInf><Strd><AddtlRmtInf>NO REF</AddtlRmtInf></Strd><Strd><AddtlRmtInf>Lorains Kayleigh//5574220145337720</AddtlRmtInf></Strd></RmtInf><RltdDts><TxDtTm>2018-09-10T18:17:49</TxDtTm></RltdDts><AddtlTxInf>FP18253O16370285  1020180910826070246</AddtlTxInf></TxDtls><AddtlNtryInf>COMPLETE//0000//003//CREDIT</AddtlNtryInf></Ntry><Ntry><Amt Ccy="GBP">50.00</Amt><CdtDbtInd>CRDT</CdtDbtInd><Sts>BOOK</Sts><BookgDt><Dt>2018-09-10</Dt></BookgDt><BkTxCd><Prtry><Cd>SIP UKBA CR 40269</Cd></Prtry></BkTxCd><TxDtls><Refs><EndToEndId>NOREF</EndToEndId><TxId>RP4679961080238000</TxId></Refs><RltdPties><Dbtr><Nm>GRAHAM DJ</Nm></Dbtr><DbtrAcct><Id><PrtryAcct><Id>20917990402001</Id></PrtryAcct></Id></DbtrAcct><Cdtr><Nm>MR JACK JONES</Nm></Cdtr><CdtrAcct><Id><PrtryAcct><Id>23008200121205</Id></PrtryAcct></Id></CdtrAcct><Prtry><Tp>BIG BOY</Tp><Pty/></Prtry></RltdPties><RmtInf><Strd><AddtlRmtInf>NO REF</AddtlRmtInf></Strd><Strd><AddtlRmtInf>GRAHAM DJ//BIG BOY</AddtlRmtInf></Strd></RmtInf><RltdDts><TxDtTm>2018-09-10T18:27:36</TxDtTm></RltdDts><AddtlTxInf>RP46799610802380001020180910826200026</AddtlTxInf></TxDtls><AddtlNtryInf>COMPLETE//0000//003//CREDIT</AddtlNtryInf></Ntry></Ntfctn></BkToCstmrDbtCdtNtfctnV01></Document>