<?xml version="1.0" encoding="UTF-8"?><Document xmlns:xsi="http://www.w3.org/2001/XMLSchema-instance" xmlns="urn:iso:std:iso:20022:tech:xsd:camt.054.001.01"><BkToCstmrDbtCdtNtfctnV01><GrpHdr><MsgId>80309K//12467</MsgId><CreDtTm>2018-09-05T21:00:00</CreDtTm></GrpHdr><Ntfctn><Id>80309K//12467//1</Id><CreDtTm>2018-09-05T21:00:00</CreDtTm><Acct><Id><PrtryAcct><Id>20594233939774</Id></PrtryAcct></Id><Ccy>GBP</Ccy></Acct><TxsSummry><TtlNtries><NbOfNtries>8</NbOfNtries><Sum>470.13</Sum></TtlNtries><TtlCdtNtries><NbOfNtries>8</NbOfNtries><Sum>470.13</Sum></TtlCdtNtries><TtlDbtNtries><NbOfNtries>0</NbOfNtries><Sum>0.00</Sum></TtlDbtNtries></TxsSummry><Ntry><Amt Ccy="GBP">250.00</Amt><CdtDbtInd>CRDT</CdtDbtInd><Sts>BOOK</Sts><BookgDt><Dt>2018-09-06</Dt></BookgDt><BkTxCd><Prtry><Cd>SIP UKBA CR 40269</Cd></Prtry></BkTxCd><TxDtls><Refs><EndToEndId>PPWD00000000AL3XDE</EndToEndId><TxId>PPWD00000000AL3XDE</TxId></Refs><RltdPties><Dbtr><Nm>PayPal</Nm><PstlAdr><AdrLine>2211 N 1st Street San Jose CA 95131</AdrLine><Ctry/></PstlAdr></Dbtr><DbtrAcct><Id><PrtryAcct><Id>23526278959595</Id></PrtryAcct></Id></DbtrAcct><Cdtr><Nm>Paul Grenside</Nm><PstlAdr><AdrLine>42 Mossbrow Road</AdrLine><Ctry/></PstlAdr></Cdtr><CdtrAcct><Id><PrtryAcct><Id>23008200429147</Id></PrtryAcct></Id></CdtrAcct><Prtry><Tp>PPWDL5TEJ2AKTVZFW2</Tp><Pty/></Prtry></RltdPties><RmtInf><Strd><RfrdDocInf><RfrdDocTp><Prtry>002</Prtry></RfrdDocTp></RfrdDocInf><AddtlRmtInf>NO REF</AddtlRmtInf></Strd><Strd><AddtlRmtInf>PayPal//PPWDL5TEJ2AKTVZFW2</AddtlRmtInf></Strd></RmtInf><RltdDts><TxDtTm>2018-09-05T20:34:08</TxDtTm></RltdDts><AddtlTxInf>PPWD00000000AL3XDE1020180905826235262</AddtlTxInf></TxDtls><AddtlNtryInf>COMPLETE//0000//003//CREDIT</AddtlNtryInf></Ntry><Ntry><Amt Ccy="GBP">81.00</Amt><CdtDbtInd>CRDT</CdtDbtInd><Sts>BOOK</Sts><BookgDt><Dt>2018-09-06</Dt></BookgDt><BkTxCd><Prtry><Cd>SIP UKBA CR 40269</Cd></Prtry></BkTxCd><TxDtls><Refs><EndToEndId>NOREF</EndToEndId><TxId>200000000384642467</TxId></Refs><RltdPties><Dbtr><Nm>S Oworogba</Nm></Dbtr><DbtrAcct><Id><PrtryAcct><Id>11007314806264</Id></PrtryAcct></Id></DbtrAcct><Cdtr><Nm>ARIYO</Nm></Cdtr><CdtrAcct><Id><PrtryAcct><Id>23008200012070</Id></PrtryAcct></Id></CdtrAcct><Prtry><Tp>EFE</Tp><Pty/></Prtry></RltdPties><RmtInf><Strd><AddtlRmtInf>NO REF</AddtlRmtInf></Strd><Strd><AddtlRmtInf>S Oworogba//EFE</AddtlRmtInf></Strd></RmtInf><RltdDts><TxDtTm>2018-09-05T20:34:48</TxDtTm></RltdDts><AddtlTxInf>2000000003846424671020180905826110073</AddtlTxInf></TxDtls><AddtlNtryInf>COMPLETE//0000//003//CREDIT</AddtlNtryInf></Ntry><Ntry><Amt Ccy="GBP">10.00</Amt><CdtDbtInd>CRDT</CdtDbtInd><Sts>BOOK</Sts><BookgDt><Dt>2018-09-06</Dt></BookgDt><BkTxCd><Prtry><Cd>SIP UKBA CR 40269</Cd></Prtry></BkTxCd><TxDtls><Refs><EndToEndId>NOREF</EndToEndId><TxId>300000000389958531</TxId></Refs><RltdPties><Dbtr><Nm>D Ryan</Nm></Dbtr><DbtrAcct><Id><PrtryAcct><Id>80489210423267</Id></PrtryAcct></Id></DbtrAcct><Cdtr><Nm>DAMIAN RYAN</Nm></Cdtr><CdtrAcct><Id><PrtryAcct><Id>23008200036559</Id></PrtryAcct></Id></CdtrAcct></RltdPties><RmtInf><Strd><AddtlRmtInf>NO REF</AddtlRmtInf></Strd><Strd><AddtlRmtInf>D Ryan//</AddtlRmtInf></Strd></RmtInf><RltdDts><TxDtTm>2018-09-05T20:40:12</TxDtTm></RltdDts><AddtlTxInf>3000000003899585311020180905826804892</AddtlTxInf></TxDtls><AddtlNtryInf>COMPLETE//0000//003//CREDIT</AddtlNtryInf></Ntry><Ntry><Amt Ccy="GBP">18.13</Amt><CdtDbtInd>CRDT</CdtDbtInd><Sts>BOOK</Sts><BookgDt><Dt>2018-09-06</Dt></BookgDt><BkTxCd><Prtry><Cd>SIP UKBA CR 40269</Cd></Prtry></BkTxCd><TxDtls><Refs><EndToEndId>PPWD00000000AL3ZLS</EndToEndId><TxId>PPWD00000000AL3ZLS</TxId></Refs><RltdPties><Dbtr><Nm>PayPal</Nm><PstlAdr><AdrLine>2211 N 1st Street San Jose CA 95131</AdrLine><Ctry/></PstlAdr></Dbtr><DbtrAcct><Id><PrtryAcct><Id>23526278959595</Id></PrtryAcct></Id></DbtrAcct><Cdtr><Nm>JANET CAIRNS</Nm><PstlAdr><AdrLine>Flat 101</AdrLine><Ctry/></PstlAdr></Cdtr><CdtrAcct><Id><PrtryAcct><Id>23008200412716</Id></PrtryAcct></Id></CdtrAcct><Prtry><Tp>PPWDL4WZ22AKTW639E</Tp><Pty/></Prtry></RltdPties><RmtInf><Strd><RfrdDocInf><RfrdDocTp><Prtry>002</Prtry></RfrdDocTp></RfrdDocInf><AddtlRmtInf>NO REF</AddtlRmtInf></Strd><Strd><AddtlRmtInf>PayPal//PPWDL4WZ22AKTW639E</AddtlRmtInf></Strd></RmtInf><RltdDts><TxDtTm>2018-09-05T20:40:46</TxDtTm></RltdDts><AddtlTxInf>PPWD00000000AL3ZLS1020180905826235262</AddtlTxInf></TxDtls><AddtlNtryInf>COMPLETE//0000//003//CREDIT</AddtlNtryInf></Ntry><Ntry><Amt Ccy="GBP">1.00</Amt><CdtDbtInd>CRDT</CdtDbtInd><Sts>BOOK</Sts><BookgDt><Dt>2018-09-06</Dt></BookgDt><BkTxCd><Prtry><Cd>SIP UKBA CR 40269</Cd></Prtry></BkTxCd><TxDtls><Refs><EndToEndId>NOREF</EndToEndId><TxId>FP18248O12568599</TxId></Refs><RltdPties><Dbtr><Nm>Linford Courtney</Nm></Dbtr><DbtrAcct><Id><PrtryAcct><Id>07043618909978</Id></PrtryAcct></Id></DbtrAcct><Cdtr><Nm>M DEREK</Nm></Cdtr><CdtrAcct><Id><PrtryAcct><Id>23008200059108</Id></PrtryAcct></Id></CdtrAcct><Prtry><Tp>TICS</Tp><Pty/></Prtry></RltdPties><RmtInf><Strd><AddtlRmtInf>NO REF</AddtlRmtInf></Strd><Strd><AddtlRmtInf>Linford Courtney//TICS</AddtlRmtInf></Strd></RmtInf><RltdDts><TxDtTm>2018-09-05T20:41:04</TxDtTm></RltdDts><AddtlTxInf>FP18248O12568599  1020180905826070436</AddtlTxInf></TxDtls><AddtlNtryInf>COMPLETE//0000//003//CREDIT</AddtlNtryInf></Ntry><Ntry><Amt Ccy="GBP">50.00</Amt><CdtDbtInd>CRDT</CdtDbtInd><Sts>BOOK</Sts><BookgDt><Dt>2018-09-06</Dt></BookgDt><BkTxCd><Prtry><Cd>SIP UKBA CR 40269</Cd></Prtry></BkTxCd><TxDtls><Refs><EndToEndId>NOREF</EndToEndId><TxId>RP4659983932318300</TxId></Refs><RltdPties><Dbtr><Nm>KASHIRI I</Nm></Dbtr><DbtrAcct><Id><PrtryAcct><Id>20514303142604</Id></PrtryAcct></Id></DbtrAcct><Cdtr><Nm>IRENE KASHIRI</Nm></Cdtr><CdtrAcct><Id><PrtryAcct><Id>23008200167884</Id></PrtryAcct></Id></CdtrAcct><Prtry><Tp>WEEKLY</Tp><Pty/></Prtry></RltdPties><RmtInf><Strd><AddtlRmtInf>NO REF</AddtlRmtInf></Strd><Strd><AddtlRmtInf>KASHIRI I//WEEKLY</AddtlRmtInf></Strd></RmtInf><RltdDts><TxDtTm>2018-09-05T20:42:04</TxDtTm></RltdDts><AddtlTxInf>RP46599839323183001020180905826200026</AddtlTxInf></TxDtls><AddtlNtryInf>COMPLETE//0000//003//CREDIT</AddtlNtryInf></Ntry><Ntry><Amt Ccy="GBP">10.00</Amt><CdtDbtInd>CRDT</CdtDbtInd><Sts>BOOK</Sts><BookgDt><Dt>2018-09-06</Dt></BookgDt><BkTxCd><Prtry><Cd>SIP UKBA CR 40269</Cd></Prtry></BkTxCd><TxDtls><Refs><EndToEndId>NOREF</EndToEndId><TxId>33205902252411000R</TxId><Prtry><Tp>STO REF</Tp><Ref>0000</Ref></Prtry></Refs><RltdPties><Dbtr><Nm>RICHARD JOHN EWART</Nm><PstlAdr><AdrLine>24 HERON CLOSE;</AdrLine><AdrLine>ASCOT;</AdrLine><AdrLine>BERKSHIRE      SL5 8NG</AdrLine><Ctry/></PstlAdr></Dbtr><DbtrAcct><Id><PrtryAcct><Id>16313022165990</Id></PrtryAcct></Id></DbtrAcct><Cdtr><Nm>MISS LAURA EWART</Nm></Cdtr><CdtrAcct><Id><PrtryAcct><Id>23008200387123</Id></PrtryAcct></Id></CdtrAcct><Prtry><Tp>CASH</Tp><Pty/></Prtry></RltdPties><RmtInf><Strd><AddtlRmtInf>CASH</AddtlRmtInf></Strd><Strd><AddtlRmtInf>RICHARD JOHN EWART//CASH</AddtlRmtInf></Strd></RmtInf><RltdDts><TxDtTm>2018-09-05T20:59:02</TxDtTm></RltdDts><AddtlTxInf>33205902252411000R1020180905826163130</AddtlTxInf></TxDtls><AddtlNtryInf>COMPLETE//0000//003//CREDIT</AddtlNtryInf></Ntry><Ntry><Amt Ccy="GBP">50.00</Amt><CdtDbtInd>CRDT</CdtDbtInd><Sts>BOOK</Sts><BookgDt><Dt>2018-09-06</Dt></BookgDt><BkTxCd><Prtry><Cd>SIP UKBA CR 40269</Cd></Prtry></BkTxCd><TxDtls><Refs><EndToEndId>PPWD00000000AL45LU</EndToEndId><TxId>PPWD00000000AL45LU</TxId></Refs><RltdPties><Dbtr><Nm>PayPal</Nm><PstlAdr><AdrLine>2211 N 1st Street San Jose CA 95131</AdrLine><Ctry/></PstlAdr></Dbtr><DbtrAcct><Id><PrtryAcct><Id>23526278959595</Id></PrtryAcct></Id></DbtrAcct><Cdtr><Nm>Soulful Records Ltd</Nm><PstlAdr><AdrLine>27 Commercial Street</AdrLine><Ctry/></PstlAdr></Cdtr><CdtrAcct><Id><PrtryAcct><Id>23008200035140</Id></PrtryAcct></Id></CdtrAcct><Prtry><Tp>PPWDL5FNJ2AKTWJRCN</Tp><Pty/></Prtry></RltdPties><RmtInf><Strd><RfrdDocInf><RfrdDocTp><Prtry>002</Prtry></RfrdDocTp></RfrdDocInf><AddtlRmtInf>NO REF</AddtlRmtInf></Strd><Strd><AddtlRmtInf>PayPal//PPWDL5FNJ2AKTWJRCN</AddtlRmtInf></Strd></RmtInf><RltdDts><TxDtTm>2018-09-05T20:59:34</TxDtTm></RltdDts><AddtlTxInf>PPWD00000000AL45LU1020180905826235262</AddtlTxInf></TxDtls><AddtlNtryInf>COMPLETE//0000//003//CREDIT</AddtlNtryInf></Ntry></Ntfctn></BkToCstmrDbtCdtNtfctnV01></Document>