<?xml version="1.0" encoding="UTF-8"?><Document xmlns:xsi="http://www.w3.org/2001/XMLSchema-instance" xmlns="urn:iso:std:iso:20022:tech:xsd:camt.054.001.01"><BkToCstmrDbtCdtNtfctnV01><GrpHdr><MsgId>80309K//12666</MsgId><CreDtTm>2018-09-10T12:30:00</CreDtTm></GrpHdr><Ntfctn><Id>80309K//12666//1</Id><CreDtTm>2018-09-10T12:30:00</CreDtTm><Acct><Id><PrtryAcct><Id>20594233939774</Id></PrtryAcct></Id><Ccy>GBP</Ccy></Acct><TxsSummry><TtlNtries><NbOfNtries>13</NbOfNtries><Sum>1681.42</Sum></TtlNtries><TtlCdtNtries><NbOfNtries>13</NbOfNtries><Sum>1681.42</Sum></TtlCdtNtries><TtlDbtNtries><NbOfNtries>0</NbOfNtries><Sum>0.00</Sum></TtlDbtNtries></TxsSummry><Ntry><Amt Ccy="GBP">400.00</Amt><CdtDbtInd>CRDT</CdtDbtInd><Sts>BOOK</Sts><BookgDt><Dt>2018-09-10</Dt></BookgDt><BkTxCd><Prtry><Cd>SIP UKBA CR 40269</Cd></Prtry></BkTxCd><TxDtls><Refs><EndToEndId>NOREF</EndToEndId><TxId>500000000387553719</TxId></Refs><RltdPties><Dbtr><Nm>N Williams</Nm></Dbtr><DbtrAcct><Id><PrtryAcct><Id>11023210842667</Id></PrtryAcct></Id></DbtrAcct><Cdtr><Nm>PETER SHAW</Nm></Cdtr><CdtrAcct><Id><PrtryAcct><Id>23008200354371</Id></PrtryAcct></Id></CdtrAcct><Prtry><Tp>REFUNDABLE</Tp><Pty/></Prtry></RltdPties><RmtInf><Strd><AddtlRmtInf>NO REF</AddtlRmtInf></Strd><Strd><AddtlRmtInf>N Williams//REFUNDABLE</AddtlRmtInf></Strd></RmtInf><RltdDts><TxDtTm>2018-09-10T12:06:59</TxDtTm></RltdDts><AddtlTxInf>5000000003875537191020180910826110232</AddtlTxInf></TxDtls><AddtlNtryInf>COMPLETE//0000//001//CREDIT</AddtlNtryInf></Ntry><Ntry><Amt Ccy="GBP">680.00</Amt><CdtDbtInd>CRDT</CdtDbtInd><Sts>BOOK</Sts><BookgDt><Dt>2018-09-10</Dt></BookgDt><BkTxCd><Prtry><Cd>SIP UKBA CR 40269</Cd></Prtry></BkTxCd><TxDtls><Refs><EndToEndId>SUBCONTRAKTOR</EndToEndId><TxId>18120804045647000N</TxId><Prtry><Tp>STO REF</Tp><Ref>0000</Ref></Prtry></Refs><RltdPties><Dbtr><Nm>GAMMA 7 LIMITED</Nm></Dbtr><DbtrAcct><Id><PrtryAcct><Id>60060327559440</Id></PrtryAcct></Id></DbtrAcct><Cdtr><Nm>PETROV BUILD LTD</Nm></Cdtr><CdtrAcct><Id><PrtryAcct><Id>23008200039321</Id></PrtryAcct></Id></CdtrAcct><Prtry><Tp>SUBCONTRAKTOR</Tp><Pty/></Prtry></RltdPties><RmtInf><Strd><AddtlRmtInf>GAMMA 7 LIMITED   SUBCONTRAKTOR     VIA ONLINE - PYMT</AddtlRmtInf></Strd><Strd><AddtlRmtInf>GAMMA 7 LIMITED//SUBCONTRAKTOR</AddtlRmtInf></Strd></RmtInf><RltdDts><TxDtTm>2018-09-10T12:08:04</TxDtTm></RltdDts><AddtlTxInf>18120804045647000N1020180910826600603</AddtlTxInf></TxDtls><AddtlNtryInf>COMPLETE//0000//001//CREDIT</AddtlNtryInf></Ntry><Ntry><Amt Ccy="GBP">5.00</Amt><CdtDbtInd>CRDT</CdtDbtInd><Sts>BOOK</Sts><BookgDt><Dt>2018-09-10</Dt></BookgDt><BkTxCd><Prtry><Cd>SIP UKBA CR 40269</Cd></Prtry></BkTxCd><TxDtls><Refs><EndToEndId>NOREF</EndToEndId><TxId>200000000385889645</TxId></Refs><RltdPties><Dbtr><Nm>B Ononye</Nm></Dbtr><DbtrAcct><Id><PrtryAcct><Id>11068900757725</Id></PrtryAcct></Id></DbtrAcct><Cdtr><Nm>EMEKA ONONYE</Nm></Cdtr><CdtrAcct><Id><PrtryAcct><Id>23008200203145</Id></PrtryAcct></Id></CdtrAcct><Prtry><Tp>MUM</Tp><Pty/></Prtry></RltdPties><RmtInf><Strd><AddtlRmtInf>NO REF</AddtlRmtInf></Strd><Strd><AddtlRmtInf>B Ononye//MUM</AddtlRmtInf></Strd></RmtInf><RltdDts><TxDtTm>2018-09-10T12:08:25</TxDtTm></RltdDts><AddtlTxInf>2000000003858896451020180910826110689</AddtlTxInf></TxDtls><AddtlNtryInf>COMPLETE//0000//001//CREDIT</AddtlNtryInf></Ntry><Ntry><Amt Ccy="GBP">10.00</Amt><CdtDbtInd>CRDT</CdtDbtInd><Sts>BOOK</Sts><BookgDt><Dt>2018-09-10</Dt></BookgDt><BkTxCd><Prtry><Cd>SIP UKBA CR 40269</Cd></Prtry></BkTxCd><TxDtls><Refs><EndToEndId>000000FT18253SFX2X</EndToEndId><TxId>000000FT18253SFX2X</TxId></Refs><RltdPties><Dbtr><Nm>DERRICK APPIAH FORSON</Nm><PstlAdr><AdrLine>94 ARABELLA DRIVE;LONDON</AdrLine><Ctry/></PstlAdr></Dbtr><DbtrAcct><Id><PrtryAcct><Id>23058027952208</Id></PrtryAcct></Id></DbtrAcct><Cdtr><Nm>jessica</Nm><PstlAdr><AdrLine>WIRECARD;WIRECARD CARD SOLUTIONS</AdrLine><Ctry/></PstlAdr></Cdtr><CdtrAcct><Id><PrtryAcct><Id>23008200233580</Id></PrtryAcct></Id></CdtrAcct><Prtry><Tp>pass</Tp><Pty/></Prtry></RltdPties><RmtInf><Strd><AddtlRmtInf>NO REF</AddtlRmtInf></Strd><Strd><AddtlRmtInf>DERRICK APPIAH FOR//pass</AddtlRmtInf></Strd></RmtInf><RltdDts><TxDtTm>2018-09-10T12:08:34</TxDtTm></RltdDts><AddtlTxInf>000000FT18253SFX2X1020180910826230580</AddtlTxInf></TxDtls><AddtlNtryInf>COMPLETE//0000//001//CREDIT</AddtlNtryInf></Ntry><Ntry><Amt Ccy="GBP">2.00</Amt><CdtDbtInd>CRDT</CdtDbtInd><Sts>BOOK</Sts><BookgDt><Dt>2018-09-10</Dt></BookgDt><BkTxCd><Prtry><Cd>SIP UKBA CR 40269</Cd></Prtry></BkTxCd><TxDtls><Refs><EndToEndId>000000FT18253S37QP</EndToEndId><TxId>000000FT18253S37QP</TxId></Refs><RltdPties><Dbtr><Nm>JAYDEN DANIEL UYI OMOREGIE</Nm><PstlAdr><AdrLine>24 DANSON CRESCENT;KENT</AdrLine><Ctry/></PstlAdr></Dbtr><DbtrAcct><Id><PrtryAcct><Id>23058023215888</Id></PrtryAcct></Id></DbtrAcct><Cdtr><Nm>charles</Nm><PstlAdr><AdrLine>WIRECARD;WIRECARD CARD SOLUTIONS</AdrLine><Ctry/></PstlAdr></Cdtr><CdtrAcct><Id><PrtryAcct><Id>23008200437006</Id></PrtryAcct></Id></CdtrAcct><Prtry><Tp>,</Tp><Pty/></Prtry></RltdPties><RmtInf><Strd><AddtlRmtInf>NO REF</AddtlRmtInf></Strd><Strd><AddtlRmtInf>JAYDEN DANIEL UYI //,</AddtlRmtInf></Strd></RmtInf><RltdDts><TxDtTm>2018-09-10T12:12:06</TxDtTm></RltdDts><AddtlTxInf>000000FT18253S37QP1020180910826230580</AddtlTxInf></TxDtls><AddtlNtryInf>COMPLETE//0000//001//CREDIT</AddtlNtryInf></Ntry><Ntry><Amt Ccy="GBP">0.01</Amt><CdtDbtInd>CRDT</CdtDbtInd><Sts>BOOK</Sts><BookgDt><Dt>2018-09-10</Dt></BookgDt><BkTxCd><Prtry><Cd>SIP UKBA CR 40269</Cd></Prtry></BkTxCd><TxDtls><Refs><EndToEndId>PPRD00000000AM71Y6</EndToEndId><TxId>PPRD00000000AM71Y6</TxId></Refs><RltdPties><Dbtr><Nm>PAYPAL CODE 6845</Nm><PstlAdr><AdrLine>2211 N 1st Street San Jose CA 95131</AdrLine><Ctry/></PstlAdr></Dbtr><DbtrAcct><Id><PrtryAcct><Id>23526285010101</Id></PrtryAcct></Id></DbtrAcct><Cdtr><Nm>Audiotronics Ltd</Nm><PstlAdr><AdrLine>27a Diana Street</AdrLine><Ctry/></PstlAdr></Cdtr><CdtrAcct><Id><PrtryAcct><Id>23008200039821</Id></PrtryAcct></Id></CdtrAcct><Prtry><Tp>PAYPAL CODE 6845</Tp><Pty/></Prtry></RltdPties><RmtInf><Strd><RfrdDocInf><RfrdDocTp><Prtry>002</Prtry></RfrdDocTp></RfrdDocInf><AddtlRmtInf>NO REF</AddtlRmtInf></Strd><Strd><AddtlRmtInf>PAYPAL CODE 6845//PAYPAL CODE 6845</AddtlRmtInf></Strd></RmtInf><RltdDts><TxDtTm>2018-09-10T12:12:57</TxDtTm></RltdDts><AddtlTxInf>PPRD00000000AM71Y61020180910826235262</AddtlTxInf></TxDtls><AddtlNtryInf>COMPLETE//0000//001//CREDIT</AddtlNtryInf></Ntry><Ntry><Amt Ccy="GBP">0.01</Amt><CdtDbtInd>CRDT</CdtDbtInd><Sts>BOOK</Sts><BookgDt><Dt>2018-09-10</Dt></BookgDt><BkTxCd><Prtry><Cd>SIP UKBA CR 40269</Cd></Prtry></BkTxCd><TxDtls><Refs><EndToEndId>PPRD00000000AM72UW</EndToEndId><TxId>PPRD00000000AM72UW</TxId></Refs><RltdPties><Dbtr><Nm>PAYPAL CODE 9341</Nm><PstlAdr><AdrLine>2211 N 1st Street San Jose CA 95131</AdrLine><Ctry/></PstlAdr></Dbtr><DbtrAcct><Id><PrtryAcct><Id>23526285010101</Id></PrtryAcct></Id></DbtrAcct><Cdtr><Nm>Adrian Probert</Nm><PstlAdr><AdrLine>37 Springfield Close</AdrLine><Ctry/></PstlAdr></Cdtr><CdtrAcct><Id><PrtryAcct><Id>23008200437585</Id></PrtryAcct></Id></CdtrAcct><Prtry><Tp>PAYPAL CODE 9341</Tp><Pty/></Prtry></RltdPties><RmtInf><Strd><RfrdDocInf><RfrdDocTp><Prtry>002</Prtry></RfrdDocTp></RfrdDocInf><AddtlRmtInf>NO REF</AddtlRmtInf></Strd><Strd><AddtlRmtInf>PAYPAL CODE 9341//PAYPAL CODE 9341</AddtlRmtInf></Strd></RmtInf><RltdDts><TxDtTm>2018-09-10T12:15:11</TxDtTm></RltdDts><AddtlTxInf>PPRD00000000AM72UW1020180910826235262</AddtlTxInf></TxDtls><AddtlNtryInf>COMPLETE//0000//001//CREDIT</AddtlNtryInf></Ntry><Ntry><Amt Ccy="GBP">30.00</Amt><CdtDbtInd>CRDT</CdtDbtInd><Sts>BOOK</Sts><BookgDt><Dt>2018-09-10</Dt></BookgDt><BkTxCd><Prtry><Cd>SIP UKBA CR 40269</Cd></Prtry></BkTxCd><TxDtls><Refs><EndToEndId>MB</EndToEndId><TxId>62121738728291000N</TxId><Prtry><Tp>STO REF</Tp><Ref>0000</Ref></Prtry></Refs><RltdPties><Dbtr><Nm>BRESLIN MB</Nm></Dbtr><DbtrAcct><Id><PrtryAcct><Id>50423770737827</Id></PrtryAcct></Id></DbtrAcct><Cdtr><Nm>KB</Nm></Cdtr><CdtrAcct><Id><PrtryAcct><Id>23008200075246</Id></PrtryAcct></Id></CdtrAcct><Prtry><Tp>MB</Tp><Pty/></Prtry></RltdPties><RmtInf><Strd><AddtlRmtInf>BRESLIN MB        MB                VIA MOBILE - LVP</AddtlRmtInf></Strd><Strd><AddtlRmtInf>BRESLIN MB//MB</AddtlRmtInf></Strd></RmtInf><RltdDts><TxDtTm>2018-09-10T12:17:39</TxDtTm></RltdDts><AddtlTxInf>62121738728291000N1020180910826504237</AddtlTxInf></TxDtls><AddtlNtryInf>COMPLETE//0000//001//CREDIT</AddtlNtryInf></Ntry><Ntry><Amt Ccy="GBP">110.00</Amt><CdtDbtInd>CRDT</CdtDbtInd><Sts>BOOK</Sts><BookgDt><Dt>2018-09-10</Dt></BookgDt><BkTxCd><Prtry><Cd>SIP UKBA CR 40269</Cd></Prtry></BkTxCd><TxDtls><Refs><EndToEndId>000000FT1825339CWV</EndToEndId><TxId>000000FT1825339CWV</TxId></Refs><RltdPties><Dbtr><Nm>SIMONE GAMBINO</Nm><PstlAdr><AdrLine>FLAT 96, GRAFTON HOUSE;LONDON</AdrLine><Ctry/></PstlAdr></Dbtr><DbtrAcct><Id><PrtryAcct><Id>23058025877225</Id></PrtryAcct></Id></DbtrAcct><Cdtr><Nm>Marcelo V Borges</Nm><PstlAdr><AdrLine>WIRECARD;WIRECARD CARD SOLUTIONS</AdrLine><Ctry/></PstlAdr></Cdtr><CdtrAcct><Id><PrtryAcct><Id>23008200393000</Id></PrtryAcct></Id></CdtrAcct><Prtry><Tp>Rent</Tp><Pty/></Prtry></RltdPties><RmtInf><Strd><AddtlRmtInf>NO REF</AddtlRmtInf></Strd><Strd><AddtlRmtInf>SIMONE GAMBINO//Rent</AddtlRmtInf></Strd></RmtInf><RltdDts><TxDtTm>2018-09-10T12:21:40</TxDtTm></RltdDts><AddtlTxInf>000000FT1825339CWV1020180910826230580</AddtlTxInf></TxDtls><AddtlNtryInf>COMPLETE//0000//001//CREDIT</AddtlNtryInf></Ntry><Ntry><Amt Ccy="GBP">300.00</Amt><CdtDbtInd>CRDT</CdtDbtInd><Sts>BOOK</Sts><BookgDt><Dt>2018-09-10</Dt></BookgDt><BkTxCd><Prtry><Cd>SIP UKBA CR 40269</Cd></Prtry></BkTxCd><TxDtls><Refs><EndToEndId>PPWD00000000AM73P6</EndToEndId><TxId>PPWD00000000AM73P6</TxId></Refs><RltdPties><Dbtr><Nm>PayPal</Nm><PstlAdr><AdrLine>2211 N 1st Street San Jose CA 95131</AdrLine><Ctry/></PstlAdr></Dbtr><DbtrAcct><Id><PrtryAcct><Id>23526278959595</Id></PrtryAcct></Id></DbtrAcct><Cdtr><Nm>Muhammad Mansoor-Ul-Hasan</Nm><PstlAdr><AdrLine>Boulton Road Handsworth</AdrLine><Ctry/></PstlAdr></Cdtr><CdtrAcct><Id><PrtryAcct><Id>23008200213229</Id></PrtryAcct></Id></CdtrAcct><Prtry><Tp>PPWDL4KM22AKVD9K2Q</Tp><Pty/></Prtry></RltdPties><RmtInf><Strd><RfrdDocInf><RfrdDocTp><Prtry>002</Prtry></RfrdDocTp></RfrdDocInf><AddtlRmtInf>NO REF</AddtlRmtInf></Strd><Strd><AddtlRmtInf>PayPal//PPWDL4KM22AKVD9K2Q</AddtlRmtInf></Strd></RmtInf><RltdDts><TxDtTm>2018-09-10T12:22:23</TxDtTm></RltdDts><AddtlTxInf>PPWD00000000AM73P61020180910826235262</AddtlTxInf></TxDtls><AddtlNtryInf>COMPLETE//0000//001//CREDIT</AddtlNtryInf></Ntry><Ntry><Amt Ccy="GBP">34.40</Amt><CdtDbtInd>CRDT</CdtDbtInd><Sts>BOOK</Sts><BookgDt><Dt>2018-09-10</Dt></BookgDt><BkTxCd><Prtry><Cd>SIP UKBA CR 40269</Cd></Prtry></BkTxCd><TxDtls><Refs><EndToEndId>NOREF</EndToEndId><TxId>RP4679961048999600</TxId></Refs><RltdPties><Dbtr><Nm>THORNTON L B</Nm></Dbtr><DbtrAcct><Id><PrtryAcct><Id>20457863836886</Id></PrtryAcct></Id></DbtrAcct><Cdtr><Nm>MR RYAN JEFFERY</Nm></Cdtr><CdtrAcct><Id><PrtryAcct><Id>23008200351861</Id></PrtryAcct></Id></CdtrAcct><Prtry><Tp>LAUREN</Tp><Pty/></Prtry></RltdPties><RmtInf><Strd><AddtlRmtInf>NO REF</AddtlRmtInf></Strd><Strd><AddtlRmtInf>THORNTON L B//LAUREN</AddtlRmtInf></Strd></RmtInf><RltdDts><TxDtTm>2018-09-10T12:24:35</TxDtTm></RltdDts><AddtlTxInf>RP46799610489996001020180910826200026</AddtlTxInf></TxDtls><AddtlNtryInf>COMPLETE//0000//001//CREDIT</AddtlNtryInf></Ntry><Ntry><Amt Ccy="GBP">20.00</Amt><CdtDbtInd>CRDT</CdtDbtInd><Sts>BOOK</Sts><BookgDt><Dt>2018-09-10</Dt></BookgDt><BkTxCd><Prtry><Cd>SIP UKBA CR 40269</Cd></Prtry></BkTxCd><TxDtls><Refs><EndToEndId>MWAH!</EndToEndId><TxId>25122441284889000R</TxId><Prtry><Tp>STO REF</Tp><Ref>0000</Ref></Prtry></Refs><RltdPties><Dbtr><Nm>PASCAZIO VJ</Nm></Dbtr><DbtrAcct><Id><PrtryAcct><Id>83172800272666</Id></PrtryAcct></Id></DbtrAcct><Cdtr><Nm>ANTHONY OGUNLESI</Nm></Cdtr><CdtrAcct><Id><PrtryAcct><Id>23008200375181</Id></PrtryAcct></Id></CdtrAcct><Prtry><Tp>MWAH!</Tp><Pty/></Prtry></RltdPties><RmtInf><Strd><AddtlRmtInf>PASCAZIO VJ       MWAH!             VIA MOBILE - LVP</AddtlRmtInf></Strd><Strd><AddtlRmtInf>PASCAZIO VJ//MWAH!</AddtlRmtInf></Strd></RmtInf><RltdDts><TxDtTm>2018-09-10T12:24:41</TxDtTm></RltdDts><AddtlTxInf>25122441284889000R1020180910826831728</AddtlTxInf></TxDtls><AddtlNtryInf>COMPLETE//0000//001//CREDIT</AddtlNtryInf></Ntry><Ntry><Amt Ccy="GBP">90.00</Amt><CdtDbtInd>CRDT</CdtDbtInd><Sts>BOOK</Sts><BookgDt><Dt>2018-09-10</Dt></BookgDt><BkTxCd><Prtry><Cd>SIP UKBA CR 40269</Cd></Prtry></BkTxCd><TxDtls><Refs><EndToEndId>NOREF</EndToEndId><TxId>P3WGL8FS52FN6PQD9F</TxId></Refs><RltdPties><Dbtr><Nm>Jaimal Mistry</Nm><PstlAdr><AdrLine>13 Sheridan St, WS2 9QU</AdrLine><Ctry/></PstlAdr></Dbtr><DbtrAcct><Id><PrtryAcct><Id>04000452867364</Id></PrtryAcct></Id></DbtrAcct><Cdtr><Nm>jai arrow</Nm></Cdtr><CdtrAcct><Id><PrtryAcct><Id>23008200344419</Id></PrtryAcct></Id></CdtrAcct><Prtry><Tp>jai arrow</Tp><Pty/></Prtry></RltdPties><RmtInf><Strd><AddtlRmtInf>NO REF</AddtlRmtInf></Strd><Strd><AddtlRmtInf>Jaimal Mistry//jai arrow</AddtlRmtInf></Strd></RmtInf><RltdDts><TxDtTm>2018-09-10T12:29:51</TxDtTm></RltdDts><AddtlTxInf>P3WGL8FS52FN6PQD9F1020180910826040004</AddtlTxInf></TxDtls><AddtlNtryInf>COMPLETE//0000//001//CREDIT</AddtlNtryInf></Ntry></Ntfctn></BkToCstmrDbtCdtNtfctnV01></Document>