<?xml version="1.0" encoding="UTF-8"?><Document xmlns:xsi="http://www.w3.org/2001/XMLSchema-instance" xmlns="urn:iso:std:iso:20022:tech:xsd:camt.054.001.01"><BkToCstmrDbtCdtNtfctnV01><GrpHdr><MsgId>80309K//13257</MsgId><CreDtTm>2018-09-24T08:00:00</CreDtTm></GrpHdr><Ntfctn><Id>80309K//13257//1</Id><CreDtTm>2018-09-24T08:00:00</CreDtTm><Acct><Id><PrtryAcct><Id>20594233939774</Id></PrtryAcct></Id><Ccy>GBP</Ccy></Acct><TxsSummry><TtlNtries><NbOfNtries>5</NbOfNtries><Sum>352.50</Sum></TtlNtries><TtlCdtNtries><NbOfNtries>5</NbOfNtries><Sum>352.50</Sum></TtlCdtNtries><TtlDbtNtries><NbOfNtries>0</NbOfNtries><Sum>0.00</Sum></TtlDbtNtries></TxsSummry><Ntry><Amt Ccy="GBP">145.00</Amt><CdtDbtInd>CRDT</CdtDbtInd><Sts>BOOK</Sts><BookgDt><Dt>2018-09-24</Dt></BookgDt><BkTxCd><Prtry><Cd>SIP UKBA CR 40269</Cd></Prtry></BkTxCd><TxDtls><Refs><EndToEndId>000000FT18267VLH1H</EndToEndId><TxId>000000FT18267VLH1H</TxId></Refs><RltdPties><Dbtr><Nm>NATASHA CHARLOTTE RICHARDSON</Nm><PstlAdr><AdrLine>36 MABEL ROAD;BEDFORDSHIRE</AdrLine><Ctry/></PstlAdr></Dbtr><DbtrAcct><Id><PrtryAcct><Id>23058021903019</Id></PrtryAcct></Id></DbtrAcct><Cdtr><Nm>BAEMMS LTD</Nm><PstlAdr><AdrLine>WIRECARD;WIRECARD CARD SOLUTIONS</AdrLine><Ctry/></PstlAdr></Cdtr><CdtrAcct><Id><PrtryAcct><Id>23008200223303</Id></PrtryAcct></Id></CdtrAcct><Prtry><Tp>natasha richardson</Tp><Pty/></Prtry></RltdPties><RmtInf><Strd><AddtlRmtInf>NO REF</AddtlRmtInf></Strd><Strd><AddtlRmtInf>NATASHA CHARLOTTE //natasha richardson</AddtlRmtInf></Strd></RmtInf><RltdDts><TxDtTm>2018-09-24T07:41:57</TxDtTm></RltdDts><AddtlTxInf>000000FT18267VLH1H1020180924826230580</AddtlTxInf></TxDtls><AddtlNtryInf>COMPLETE//0000//001//CREDIT</AddtlNtryInf></Ntry><Ntry><Amt Ccy="GBP">22.50</Amt><CdtDbtInd>CRDT</CdtDbtInd><Sts>BOOK</Sts><BookgDt><Dt>2018-09-24</Dt></BookgDt><BkTxCd><Prtry><Cd>SIP UKBA CR 40269</Cd></Prtry></BkTxCd><TxDtls><Refs><EndToEndId>PPWD00000000APNKBA</EndToEndId><TxId>PPWD00000000APNKBA</TxId></Refs><RltdPties><Dbtr><Nm>PayPal</Nm><PstlAdr><AdrLine>2211 N 1st Street San Jose CA 95131</AdrLine><Ctry/></PstlAdr></Dbtr><DbtrAcct><Id><PrtryAcct><Id>23526278959595</Id></PrtryAcct></Id></DbtrAcct><Cdtr><Nm>Ola Akingbogun</Nm><PstlAdr><AdrLine>York Road</AdrLine><Ctry/></PstlAdr></Cdtr><CdtrAcct><Id><PrtryAcct><Id>23008200294917</Id></PrtryAcct></Id></CdtrAcct><Prtry><Tp>PPWDL488J2ALBFYJN6</Tp><Pty/></Prtry></RltdPties><RmtInf><Strd><RfrdDocInf><RfrdDocTp><Prtry>002</Prtry></RfrdDocTp></RfrdDocInf><AddtlRmtInf>NO REF</AddtlRmtInf></Strd><Strd><AddtlRmtInf>PayPal//PPWDL488J2ALBFYJN6</AddtlRmtInf></Strd></RmtInf><RltdDts><TxDtTm>2018-09-24T07:43:17</TxDtTm></RltdDts><AddtlTxInf>PPWD00000000APNKBA1020180924826235262</AddtlTxInf></TxDtls><AddtlNtryInf>COMPLETE//0000//001//CREDIT</AddtlNtryInf></Ntry><Ntry><Amt Ccy="GBP">40.00</Amt><CdtDbtInd>CRDT</CdtDbtInd><Sts>BOOK</Sts><BookgDt><Dt>2018-09-24</Dt></BookgDt><BkTxCd><Prtry><Cd>SIP UKBA CR 40269</Cd></Prtry></BkTxCd><TxDtls><Refs><EndToEndId>5000000653zPOBATA5R</EndToEndId><TxId>DF0000006443877900</TxId></Refs><RltdPties><Dbtr><Nm>TSE Malta LP</Nm><PstlAdr><AdrLine>57/63 Line Wall RoadGibraltarEC4N 8</AdrLine><AdrLine>AF</AdrLine><Ctry/></PstlAdr></Dbtr><DbtrAcct><Id><PrtryAcct><Id>20364763140148</Id></PrtryAcct></Id></DbtrAcct><Cdtr><Nm>Mark Kamis</Nm><PstlAdr><AdrLine>41 Ingleside CrescentLancingBN15 8E</AdrLine><AdrLine>NGB</AdrLine><Ctry/></PstlAdr></Cdtr><CdtrAcct><Id><PrtryAcct><Id>23008200455446</Id></PrtryAcct></Id></CdtrAcct><Prtry><Tp>/PAYER ACC/POBATA5</Tp><Pty/></Prtry></RltdPties><RmtInf><Strd><AddtlRmtInf>/PAYER ACC/POBATA5R/-90066843421</AddtlRmtInf></Strd><Strd><AddtlRmtInf>TSE Malta LP///PAYER ACC/POBATA5</AddtlRmtInf></Strd></RmtInf><RltdDts><TxDtTm>2018-09-24T07:50:02</TxDtTm></RltdDts><AddtlTxInf>DF00000064438779001020180924826200000</AddtlTxInf></TxDtls><AddtlNtryInf>COMPLETE//0000//001//CREDIT</AddtlNtryInf></Ntry><Ntry><Amt Ccy="GBP">55.00</Amt><CdtDbtInd>CRDT</CdtDbtInd><Sts>BOOK</Sts><BookgDt><Dt>2018-09-24</Dt></BookgDt><BkTxCd><Prtry><Cd>SIP UKBA CR 40269</Cd></Prtry></BkTxCd><TxDtls><Refs><EndToEndId>5000000653zPOBASTP4</EndToEndId><TxId>DF0000006443837100</TxId></Refs><RltdPties><Dbtr><Nm>TSE Malta LP</Nm><PstlAdr><AdrLine>57/63 Line Wall RoadGibraltarEC4N 8</AdrLine><AdrLine>AF</AdrLine><Ctry/></PstlAdr></Dbtr><DbtrAcct><Id><PrtryAcct><Id>20364763140148</Id></PrtryAcct></Id></DbtrAcct><Cdtr><Nm>Jamie Russell</Nm><PstlAdr><AdrLine>7 Tantallon DriveAttleboroughNR17 2</AdrLine><AdrLine>SNGB</AdrLine><Ctry/></PstlAdr></Cdtr><CdtrAcct><Id><PrtryAcct><Id>23008200455941</Id></PrtryAcct></Id></CdtrAcct><Prtry><Tp>/PAYER ACC/POBASTP</Tp><Pty/></Prtry></RltdPties><RmtInf><Strd><AddtlRmtInf>/PAYER ACC/POBASTP4/-90066842467</AddtlRmtInf></Strd><Strd><AddtlRmtInf>TSE Malta LP///PAYER ACC/POBASTP</AddtlRmtInf></Strd></RmtInf><RltdDts><TxDtTm>2018-09-24T07:54:49</TxDtTm></RltdDts><AddtlTxInf>DF00000064438371001020180924826200000</AddtlTxInf></TxDtls><AddtlNtryInf>COMPLETE//0000//001//CREDIT</AddtlNtryInf></Ntry><Ntry><Amt Ccy="GBP">90.00</Amt><CdtDbtInd>CRDT</CdtDbtInd><Sts>BOOK</Sts><BookgDt><Dt>2018-09-24</Dt></BookgDt><BkTxCd><Prtry><Cd>SIP UKBA CR 40269</Cd></Prtry></BkTxCd><TxDtls><Refs><EndToEndId>5000000653zPOBASH5Z</EndToEndId><TxId>DF0000006443815300</TxId></Refs><RltdPties><Dbtr><Nm>Cassava Enterprises (Gibraltar) Ltd</Nm><PstlAdr><AdrLine>57/63 Line Wall RdGibraltarGX11 1AA</AdrLine><Ctry/></PstlAdr></Dbtr><DbtrAcct><Id><PrtryAcct><Id>20364763140148</Id></PrtryAcct></Id></DbtrAcct><Cdtr><Nm>Frankie Grande</Nm></Cdtr><CdtrAcct><Id><PrtryAcct><Id>23008200075984</Id></PrtryAcct></Id></CdtrAcct><Prtry><Tp>/PAYER ACC/POBASH5</Tp><Pty/></Prtry></RltdPties><RmtInf><Strd><AddtlRmtInf>/PAYER ACC/POBASH5Z/-38583879</AddtlRmtInf></Strd><Strd><AddtlRmtInf>Cassava Enterprise///PAYER ACC/POBASH5</AddtlRmtInf></Strd></RmtInf><RltdDts><TxDtTm>2018-09-24T07:57:25</TxDtTm></RltdDts><AddtlTxInf>DF00000064438153001020180924826200000</AddtlTxInf></TxDtls><AddtlNtryInf>COMPLETE//0000//001//CREDIT</AddtlNtryInf></Ntry></Ntfctn></BkToCstmrDbtCdtNtfctnV01></Document>