<?xml version="1.0" encoding="UTF-8"?><Document xmlns:xsi="http://www.w3.org/2001/XMLSchema-instance" xmlns="urn:iso:std:iso:20022:tech:xsd:camt.054.001.01"><BkToCstmrDbtCdtNtfctnV01><GrpHdr><MsgId>80309K//13119</MsgId><CreDtTm>2018-09-20T23:00:00</CreDtTm></GrpHdr><Ntfctn><Id>80309K//13119//1</Id><CreDtTm>2018-09-20T23:00:00</CreDtTm><Acct><Id><PrtryAcct><Id>20594233939774</Id></PrtryAcct></Id><Ccy>GBP</Ccy></Acct><TxsSummry><TtlNtries><NbOfNtries>3</NbOfNtries><Sum>396.80</Sum></TtlNtries><TtlCdtNtries><NbOfNtries>3</NbOfNtries><Sum>396.80</Sum></TtlCdtNtries><TtlDbtNtries><NbOfNtries>0</NbOfNtries><Sum>0.00</Sum></TtlDbtNtries></TxsSummry><Ntry><Amt Ccy="GBP">6.80</Amt><CdtDbtInd>CRDT</CdtDbtInd><Sts>BOOK</Sts><BookgDt><Dt>2018-09-21</Dt></BookgDt><BkTxCd><Prtry><Cd>SIP UKBA CR 40269</Cd></Prtry></BkTxCd><TxDtls><Refs><EndToEndId>00156296632BBDCYWN</EndToEndId><TxId>00156296632BBDCYWN</TxId></Refs><RltdPties><Dbtr><Nm>AARON BROSTER</Nm></Dbtr><DbtrAcct><Id><PrtryAcct><Id>09012852304421</Id></PrtryAcct></Id></DbtrAcct><Cdtr><Nm>CSA KIRA</Nm></Cdtr><CdtrAcct><Id><PrtryAcct><Id>23008200143522</Id></PrtryAcct></Id></CdtrAcct><Prtry><Tp>csa</Tp><Pty/></Prtry></RltdPties><RmtInf><Strd><AddtlRmtInf>NO REF</AddtlRmtInf></Strd><Strd><AddtlRmtInf>AARON BROSTER//csa</AddtlRmtInf></Strd></RmtInf><RltdDts><TxDtTm>2018-09-20T22:33:41</TxDtTm></RltdDts><AddtlTxInf>00156296632BBDCYWN1020180920826090128</AddtlTxInf></TxDtls><AddtlNtryInf>COMPLETE//0000//003//CREDIT</AddtlNtryInf></Ntry><Ntry><Amt Ccy="GBP">190.00</Amt><CdtDbtInd>CRDT</CdtDbtInd><Sts>BOOK</Sts><BookgDt><Dt>2018-09-21</Dt></BookgDt><BkTxCd><Prtry><Cd>SIP UKBA CR 40269</Cd></Prtry></BkTxCd><TxDtls><Refs><EndToEndId>00151256632BBDZLBL</EndToEndId><TxId>00151256632BBDZLBL</TxId></Refs><RltdPties><Dbtr><Nm>ALEXANDER HOWARD</Nm></Dbtr><DbtrAcct><Id><PrtryAcct><Id>09012785881846</Id></PrtryAcct></Id></DbtrAcct><Cdtr><Nm>ARRO</Nm></Cdtr><CdtrAcct><Id><PrtryAcct><Id>23008200364095</Id></PrtryAcct></Id></CdtrAcct><Prtry><Tp>Arro</Tp><Pty/></Prtry></RltdPties><RmtInf><Strd><AddtlRmtInf>NO REF</AddtlRmtInf></Strd><Strd><AddtlRmtInf>ALEXANDER HOWARD//Arro</AddtlRmtInf></Strd></RmtInf><RltdDts><TxDtTm>2018-09-20T22:40:39</TxDtTm></RltdDts><AddtlTxInf>00151256632BBDZLBL1020180920826090127</AddtlTxInf></TxDtls><AddtlNtryInf>COMPLETE//0000//003//CREDIT</AddtlNtryInf></Ntry><Ntry><Amt Ccy="GBP">200.00</Amt><CdtDbtInd>CRDT</CdtDbtInd><Sts>BOOK</Sts><BookgDt><Dt>2018-09-21</Dt></BookgDt><BkTxCd><Prtry><Cd>SIP UKBA CR 40269</Cd></Prtry></BkTxCd><TxDtls><Refs><EndToEndId>NOREF</EndToEndId><TxId>595948643522029001</TxId><Prtry><Tp>STO REF</Tp><Ref>0000</Ref></Prtry></Refs><RltdPties><Dbtr><Nm>KINGSTON P D</Nm></Dbtr><DbtrAcct><Id><PrtryAcct><Id>40471141738984</Id></PrtryAcct></Id></DbtrAcct><Cdtr><Nm>Alistair Andrews</Nm></Cdtr><CdtrAcct><Id><PrtryAcct><Id>23008200456752</Id></PrtryAcct></Id></CdtrAcct><Prtry><Tp>Vacuum</Tp><Pty/></Prtry></RltdPties><RmtInf><Strd><AddtlRmtInf>NO REF</AddtlRmtInf></Strd><Strd><AddtlRmtInf>KINGSTON P D//Vacuum</AddtlRmtInf></Strd></RmtInf><RltdDts><TxDtTm>2018-09-20T22:53:47</TxDtTm></RltdDts><AddtlTxInf>5959486435220290011020180920826404711</AddtlTxInf></TxDtls><AddtlNtryInf>COMPLETE//0000//003//CREDIT</AddtlNtryInf></Ntry></Ntfctn></BkToCstmrDbtCdtNtfctnV01></Document>