<?xml version="1.0" encoding="UTF-8"?><Document xmlns:xsi="http://www.w3.org/2001/XMLSchema-instance" xmlns="urn:iso:std:iso:20022:tech:xsd:camt.054.001.01"><BkToCstmrDbtCdtNtfctnV01><GrpHdr><MsgId>80309K//13217</MsgId><CreDtTm>2018-09-23T09:00:00</CreDtTm></GrpHdr><Ntfctn><Id>80309K//13217//1</Id><CreDtTm>2018-09-23T09:00:00</CreDtTm><Acct><Id><PrtryAcct><Id>20594233939774</Id></PrtryAcct></Id><Ccy>GBP</Ccy></Acct><TxsSummry><TtlNtries><NbOfNtries>2</NbOfNtries><Sum>313.33</Sum></TtlNtries><TtlCdtNtries><NbOfNtries>2</NbOfNtries><Sum>313.33</Sum></TtlCdtNtries><TtlDbtNtries><NbOfNtries>0</NbOfNtries><Sum>0.00</Sum></TtlDbtNtries></TxsSummry><Ntry><Amt Ccy="GBP">178.33</Amt><CdtDbtInd>CRDT</CdtDbtInd><Sts>BOOK</Sts><BookgDt><Dt>2018-09-24</Dt></BookgDt><BkTxCd><Prtry><Cd>SIP UKBA CR 40269</Cd></Prtry></BkTxCd><TxDtls><Refs><EndToEndId>PPWD00000000APFUV0</EndToEndId><TxId>PPWD00000000APFUV0</TxId></Refs><RltdPties><Dbtr><Nm>PayPal</Nm><PstlAdr><AdrLine>2211 N 1st Street San Jose CA 95131</AdrLine><Ctry/></PstlAdr></Dbtr><DbtrAcct><Id><PrtryAcct><Id>23526278959595</Id></PrtryAcct></Id></DbtrAcct><Cdtr><Nm>Paul Starling</Nm><PstlAdr><AdrLine>28 Monkfield Lane</AdrLine><Ctry/></PstlAdr></Cdtr><CdtrAcct><Id><PrtryAcct><Id>23008200451781</Id></PrtryAcct></Id></CdtrAcct><Prtry><Tp>PPWDL4EJ22AL8CQUYJ</Tp><Pty/></Prtry></RltdPties><RmtInf><Strd><RfrdDocInf><RfrdDocTp><Prtry>002</Prtry></RfrdDocTp></RfrdDocInf><AddtlRmtInf>NO REF</AddtlRmtInf></Strd><Strd><AddtlRmtInf>PayPal//PPWDL4EJ22AL8CQUYJ</AddtlRmtInf></Strd></RmtInf><RltdDts><TxDtTm>2018-09-23T08:47:21</TxDtTm></RltdDts><AddtlTxInf>PPWD00000000APFUV01020180923826235262</AddtlTxInf></TxDtls><AddtlNtryInf>COMPLETE//0000//003//CREDIT</AddtlNtryInf></Ntry><Ntry><Amt Ccy="GBP">135.00</Amt><CdtDbtInd>CRDT</CdtDbtInd><Sts>BOOK</Sts><BookgDt><Dt>2018-09-24</Dt></BookgDt><BkTxCd><Prtry><Cd>SIP UKBA CR 40269</Cd></Prtry></BkTxCd><TxDtls><Refs><EndToEndId>NOREF</EndToEndId><TxId>100000000389387920</TxId></Refs><RltdPties><Dbtr><Nm>H Walford</Nm></Dbtr><DbtrAcct><Id><PrtryAcct><Id>30982111192760</Id></PrtryAcct></Id></DbtrAcct><Cdtr><Nm>KIRSTY THURLOW - H</Nm></Cdtr><CdtrAcct><Id><PrtryAcct><Id>23008200304897</Id></PrtryAcct></Id></CdtrAcct><Prtry><Tp>MOMS CARER</Tp><Pty/></Prtry></RltdPties><RmtInf><Strd><AddtlRmtInf>NO REF</AddtlRmtInf></Strd><Strd><AddtlRmtInf>H Walford//MOMS CARER</AddtlRmtInf></Strd></RmtInf><RltdDts><TxDtTm>2018-09-23T08:52:07</TxDtTm></RltdDts><AddtlTxInf>1000000003893879201020180923826309821</AddtlTxInf></TxDtls><AddtlNtryInf>COMPLETE//0000//003//CREDIT</AddtlNtryInf></Ntry></Ntfctn></BkToCstmrDbtCdtNtfctnV01></Document>