<?xml version="1.0" encoding="UTF-8"?><Document xmlns:xsi="http://www.w3.org/2001/XMLSchema-instance" xmlns="urn:iso:std:iso:20022:tech:xsd:camt.054.001.01"><BkToCstmrDbtCdtNtfctnV01><GrpHdr><MsgId>80309K//12770</MsgId><CreDtTm>2018-09-12T22:30:00</CreDtTm></GrpHdr><Ntfctn><Id>80309K//12770//1</Id><CreDtTm>2018-09-12T22:30:00</CreDtTm><Acct><Id><PrtryAcct><Id>20594233939774</Id></PrtryAcct></Id><Ccy>GBP</Ccy></Acct><TxsSummry><TtlNtries><NbOfNtries>7</NbOfNtries><Sum>660.25</Sum></TtlNtries><TtlCdtNtries><NbOfNtries>7</NbOfNtries><Sum>660.25</Sum></TtlCdtNtries><TtlDbtNtries><NbOfNtries>0</NbOfNtries><Sum>0.00</Sum></TtlDbtNtries></TxsSummry><Ntry><Amt Ccy="GBP">500.00</Amt><CdtDbtInd>CRDT</CdtDbtInd><Sts>BOOK</Sts><BookgDt><Dt>2018-09-13</Dt></BookgDt><BkTxCd><Prtry><Cd>SIP UKBA CR 40269</Cd></Prtry></BkTxCd><TxDtls><Refs><EndToEndId>PPWD00000000AMW736</EndToEndId><TxId>PPWD00000000AMW736</TxId></Refs><RltdPties><Dbtr><Nm>PayPal</Nm><PstlAdr><AdrLine>2211 N 1st Street San Jose CA 95131</AdrLine><Ctry/></PstlAdr></Dbtr><DbtrAcct><Id><PrtryAcct><Id>23526278959595</Id></PrtryAcct></Id></DbtrAcct><Cdtr><Nm>Richard Christopher McVitty</Nm><PstlAdr><AdrLine>20 Colburn Avenue</AdrLine><Ctry/></PstlAdr></Cdtr><CdtrAcct><Id><PrtryAcct><Id>23008200223901</Id></PrtryAcct></Id></CdtrAcct><Prtry><Tp>PPWDL4W7J2AKXB6462</Tp><Pty/></Prtry></RltdPties><RmtInf><Strd><RfrdDocInf><RfrdDocTp><Prtry>002</Prtry></RfrdDocTp></RfrdDocInf><AddtlRmtInf>NO REF</AddtlRmtInf></Strd><Strd><AddtlRmtInf>PayPal//PPWDL4W7J2AKXB6462</AddtlRmtInf></Strd></RmtInf><RltdDts><TxDtTm>2018-09-12T22:00:54</TxDtTm></RltdDts><AddtlTxInf>PPWD00000000AMW7361020180912826235262</AddtlTxInf></TxDtls><AddtlNtryInf>COMPLETE//0000//003//CREDIT</AddtlNtryInf></Ntry><Ntry><Amt Ccy="GBP">55.00</Amt><CdtDbtInd>CRDT</CdtDbtInd><Sts>BOOK</Sts><BookgDt><Dt>2018-09-13</Dt></BookgDt><BkTxCd><Prtry><Cd>SIP UKBA CR 40269</Cd></Prtry></BkTxCd><TxDtls><Refs><EndToEndId>NOREF</EndToEndId><TxId>180912221324287995</TxId></Refs><RltdPties><Dbtr><Nm>Joel Clarke</Nm></Dbtr><DbtrAcct><Id><PrtryAcct><Id>87343886281568</Id></PrtryAcct></Id></DbtrAcct><Cdtr><Nm>Mr J Smith</Nm></Cdtr><CdtrAcct><Id><PrtryAcct><Id>23008200176734</Id></PrtryAcct></Id></CdtrAcct><Prtry><Tp>WORK</Tp><Pty/></Prtry></RltdPties><RmtInf><Strd><AddtlRmtInf>NO REF</AddtlRmtInf></Strd><Strd><AddtlRmtInf>Joel Clarke//WORK</AddtlRmtInf></Strd></RmtInf><RltdDts><TxDtTm>2018-09-12T22:13:21</TxDtTm></RltdDts><AddtlTxInf>1809122213242879951020180912826873438</AddtlTxInf></TxDtls><AddtlNtryInf>COMPLETE//0000//003//CREDIT</AddtlNtryInf></Ntry><Ntry><Amt Ccy="GBP">70.00</Amt><CdtDbtInd>CRDT</CdtDbtInd><Sts>BOOK</Sts><BookgDt><Dt>2018-09-13</Dt></BookgDt><BkTxCd><Prtry><Cd>DCA UKBA CR 40269</Cd></Prtry></BkTxCd><TxDtls><Refs><EndToEndId>NOREF</EndToEndId><TxId>000000013550896601</TxId><Prtry><Tp>STO REF</Tp><Ref>0000</Ref></Prtry></Refs><RltdPties><Dbtr><Nm>23327202805474</Nm></Dbtr><DbtrAcct><Id><PrtryAcct><Id>20594263428524</Id></PrtryAcct></Id></DbtrAcct><Cdtr><Nm>ANDREW DENNIS</Nm></Cdtr><CdtrAcct><Id><PrtryAcct><Id>23008200439340</Id></PrtryAcct></Id></CdtrAcct><Prtry><Tp>CARD</Tp><Pty/></Prtry></RltdPties><RmtInf><Strd><AddtlRmtInf>NO REF</AddtlRmtInf></Strd><Strd><AddtlRmtInf>23327202805474//CARD</AddtlRmtInf></Strd></RmtInf><RltdDts><TxDtTm>2018-09-12T22:17:04</TxDtTm></RltdDts><AddtlTxInf>0000000135508966015020180912826205942</AddtlTxInf></TxDtls><AddtlNtryInf>COMPLETE//0000//003//CREDIT</AddtlNtryInf></Ntry><Ntry><Amt Ccy="GBP">10.00</Amt><CdtDbtInd>CRDT</CdtDbtInd><Sts>BOOK</Sts><BookgDt><Dt>2018-09-13</Dt></BookgDt><BkTxCd><Prtry><Cd>SIP UKBA CR 40269</Cd></Prtry></BkTxCd><TxDtls><Refs><EndToEndId>NOREF</EndToEndId><TxId>100000000386573902</TxId></Refs><RltdPties><Dbtr><Nm>I Shafiq</Nm></Dbtr><DbtrAcct><Id><PrtryAcct><Id>30908811564068</Id></PrtryAcct></Id></DbtrAcct><Cdtr><Nm>MIKE DUTTON</Nm></Cdtr><CdtrAcct><Id><PrtryAcct><Id>23008200421264</Id></PrtryAcct></Id></CdtrAcct><Prtry><Tp>imran</Tp><Pty/></Prtry></RltdPties><RmtInf><Strd><AddtlRmtInf>NO REF</AddtlRmtInf></Strd><Strd><AddtlRmtInf>I Shafiq//imran</AddtlRmtInf></Strd></RmtInf><RltdDts><TxDtTm>2018-09-12T22:28:04</TxDtTm></RltdDts><AddtlTxInf>1000000003865739021020180912826309088</AddtlTxInf></TxDtls><AddtlNtryInf>COMPLETE//0000//003//CREDIT</AddtlNtryInf></Ntry><Ntry><Amt Ccy="GBP">12.00</Amt><CdtDbtInd>CRDT</CdtDbtInd><Sts>BOOK</Sts><BookgDt><Dt>2018-09-13</Dt></BookgDt><BkTxCd><Prtry><Cd>SIP UKBA CR 40269</Cd></Prtry></BkTxCd><TxDtls><Refs><EndToEndId>NOREF</EndToEndId><TxId>200000000386565804</TxId></Refs><RltdPties><Dbtr><Nm>P Clarke</Nm></Dbtr><DbtrAcct><Id><PrtryAcct><Id>30954335557268</Id></PrtryAcct></Id></DbtrAcct><Cdtr><Nm>P CLARKE</Nm></Cdtr><CdtrAcct><Id><PrtryAcct><Id>23008200095827</Id></PrtryAcct></Id></CdtrAcct><Prtry><Tp>HOLIDAY FUNDS</Tp><Pty/></Prtry></RltdPties><RmtInf><Strd><AddtlRmtInf>NO REF</AddtlRmtInf></Strd><Strd><AddtlRmtInf>P Clarke//HOLIDAY FUNDS</AddtlRmtInf></Strd></RmtInf><RltdDts><TxDtTm>2018-09-12T22:28:55</TxDtTm></RltdDts><AddtlTxInf>2000000003865658041020180912826309543</AddtlTxInf></TxDtls><AddtlNtryInf>COMPLETE//0000//003//CREDIT</AddtlNtryInf></Ntry><Ntry><Amt Ccy="GBP">3.25</Amt><CdtDbtInd>CRDT</CdtDbtInd><Sts>BOOK</Sts><BookgDt><Dt>2018-09-13</Dt></BookgDt><BkTxCd><Prtry><Cd>SIP UKBA CR 40269</Cd></Prtry></BkTxCd><TxDtls><Refs><EndToEndId>00157771632BBKHQJJ</EndToEndId><TxId>00157771632BBKHQJJ</TxId></Refs><RltdPties><Dbtr><Nm>MARIA SILO</Nm></Dbtr><DbtrAcct><Id><PrtryAcct><Id>09012828103122</Id></PrtryAcct></Id></DbtrAcct><Cdtr><Nm>Mrs oddy</Nm></Cdtr><CdtrAcct><Id><PrtryAcct><Id>23008200441427</Id></PrtryAcct></Id></CdtrAcct><Prtry><Tp>Mrs Oddy</Tp><Pty/></Prtry></RltdPties><RmtInf><Strd><AddtlRmtInf>NO REF</AddtlRmtInf></Strd><Strd><AddtlRmtInf>MARIA SILO//Mrs Oddy</AddtlRmtInf></Strd></RmtInf><RltdDts><TxDtTm>2018-09-12T22:29:03</TxDtTm></RltdDts><AddtlTxInf>00157771632BBKHQJJ1020180912826090128</AddtlTxInf></TxDtls><AddtlNtryInf>COMPLETE//0000//003//CREDIT</AddtlNtryInf></Ntry><Ntry><Amt Ccy="GBP">10.00</Amt><CdtDbtInd>CRDT</CdtDbtInd><Sts>BOOK</Sts><BookgDt><Dt>2018-09-13</Dt></BookgDt><BkTxCd><Prtry><Cd>SIP UKBA CR 40269</Cd></Prtry></BkTxCd><TxDtls><Refs><EndToEndId>NOREF</EndToEndId><TxId>100000000386574107</TxId></Refs><RltdPties><Dbtr><Nm>D Caie</Nm></Dbtr><DbtrAcct><Id><PrtryAcct><Id>11009812125767</Id></PrtryAcct></Id></DbtrAcct><Cdtr><Nm>WILL</Nm></Cdtr><CdtrAcct><Id><PrtryAcct><Id>23008200433862</Id></PrtryAcct></Id></CdtrAcct><Prtry><Tp>CANCER RESEARCH</Tp><Pty/></Prtry></RltdPties><RmtInf><Strd><AddtlRmtInf>NO REF</AddtlRmtInf></Strd><Strd><AddtlRmtInf>D Caie//CANCER RESEARCH</AddtlRmtInf></Strd></RmtInf><RltdDts><TxDtTm>2018-09-12T22:29:44</TxDtTm></RltdDts><AddtlTxInf>1000000003865741071020180912826110098</AddtlTxInf></TxDtls><AddtlNtryInf>COMPLETE//0000//003//CREDIT</AddtlNtryInf></Ntry></Ntfctn></BkToCstmrDbtCdtNtfctnV01></Document>