<?xml version="1.0" encoding="UTF-8"?><Document xmlns:xsi="http://www.w3.org/2001/XMLSchema-instance" xmlns="urn:iso:std:iso:20022:tech:xsd:camt.054.001.01"><BkToCstmrDbtCdtNtfctnV01><GrpHdr><MsgId>80309K//12850</MsgId><CreDtTm>2018-09-14T16:30:00</CreDtTm></GrpHdr><Ntfctn><Id>80309K//12850//1</Id><CreDtTm>2018-09-14T16:30:00</CreDtTm><Acct><Id><PrtryAcct><Id>20594233939774</Id></PrtryAcct></Id><Ccy>GBP</Ccy></Acct><TxsSummry><TtlNtries><NbOfNtries>7</NbOfNtries><Sum>7939.00</Sum></TtlNtries><TtlCdtNtries><NbOfNtries>7</NbOfNtries><Sum>7939.00</Sum></TtlCdtNtries><TtlDbtNtries><NbOfNtries>0</NbOfNtries><Sum>0.00</Sum></TtlDbtNtries></TxsSummry><Ntry><Amt Ccy="GBP">100.00</Amt><CdtDbtInd>CRDT</CdtDbtInd><Sts>BOOK</Sts><BookgDt><Dt>2018-09-14</Dt></BookgDt><BkTxCd><Prtry><Cd>SIP UKBA CR 40269</Cd></Prtry></BkTxCd><TxDtls><Refs><EndToEndId>BARNSLEY F C EVENT</EndToEndId><TxId>BX1809141944375200</TxId></Refs><RltdPties><Dbtr><Nm>BARNSLEY FC 2002</Nm></Dbtr><DbtrAcct><Id><PrtryAcct><Id>20080730682810</Id></PrtryAcct></Id></DbtrAcct><Cdtr><Nm>SLBC EVENTS</Nm></Cdtr><CdtrAcct><Id><PrtryAcct><Id>23008200220557</Id></PrtryAcct></Id></CdtrAcct><Prtry><Tp>BARNSLEY F C EVENT</Tp><Pty/></Prtry></RltdPties><RmtInf><Strd><RfrdDocInf><RfrdDocTp><Prtry>002</Prtry></RfrdDocTp></RfrdDocInf><AddtlRmtInf>NO REF</AddtlRmtInf></Strd><Strd><AddtlRmtInf>BARNSLEY FC 2002//BARNSLEY F C EVENT</AddtlRmtInf></Strd></RmtInf><RltdDts><TxDtTm>2018-09-14T16:12:44</TxDtTm></RltdDts><AddtlTxInf>BX18091419443752001020180914826200000</AddtlTxInf></TxDtls><AddtlNtryInf>COMPLETE//0000//002//CREDIT</AddtlNtryInf></Ntry><Ntry><Amt Ccy="GBP">60.00</Amt><CdtDbtInd>CRDT</CdtDbtInd><Sts>BOOK</Sts><BookgDt><Dt>2018-09-14</Dt></BookgDt><BkTxCd><Prtry><Cd>SIP UKBA CR 40269</Cd></Prtry></BkTxCd><TxDtls><Refs><EndToEndId>00151031632BBGTWTV</EndToEndId><TxId>00151031632BBGTWTV</TxId></Refs><RltdPties><Dbtr><Nm>MARTIN CAMPBELL</Nm></Dbtr><DbtrAcct><Id><PrtryAcct><Id>09012602998896</Id></PrtryAcct></Id></DbtrAcct><Cdtr><Nm>JOHNNY D</Nm></Cdtr><CdtrAcct><Id><PrtryAcct><Id>23008200167286</Id></PrtryAcct></Id></CdtrAcct><Prtry><Tp>matey</Tp><Pty/></Prtry></RltdPties><RmtInf><Strd><AddtlRmtInf>NO REF</AddtlRmtInf></Strd><Strd><AddtlRmtInf>MARTIN CAMPBELL//matey</AddtlRmtInf></Strd></RmtInf><RltdDts><TxDtTm>2018-09-14T16:12:44</TxDtTm></RltdDts><AddtlTxInf>00151031632BBGTWTV1020180914826090126</AddtlTxInf></TxDtls><AddtlNtryInf>COMPLETE//0000//002//CREDIT</AddtlNtryInf></Ntry><Ntry><Amt Ccy="GBP">200.00</Amt><CdtDbtInd>CRDT</CdtDbtInd><Sts>BOOK</Sts><BookgDt><Dt>2018-09-14</Dt></BookgDt><BkTxCd><Prtry><Cd>FDP UKBA CR 40269</Cd></Prtry></BkTxCd><TxDtls><Refs><EndToEndId>NOREF</EndToEndId><TxId>456544423061419001</TxId><Prtry><Tp>STO REF</Tp><Ref>0000</Ref></Prtry></Refs><RltdPties><Dbtr><Nm>REGO R</Nm></Dbtr><DbtrAcct><Id><PrtryAcct><Id>40161543917738</Id></PrtryAcct></Id></DbtrAcct><Cdtr><Nm>MICHEAL</Nm></Cdtr><CdtrAcct><Id><PrtryAcct><Id>23008200433862</Id></PrtryAcct></Id></CdtrAcct></RltdPties><RmtInf><Strd><AddtlRmtInf>NO REF</AddtlRmtInf></Strd><Strd><AddtlRmtInf>REGO R//</AddtlRmtInf></Strd></RmtInf><RltdDts><TxDtTm>2018-09-14T16:15:04</TxDtTm></RltdDts><AddtlTxInf>4565444230614190014020180914826401615</AddtlTxInf></TxDtls><AddtlNtryInf>COMPLETE//0000//002//CREDIT</AddtlNtryInf></Ntry><Ntry><Amt Ccy="GBP">5.00</Amt><CdtDbtInd>CRDT</CdtDbtInd><Sts>BOOK</Sts><BookgDt><Dt>2018-09-14</Dt></BookgDt><BkTxCd><Prtry><Cd>DCA UKBA CR 40269</Cd></Prtry></BkTxCd><TxDtls><Refs><EndToEndId>NOREF</EndToEndId><TxId>000000013573416101</TxId><Prtry><Tp>STO REF</Tp><Ref>0000</Ref></Prtry></Refs><RltdPties><Dbtr><Nm>23327202741259</Nm></Dbtr><DbtrAcct><Id><PrtryAcct><Id>20594263428524</Id></PrtryAcct></Id></DbtrAcct><Cdtr><Nm>JOHNSON WILL</Nm></Cdtr><CdtrAcct><Id><PrtryAcct><Id>23008200317682</Id></PrtryAcct></Id></CdtrAcct><Prtry><Tp>THE MONEY</Tp><Pty/></Prtry></RltdPties><RmtInf><Strd><AddtlRmtInf>NO REF</AddtlRmtInf></Strd><Strd><AddtlRmtInf>23327202741259//THE MONEY</AddtlRmtInf></Strd></RmtInf><RltdDts><TxDtTm>2018-09-14T16:16:43</TxDtTm></RltdDts><AddtlTxInf>0000000135734161015020180914826205942</AddtlTxInf></TxDtls><AddtlNtryInf>COMPLETE//0000//002//CREDIT</AddtlNtryInf></Ntry><Ntry><Amt Ccy="GBP">5000.00</Amt><CdtDbtInd>CRDT</CdtDbtInd><Sts>BOOK</Sts><BookgDt><Dt>2018-09-14</Dt></BookgDt><BkTxCd><Prtry><Cd>SIP UKBA CR 40269</Cd></Prtry></BkTxCd><TxDtls><Refs><EndToEndId>NOREF</EndToEndId><TxId>FP18257O19556995</TxId></Refs><RltdPties><Dbtr><Nm>Clark Fiona</Nm></Dbtr><DbtrAcct><Id><PrtryAcct><Id>07024603393901</Id></PrtryAcct></Id></DbtrAcct><Cdtr><Nm>KOFI APPIAH NSIAH</Nm></Cdtr><CdtrAcct><Id><PrtryAcct><Id>23008200197023</Id></PrtryAcct></Id></CdtrAcct><Prtry><Tp>AL</Tp><Pty/></Prtry></RltdPties><RmtInf><Strd><AddtlRmtInf>NO REF</AddtlRmtInf></Strd><Strd><AddtlRmtInf>Clark Fiona//AL</AddtlRmtInf></Strd></RmtInf><RltdDts><TxDtTm>2018-09-14T16:23:48</TxDtTm></RltdDts><AddtlTxInf>FP18257O19556995  1020180914826070246</AddtlTxInf></TxDtls><AddtlNtryInf>COMPLETE//0000//002//CREDIT</AddtlNtryInf></Ntry><Ntry><Amt Ccy="GBP">250.00</Amt><CdtDbtInd>CRDT</CdtDbtInd><Sts>BOOK</Sts><BookgDt><Dt>2018-09-14</Dt></BookgDt><BkTxCd><Prtry><Cd>SIP UKBA CR 40269</Cd></Prtry></BkTxCd><TxDtls><Refs><EndToEndId>NOREF</EndToEndId><TxId>180914162710536913</TxId></Refs><RltdPties><Dbtr><Nm>Collins Chukwukere</Nm></Dbtr><DbtrAcct><Id><PrtryAcct><Id>30937015556368</Id></PrtryAcct></Id></DbtrAcct><Cdtr><Nm>pendulum</Nm></Cdtr><CdtrAcct><Id><PrtryAcct><Id>23008200037349</Id></PrtryAcct></Id></CdtrAcct></RltdPties><RmtInf><Strd><AddtlRmtInf>NO REF</AddtlRmtInf></Strd><Strd><AddtlRmtInf>Collins Chukwukere//</AddtlRmtInf></Strd></RmtInf><RltdDts><TxDtTm>2018-09-14T16:27:07</TxDtTm></RltdDts><AddtlTxInf>1809141627105369131020180914826309370</AddtlTxInf></TxDtls><AddtlNtryInf>COMPLETE//0000//002//CREDIT</AddtlNtryInf></Ntry><Ntry><Amt Ccy="GBP">2324.00</Amt><CdtDbtInd>CRDT</CdtDbtInd><Sts>BOOK</Sts><BookgDt><Dt>2018-09-14</Dt></BookgDt><BkTxCd><Prtry><Cd>SIP UKBA CR 40269</Cd></Prtry></BkTxCd><TxDtls><Refs><EndToEndId>NOREF</EndToEndId><TxId>RP4659984558499500</TxId></Refs><RltdPties><Dbtr><Nm>SECURE FM LTD</Nm></Dbtr><DbtrAcct><Id><PrtryAcct><Id>20454550932698</Id></PrtryAcct></Id></DbtrAcct><Cdtr><Nm>RELLIEF SECURE</Nm></Cdtr><CdtrAcct><Id><PrtryAcct><Id>23008200031623</Id></PrtryAcct></Id></CdtrAcct><Prtry><Tp>INV-SLA/56713</Tp><Pty/></Prtry></RltdPties><RmtInf><Strd><AddtlRmtInf>NO REF</AddtlRmtInf></Strd><Strd><AddtlRmtInf>SECURE FM LTD//INV-SLA/56713</AddtlRmtInf></Strd></RmtInf><RltdDts><TxDtTm>2018-09-14T16:28:28</TxDtTm></RltdDts><AddtlTxInf>RP46599845584995001020180914826200026</AddtlTxInf></TxDtls><AddtlNtryInf>COMPLETE//0000//002//CREDIT</AddtlNtryInf></Ntry></Ntfctn></BkToCstmrDbtCdtNtfctnV01></Document>