<?xml version="1.0" encoding="UTF-8"?><Document xmlns:xsi="http://www.w3.org/2001/XMLSchema-instance" xmlns="urn:iso:std:iso:20022:tech:xsd:camt.054.001.01"><BkToCstmrDbtCdtNtfctnV01><GrpHdr><MsgId>80309K//13287</MsgId><CreDtTm>2018-09-24T23:00:00</CreDtTm></GrpHdr><Ntfctn><Id>80309K//13287//1</Id><CreDtTm>2018-09-24T23:00:00</CreDtTm><Acct><Id><PrtryAcct><Id>20594233939774</Id></PrtryAcct></Id><Ccy>GBP</Ccy></Acct><TxsSummry><TtlNtries><NbOfNtries>1</NbOfNtries><Sum>500.00</Sum></TtlNtries><TtlCdtNtries><NbOfNtries>1</NbOfNtries><Sum>500.00</Sum></TtlCdtNtries><TtlDbtNtries><NbOfNtries>0</NbOfNtries><Sum>0.00</Sum></TtlDbtNtries></TxsSummry><Ntry><Amt Ccy="GBP">500.00</Amt><CdtDbtInd>CRDT</CdtDbtInd><Sts>BOOK</Sts><BookgDt><Dt>2018-09-25</Dt></BookgDt><BkTxCd><Prtry><Cd>SIP UKBA CR 40269</Cd></Prtry></BkTxCd><TxDtls><Refs><EndToEndId>MARK BENSON</EndToEndId><TxId>44225416876344000N</TxId><Prtry><Tp>STO REF</Tp><Ref>0000</Ref></Prtry></Refs><RltdPties><Dbtr><Nm>BUTLER AC</Nm></Dbtr><DbtrAcct><Id><PrtryAcct><Id>55703707941196</Id></PrtryAcct></Id></DbtrAcct><Cdtr><Nm>ENGELKING</Nm></Cdtr><CdtrAcct><Id><PrtryAcct><Id>23008200056619</Id></PrtryAcct></Id></CdtrAcct><Prtry><Tp>MARK BENSON</Tp><Pty/></Prtry></RltdPties><RmtInf><Strd><AddtlRmtInf>BUTLER AC         MARK BENSON       VIA ONLINE - PYMT</AddtlRmtInf></Strd><Strd><AddtlRmtInf>BUTLER AC//MARK BENSON</AddtlRmtInf></Strd></RmtInf><RltdDts><TxDtTm>2018-09-24T22:54:17</TxDtTm></RltdDts><AddtlTxInf>44225416876344000N1020180924826557037</AddtlTxInf></TxDtls><AddtlNtryInf>COMPLETE//0000//003//CREDIT</AddtlNtryInf></Ntry></Ntfctn></BkToCstmrDbtCdtNtfctnV01></Document>