<?xml version="1.0" encoding="UTF-8"?><Document xmlns:xsi="http://www.w3.org/2001/XMLSchema-instance" xmlns="urn:iso:std:iso:20022:tech:xsd:camt.054.001.01"><BkToCstmrDbtCdtNtfctnV01><GrpHdr><MsgId>80309K//12881</MsgId><CreDtTm>2018-09-15T12:00:00</CreDtTm></GrpHdr><Ntfctn><Id>80309K//12881//1</Id><CreDtTm>2018-09-15T12:00:00</CreDtTm><Acct><Id><PrtryAcct><Id>20594233939774</Id></PrtryAcct></Id><Ccy>GBP</Ccy></Acct><TxsSummry><TtlNtries><NbOfNtries>5</NbOfNtries><Sum>200.01</Sum></TtlNtries><TtlCdtNtries><NbOfNtries>5</NbOfNtries><Sum>200.01</Sum></TtlCdtNtries><TtlDbtNtries><NbOfNtries>0</NbOfNtries><Sum>0.00</Sum></TtlDbtNtries></TxsSummry><Ntry><Amt Ccy="GBP">20.00</Amt><CdtDbtInd>CRDT</CdtDbtInd><Sts>BOOK</Sts><BookgDt><Dt>2018-09-17</Dt></BookgDt><BkTxCd><Prtry><Cd>SIP UKBA CR 40269</Cd></Prtry></BkTxCd><TxDtls><Refs><EndToEndId>NOREF</EndToEndId><TxId>500000000388963306</TxId></Refs><RltdPties><Dbtr><Nm>E Docherty</Nm></Dbtr><DbtrAcct><Id><PrtryAcct><Id>77210434337960</Id></PrtryAcct></Id></DbtrAcct><Cdtr><Nm>JAMES NEW</Nm></Cdtr><CdtrAcct><Id><PrtryAcct><Id>23008200089440</Id></PrtryAcct></Id></CdtrAcct><Prtry><Tp>LONDON</Tp><Pty/></Prtry></RltdPties><RmtInf><Strd><AddtlRmtInf>NO REF</AddtlRmtInf></Strd><Strd><AddtlRmtInf>E Docherty//LONDON</AddtlRmtInf></Strd></RmtInf><RltdDts><TxDtTm>2018-09-15T11:31:44</TxDtTm></RltdDts><AddtlTxInf>5000000003889633061020180915826772104</AddtlTxInf></TxDtls><AddtlNtryInf>COMPLETE//0000//003//CREDIT</AddtlNtryInf></Ntry><Ntry><Amt Ccy="GBP">10.00</Amt><CdtDbtInd>CRDT</CdtDbtInd><Sts>BOOK</Sts><BookgDt><Dt>2018-09-17</Dt></BookgDt><BkTxCd><Prtry><Cd>SIP UKBA CR 40269</Cd></Prtry></BkTxCd><TxDtls><Refs><EndToEndId>000000FT18257K8M2R</EndToEndId><TxId>000000FT18257K8M2R</TxId></Refs><RltdPties><Dbtr><Nm>DUMITRU LUCIAN HRAB</Nm><PstlAdr><AdrLine>6A GRAINGER ROAD;ESSEX</AdrLine><Ctry/></PstlAdr></Dbtr><DbtrAcct><Id><PrtryAcct><Id>23058014066721</Id></PrtryAcct></Id></DbtrAcct><Cdtr><Nm>m m dumitrescu</Nm><PstlAdr><AdrLine>WIRECARD;WIRECARD CARD SOLUTIONS</AdrLine><Ctry/></PstlAdr></Cdtr><CdtrAcct><Id><PrtryAcct><Id>23008200403943</Id></PrtryAcct></Id></CdtrAcct><Prtry><Tp>inv</Tp><Pty/></Prtry></RltdPties><RmtInf><Strd><AddtlRmtInf>NO REF</AddtlRmtInf></Strd><Strd><AddtlRmtInf>DUMITRU LUCIAN HRA//inv</AddtlRmtInf></Strd></RmtInf><RltdDts><TxDtTm>2018-09-15T11:34:35</TxDtTm></RltdDts><AddtlTxInf>000000FT18257K8M2R1020180915826230580</AddtlTxInf></TxDtls><AddtlNtryInf>COMPLETE//0000//003//CREDIT</AddtlNtryInf></Ntry><Ntry><Amt Ccy="GBP">125.01</Amt><CdtDbtInd>CRDT</CdtDbtInd><Sts>BOOK</Sts><BookgDt><Dt>2018-09-17</Dt></BookgDt><BkTxCd><Prtry><Cd>SIP UKBA CR 40269</Cd></Prtry></BkTxCd><TxDtls><Refs><EndToEndId>PPWD00000000ANI030</EndToEndId><TxId>PPWD00000000ANI030</TxId></Refs><RltdPties><Dbtr><Nm>PayPal</Nm><PstlAdr><AdrLine>2211 N 1st Street San Jose CA 95131</AdrLine><Ctry/></PstlAdr></Dbtr><DbtrAcct><Id><PrtryAcct><Id>23526278959595</Id></PrtryAcct></Id></DbtrAcct><Cdtr><Nm>Lloyd Manyangadze</Nm><PstlAdr><AdrLine>8 Nursery Gardens</AdrLine><Ctry/></PstlAdr></Cdtr><CdtrAcct><Id><PrtryAcct><Id>23008200445902</Id></PrtryAcct></Id></CdtrAcct><Prtry><Tp>PPWDL5LEJ2AL4C9J2J</Tp><Pty/></Prtry></RltdPties><RmtInf><Strd><RfrdDocInf><RfrdDocTp><Prtry>002</Prtry></RfrdDocTp></RfrdDocInf><AddtlRmtInf>NO REF</AddtlRmtInf></Strd><Strd><AddtlRmtInf>PayPal//PPWDL5LEJ2AL4C9J2J</AddtlRmtInf></Strd></RmtInf><RltdDts><TxDtTm>2018-09-15T11:45:17</TxDtTm></RltdDts><AddtlTxInf>PPWD00000000ANI0301020180915826235262</AddtlTxInf></TxDtls><AddtlNtryInf>COMPLETE//0000//003//CREDIT</AddtlNtryInf></Ntry><Ntry><Amt Ccy="GBP">20.00</Amt><CdtDbtInd>CRDT</CdtDbtInd><Sts>BOOK</Sts><BookgDt><Dt>2018-09-17</Dt></BookgDt><BkTxCd><Prtry><Cd>SIP UKBA CR 40269</Cd></Prtry></BkTxCd><TxDtls><Refs><EndToEndId>NOREF</EndToEndId><TxId>000000000127895462</TxId></Refs><RltdPties><Dbtr><Nm>MR L A NEED</Nm></Dbtr><DbtrAcct><Id><PrtryAcct><Id>08910314185050</Id></PrtryAcct></Id></DbtrAcct><Cdtr><Nm>MR L NEED SAVING</Nm></Cdtr><CdtrAcct><Id><PrtryAcct><Id>23008200338418</Id></PrtryAcct></Id></CdtrAcct></RltdPties><RmtInf><Strd><AddtlRmtInf>NO REF</AddtlRmtInf></Strd><Strd><AddtlRmtInf>MR L A NEED//</AddtlRmtInf></Strd></RmtInf><RltdDts><TxDtTm>2018-09-15T11:49:26</TxDtTm></RltdDts><AddtlTxInf>0000000001278954621020180915826089103</AddtlTxInf></TxDtls><AddtlNtryInf>COMPLETE//0000//003//CREDIT</AddtlNtryInf></Ntry><Ntry><Amt Ccy="GBP">25.00</Amt><CdtDbtInd>CRDT</CdtDbtInd><Sts>BOOK</Sts><BookgDt><Dt>2018-09-17</Dt></BookgDt><BkTxCd><Prtry><Cd>SIP UKBA CR 40269</Cd></Prtry></BkTxCd><TxDtls><Refs><EndToEndId>NOREF</EndToEndId><TxId>200000000387302937</TxId></Refs><RltdPties><Dbtr><Nm>L Price</Nm></Dbtr><DbtrAcct><Id><PrtryAcct><Id>30990613824660</Id></PrtryAcct></Id></DbtrAcct><Cdtr><Nm>GEORGIA SAVAGE</Nm></Cdtr><CdtrAcct><Id><PrtryAcct><Id>23008200293180</Id></PrtryAcct></Id></CdtrAcct><Prtry><Tp>DOLLAR</Tp><Pty/></Prtry></RltdPties><RmtInf><Strd><AddtlRmtInf>NO REF</AddtlRmtInf></Strd><Strd><AddtlRmtInf>L Price//DOLLAR</AddtlRmtInf></Strd></RmtInf><RltdDts><TxDtTm>2018-09-15T11:55:16</TxDtTm></RltdDts><AddtlTxInf>2000000003873029371020180915826309906</AddtlTxInf></TxDtls><AddtlNtryInf>COMPLETE//0000//003//CREDIT</AddtlNtryInf></Ntry></Ntfctn></BkToCstmrDbtCdtNtfctnV01></Document>