<?xml version="1.0" encoding="UTF-8"?><Document xmlns:xsi="http://www.w3.org/2001/XMLSchema-instance" xmlns="urn:iso:std:iso:20022:tech:xsd:camt.054.001.01"><BkToCstmrDbtCdtNtfctnV01><GrpHdr><MsgId>80309K//12905</MsgId><CreDtTm>2018-09-16T00:00:00</CreDtTm></GrpHdr><Ntfctn><Id>80309K//12905//1</Id><CreDtTm>2018-09-16T00:00:00</CreDtTm><Acct><Id><PrtryAcct><Id>20594233939774</Id></PrtryAcct></Id><Ccy>GBP</Ccy></Acct><TxsSummry><TtlNtries><NbOfNtries>3</NbOfNtries><Sum>801.00</Sum></TtlNtries><TtlCdtNtries><NbOfNtries>3</NbOfNtries><Sum>801.00</Sum></TtlCdtNtries><TtlDbtNtries><NbOfNtries>0</NbOfNtries><Sum>0.00</Sum></TtlDbtNtries></TxsSummry><Ntry><Amt Ccy="GBP">500.00</Amt><CdtDbtInd>CRDT</CdtDbtInd><Sts>BOOK</Sts><BookgDt><Dt>2018-09-17</Dt></BookgDt><BkTxCd><Prtry><Cd>SIP UKBA CR 40269</Cd></Prtry></BkTxCd><TxDtls><Refs><EndToEndId>NOREF</EndToEndId><TxId>FP18258O00474449</TxId></Refs><RltdPties><Dbtr><Nm>Oyeleye Segun</Nm></Dbtr><DbtrAcct><Id><PrtryAcct><Id>07043608995248</Id></PrtryAcct></Id></DbtrAcct><Cdtr><Nm>WHALEGLOBAL LTD</Nm></Cdtr><CdtrAcct><Id><PrtryAcct><Id>23008200037283</Id></PrtryAcct></Id></CdtrAcct><Prtry><Tp>MOTHERBOARD REPLAC</Tp><Pty/></Prtry></RltdPties><RmtInf><Strd><AddtlRmtInf>NO REF</AddtlRmtInf></Strd><Strd><AddtlRmtInf>Oyeleye Segun//MOTHERBOARD REPLAC</AddtlRmtInf></Strd></RmtInf><RltdDts><TxDtTm>2018-09-15T23:30:17</TxDtTm></RltdDts><AddtlTxInf>FP18258O00474449  1020180915826070436</AddtlTxInf></TxDtls><AddtlNtryInf>COMPLETE//0000//003//CREDIT</AddtlNtryInf></Ntry><Ntry><Amt Ccy="GBP">300.00</Amt><CdtDbtInd>CRDT</CdtDbtInd><Sts>BOOK</Sts><BookgDt><Dt>2018-09-17</Dt></BookgDt><BkTxCd><Prtry><Cd>SIP UKBA CR 40269</Cd></Prtry></BkTxCd><TxDtls><Refs><EndToEndId>00152053632BPMPBJJ</EndToEndId><TxId>00152053632BPMPBJJ</TxId></Refs><RltdPties><Dbtr><Nm>OLUFEMI OPEODU</Nm></Dbtr><DbtrAcct><Id><PrtryAcct><Id>09013960026258</Id></PrtryAcct></Id></DbtrAcct><Cdtr><Nm>WHALEGLOBAL LTD</Nm></Cdtr><CdtrAcct><Id><PrtryAcct><Id>23008200037283</Id></PrtryAcct></Id></CdtrAcct><Prtry><Tp>LG TV</Tp><Pty/></Prtry></RltdPties><RmtInf><Strd><AddtlRmtInf>NO REF</AddtlRmtInf></Strd><Strd><AddtlRmtInf>OLUFEMI OPEODU//LG TV</AddtlRmtInf></Strd></RmtInf><RltdDts><TxDtTm>2018-09-15T23:51:40</TxDtTm></RltdDts><AddtlTxInf>00152053632BPMPBJJ1020180915826090139</AddtlTxInf></TxDtls><AddtlNtryInf>COMPLETE//0000//003//CREDIT</AddtlNtryInf></Ntry><Ntry><Amt Ccy="GBP">1.00</Amt><CdtDbtInd>CRDT</CdtDbtInd><Sts>BOOK</Sts><BookgDt><Dt>2018-09-17</Dt></BookgDt><BkTxCd><Prtry><Cd>SIP UKBA CR 40269</Cd></Prtry></BkTxCd><TxDtls><Refs><EndToEndId>NOREF</EndToEndId><TxId>P10AHWWM4G7Z951UCN</TxId></Refs><RltdPties><Dbtr><Nm>Olaide Moshood</Nm><PstlAdr><AdrLine>Flat 8, SE16 6PN</AdrLine><Ctry/></PstlAdr></Dbtr><DbtrAcct><Id><PrtryAcct><Id>04000406633315</Id></PrtryAcct></Id></DbtrAcct><Cdtr><Nm>O K Moshood</Nm></Cdtr><CdtrAcct><Id><PrtryAcct><Id>23008200409582</Id></PrtryAcct></Id></CdtrAcct></RltdPties><RmtInf><Strd><AddtlRmtInf>NO REF</AddtlRmtInf></Strd><Strd><AddtlRmtInf>Olaide Moshood//</AddtlRmtInf></Strd></RmtInf><RltdDts><TxDtTm>2018-09-15T23:57:55</TxDtTm></RltdDts><AddtlTxInf>P10AHWWM4G7Z951UCN1020180915826040004</AddtlTxInf></TxDtls><AddtlNtryInf>COMPLETE//0000//003//CREDIT</AddtlNtryInf></Ntry></Ntfctn></BkToCstmrDbtCdtNtfctnV01></Document>