<?xml version="1.0" encoding="UTF-8"?><Document xmlns:xsi="http://www.w3.org/2001/XMLSchema-instance" xmlns="urn:iso:std:iso:20022:tech:xsd:camt.054.001.01"><BkToCstmrDbtCdtNtfctnV01><GrpHdr><MsgId>80309K//12424</MsgId><CreDtTm>2018-09-04T20:30:00</CreDtTm></GrpHdr><Ntfctn><Id>80309K//12424//1</Id><CreDtTm>2018-09-04T20:30:00</CreDtTm><Acct><Id><PrtryAcct><Id>20594233939774</Id></PrtryAcct></Id><Ccy>GBP</Ccy></Acct><TxsSummry><TtlNtries><NbOfNtries>5</NbOfNtries><Sum>708.49</Sum></TtlNtries><TtlCdtNtries><NbOfNtries>5</NbOfNtries><Sum>708.49</Sum></TtlCdtNtries><TtlDbtNtries><NbOfNtries>0</NbOfNtries><Sum>0.00</Sum></TtlDbtNtries></TxsSummry><Ntry><Amt Ccy="GBP">3.00</Amt><CdtDbtInd>CRDT</CdtDbtInd><Sts>BOOK</Sts><BookgDt><Dt>2018-09-05</Dt></BookgDt><BkTxCd><Prtry><Cd>SIP UKBA CR 40269</Cd></Prtry></BkTxCd><TxDtls><Refs><EndToEndId>Hi KAY PAMELA</EndToEndId><TxId>TW0000000039236242</TxId></Refs><RltdPties><Dbtr><Nm>Pamela Kay TW</Nm></Dbtr><DbtrAcct><Id><PrtryAcct><Id>23147043317187</Id></PrtryAcct></Id></DbtrAcct><Cdtr><Nm>Charlotte OhAra</Nm></Cdtr><CdtrAcct><Id><PrtryAcct><Id>23008200430532</Id></PrtryAcct></Id></CdtrAcct><Prtry><Tp>Hi KAY PAMELA</Tp><Pty/></Prtry></RltdPties><RmtInf><Strd><AddtlRmtInf>NO REF</AddtlRmtInf></Strd><Strd><AddtlRmtInf>Pamela Kay TW//Hi KAY PAMELA</AddtlRmtInf></Strd></RmtInf><RltdDts><TxDtTm>2018-09-04T20:00:39</TxDtTm></RltdDts><AddtlTxInf>TW00000000392362421020180904826231470</AddtlTxInf></TxDtls><AddtlNtryInf>COMPLETE//0000//003//CREDIT</AddtlNtryInf></Ntry><Ntry><Amt Ccy="GBP">600.00</Amt><CdtDbtInd>CRDT</CdtDbtInd><Sts>BOOK</Sts><BookgDt><Dt>2018-09-05</Dt></BookgDt><BkTxCd><Prtry><Cd>SIP UKBA CR 40269</Cd></Prtry></BkTxCd><TxDtls><Refs><EndToEndId>JENNY RONALD</EndToEndId><TxId>49200707480490000N</TxId><Prtry><Tp>STO REF</Tp><Ref>0000</Ref></Prtry></Refs><RltdPties><Dbtr><Nm>RONALD J A</Nm></Dbtr><DbtrAcct><Id><PrtryAcct><Id>60092112744123</Id></PrtryAcct></Id></DbtrAcct><Cdtr><Nm>THOMAS LAMBERT</Nm></Cdtr><CdtrAcct><Id><PrtryAcct><Id>23008200204750</Id></PrtryAcct></Id></CdtrAcct><Prtry><Tp>JENNY RONALD</Tp><Pty/></Prtry></RltdPties><RmtInf><Strd><AddtlRmtInf>RONALD J A        JENNY RONALD      VIA ONLINE - PYMT</AddtlRmtInf></Strd><Strd><AddtlRmtInf>RONALD J A//JENNY RONALD</AddtlRmtInf></Strd></RmtInf><RltdDts><TxDtTm>2018-09-04T20:07:07</TxDtTm></RltdDts><AddtlTxInf>49200707480490000N1020180904826600921</AddtlTxInf></TxDtls><AddtlNtryInf>COMPLETE//0000//003//CREDIT</AddtlNtryInf></Ntry><Ntry><Amt Ccy="GBP">15.00</Amt><CdtDbtInd>CRDT</CdtDbtInd><Sts>BOOK</Sts><BookgDt><Dt>2018-09-05</Dt></BookgDt><BkTxCd><Prtry><Cd>SIP UKBA CR 40269</Cd></Prtry></BkTxCd><TxDtls><Refs><EndToEndId>NOREF</EndToEndId><TxId>CBBPI2008502013610</TxId></Refs><RltdPties><Dbtr><Nm>MARY GASKIN</Nm></Dbtr><DbtrAcct><Id><PrtryAcct><Id>82693450543353</Id></PrtryAcct></Id></DbtrAcct><Cdtr><Nm>Mum</Nm></Cdtr><CdtrAcct><Id><PrtryAcct><Id>23008200350230</Id></PrtryAcct></Id></CdtrAcct><Prtry><Tp>Mum</Tp><Pty/></Prtry></RltdPties><RmtInf><Strd><RfrdDocInf><RfrdDocTp><Prtry>002</Prtry></RfrdDocTp></RfrdDocInf><AddtlRmtInf>NO REF</AddtlRmtInf></Strd><Strd><AddtlRmtInf>MARY GASKIN//Mum</AddtlRmtInf></Strd></RmtInf><RltdDts><TxDtTm>2018-09-04T20:08:51</TxDtTm></RltdDts><AddtlTxInf>CBBPI20085020136101020180904826826934</AddtlTxInf></TxDtls><AddtlNtryInf>COMPLETE//0000//003//CREDIT</AddtlNtryInf></Ntry><Ntry><Amt Ccy="GBP">0.49</Amt><CdtDbtInd>CRDT</CdtDbtInd><Sts>BOOK</Sts><BookgDt><Dt>2018-09-05</Dt></BookgDt><BkTxCd><Prtry><Cd>SIP UKBA CR 40269</Cd></Prtry></BkTxCd><TxDtls><Refs><EndToEndId>00153425632BVWPXQV</EndToEndId><TxId>00153425632BVWPXQV</TxId></Refs><RltdPties><Dbtr><Nm>JOANNE GARAGHON</Nm></Dbtr><DbtrAcct><Id><PrtryAcct><Id>09012917808176</Id></PrtryAcct></Id></DbtrAcct><Cdtr><Nm>Arro Bank</Nm></Cdtr><CdtrAcct><Id><PrtryAcct><Id>23008200430590</Id></PrtryAcct></Id></CdtrAcct><Prtry><Tp>x</Tp><Pty/></Prtry></RltdPties><RmtInf><Strd><AddtlRmtInf>NO REF</AddtlRmtInf></Strd><Strd><AddtlRmtInf>JOANNE GARAGHON//x</AddtlRmtInf></Strd></RmtInf><RltdDts><TxDtTm>2018-09-04T20:21:27</TxDtTm></RltdDts><AddtlTxInf>00153425632BVWPXQV1020180904826090129</AddtlTxInf></TxDtls><AddtlNtryInf>COMPLETE//0000//003//CREDIT</AddtlNtryInf></Ntry><Ntry><Amt Ccy="GBP">90.00</Amt><CdtDbtInd>CRDT</CdtDbtInd><Sts>BOOK</Sts><BookgDt><Dt>2018-09-05</Dt></BookgDt><BkTxCd><Prtry><Cd>SIP UKBA CR 40269</Cd></Prtry></BkTxCd><TxDtls><Refs><EndToEndId>RACHEL</EndToEndId><TxId>14202129107137000N</TxId><Prtry><Tp>STO REF</Tp><Ref>0000</Ref></Prtry></Refs><RltdPties><Dbtr><Nm>MUTASA RK</Nm></Dbtr><DbtrAcct><Id><PrtryAcct><Id>60145568279167</Id></PrtryAcct></Id></DbtrAcct><Cdtr><Nm>PUK</Nm></Cdtr><CdtrAcct><Id><PrtryAcct><Id>23008200421902</Id></PrtryAcct></Id></CdtrAcct><Prtry><Tp>RACHEL</Tp><Pty/></Prtry></RltdPties><RmtInf><Strd><AddtlRmtInf>MUTASA RK         RACHEL            VIA MOBILE - LVP</AddtlRmtInf></Strd><Strd><AddtlRmtInf>MUTASA RK//RACHEL</AddtlRmtInf></Strd></RmtInf><RltdDts><TxDtTm>2018-09-04T20:21:29</TxDtTm></RltdDts><AddtlTxInf>14202129107137000N1020180904826601455</AddtlTxInf></TxDtls><AddtlNtryInf>COMPLETE//0000//003//CREDIT</AddtlNtryInf></Ntry></Ntfctn></BkToCstmrDbtCdtNtfctnV01></Document>