<?xml version="1.0" encoding="UTF-8"?><Document xmlns:xsi="http://www.w3.org/2001/XMLSchema-instance" xmlns="urn:iso:std:iso:20022:tech:xsd:camt.054.001.01"><BkToCstmrDbtCdtNtfctnV01><GrpHdr><MsgId>80309K//12681</MsgId><CreDtTm>2018-09-10T20:00:00</CreDtTm></GrpHdr><Ntfctn><Id>80309K//12681//1</Id><CreDtTm>2018-09-10T20:00:00</CreDtTm><Acct><Id><PrtryAcct><Id>20594233939774</Id></PrtryAcct></Id><Ccy>GBP</Ccy></Acct><TxsSummry><TtlNtries><NbOfNtries>2</NbOfNtries><Sum>58.00</Sum></TtlNtries><TtlCdtNtries><NbOfNtries>2</NbOfNtries><Sum>58.00</Sum></TtlCdtNtries><TtlDbtNtries><NbOfNtries>0</NbOfNtries><Sum>0.00</Sum></TtlDbtNtries></TxsSummry><Ntry><Amt Ccy="GBP">50.00</Amt><CdtDbtInd>CRDT</CdtDbtInd><Sts>BOOK</Sts><BookgDt><Dt>2018-09-11</Dt></BookgDt><BkTxCd><Prtry><Cd>DCA UKBA CR 40269</Cd></Prtry></BkTxCd><TxDtls><Refs><EndToEndId>NOREF</EndToEndId><TxId>000000013526399201</TxId><Prtry><Tp>STO REF</Tp><Ref>4723</Ref></Prtry></Refs><RltdPties><Dbtr><Nm>C PATRU</Nm></Dbtr><DbtrAcct><Id><PrtryAcct><Id>20035373152596</Id></PrtryAcct></Id></DbtrAcct><Cdtr><Nm>FLORIN EPINGEAC</Nm></Cdtr><CdtrAcct><Id><PrtryAcct><Id>23008200240577</Id></PrtryAcct></Id></CdtrAcct><Prtry><Tp>FLORIN EPINGEAC</Tp><Pty/></Prtry></RltdPties><RmtInf><Strd><AddtlRmtInf>NO REF</AddtlRmtInf></Strd><Strd><AddtlRmtInf>C PATRU//FLORIN EPINGEAC</AddtlRmtInf></Strd></RmtInf><RltdDts><TxDtTm>2018-09-10T19:47:42</TxDtTm></RltdDts><AddtlTxInf>0000000135263992015020180910826200353</AddtlTxInf></TxDtls><AddtlNtryInf>COMPLETE//0000//003//CREDIT</AddtlNtryInf></Ntry><Ntry><Amt Ccy="GBP">8.00</Amt><CdtDbtInd>CRDT</CdtDbtInd><Sts>BOOK</Sts><BookgDt><Dt>2018-09-11</Dt></BookgDt><BkTxCd><Prtry><Cd>SIP UKBA CR 40269</Cd></Prtry></BkTxCd><TxDtls><Refs><EndToEndId>NOREF</EndToEndId><TxId>FP18253O16439479</TxId></Refs><RltdPties><Dbtr><Nm>Baker Andrew</Nm></Dbtr><DbtrAcct><Id><PrtryAcct><Id>07043601808914</Id></PrtryAcct></Id></DbtrAcct><Cdtr><Nm>DAVID SCOTT</Nm></Cdtr><CdtrAcct><Id><PrtryAcct><Id>23008200317687</Id></PrtryAcct></Id></CdtrAcct></RltdPties><RmtInf><Strd><AddtlRmtInf>NO REF</AddtlRmtInf></Strd><Strd><AddtlRmtInf>Baker Andrew//</AddtlRmtInf></Strd></RmtInf><RltdDts><TxDtTm>2018-09-10T19:49:07</TxDtTm></RltdDts><AddtlTxInf>FP18253O16439479  1020180910826070436</AddtlTxInf></TxDtls><AddtlNtryInf>COMPLETE//0000//003//CREDIT</AddtlNtryInf></Ntry></Ntfctn></BkToCstmrDbtCdtNtfctnV01></Document>