<?xml version="1.0" encoding="UTF-8"?><Document xmlns:xsi="http://www.w3.org/2001/XMLSchema-instance" xmlns="urn:iso:std:iso:20022:tech:xsd:camt.054.001.01"><BkToCstmrDbtCdtNtfctnV01><GrpHdr><MsgId>80309K//12470</MsgId><CreDtTm>2018-09-05T22:30:00</CreDtTm></GrpHdr><Ntfctn><Id>80309K//12470//1</Id><CreDtTm>2018-09-05T22:30:00</CreDtTm><Acct><Id><PrtryAcct><Id>20594233939774</Id></PrtryAcct></Id><Ccy>GBP</Ccy></Acct><TxsSummry><TtlNtries><NbOfNtries>3</NbOfNtries><Sum>56.91</Sum></TtlNtries><TtlCdtNtries><NbOfNtries>3</NbOfNtries><Sum>56.91</Sum></TtlCdtNtries><TtlDbtNtries><NbOfNtries>0</NbOfNtries><Sum>0.00</Sum></TtlDbtNtries></TxsSummry><Ntry><Amt Ccy="GBP">0.01</Amt><CdtDbtInd>CRDT</CdtDbtInd><Sts>BOOK</Sts><BookgDt><Dt>2018-09-06</Dt></BookgDt><BkTxCd><Prtry><Cd>SIP UKBA CR 40269</Cd></Prtry></BkTxCd><TxDtls><Refs><EndToEndId>PPRD00000000AL4S7O</EndToEndId><TxId>PPRD00000000AL4S7O</TxId></Refs><RltdPties><Dbtr><Nm>PAYPAL CODE 1840</Nm><PstlAdr><AdrLine>2211 N 1st Street San Jose CA 95131</AdrLine><Ctry/></PstlAdr></Dbtr><DbtrAcct><Id><PrtryAcct><Id>23526285010101</Id></PrtryAcct></Id></DbtrAcct><Cdtr><Nm>David Dyer</Nm><PstlAdr><AdrLine>58 Edwin Street</AdrLine><Ctry/></PstlAdr></Cdtr><CdtrAcct><Id><PrtryAcct><Id>23008200431864</Id></PrtryAcct></Id></CdtrAcct><Prtry><Tp>PAYPAL CODE 1840</Tp><Pty/></Prtry></RltdPties><RmtInf><Strd><RfrdDocInf><RfrdDocTp><Prtry>002</Prtry></RfrdDocTp></RfrdDocInf><AddtlRmtInf>NO REF</AddtlRmtInf></Strd><Strd><AddtlRmtInf>PAYPAL CODE 1840//PAYPAL CODE 1840</AddtlRmtInf></Strd></RmtInf><RltdDts><TxDtTm>2018-09-05T22:12:52</TxDtTm></RltdDts><AddtlTxInf>PPRD00000000AL4S7O1020180905826235262</AddtlTxInf></TxDtls><AddtlNtryInf>COMPLETE//0000//003//CREDIT</AddtlNtryInf></Ntry><Ntry><Amt Ccy="GBP">45.00</Amt><CdtDbtInd>CRDT</CdtDbtInd><Sts>BOOK</Sts><BookgDt><Dt>2018-09-06</Dt></BookgDt><BkTxCd><Prtry><Cd>SIP UKBA CR 40269</Cd></Prtry></BkTxCd><TxDtls><Refs><EndToEndId>NOREF</EndToEndId><TxId>CBBPI2216072017443</TxId></Refs><RltdPties><Dbtr><Nm>MUHAMMAD DAUD</Nm></Dbtr><DbtrAcct><Id><PrtryAcct><Id>82690970047436</Id></PrtryAcct></Id></DbtrAcct><Cdtr><Nm>Trading trd ltd</Nm></Cdtr><CdtrAcct><Id><PrtryAcct><Id>23008200431549</Id></PrtryAcct></Id></CdtrAcct><Prtry><Tp>Thanks</Tp><Pty/></Prtry></RltdPties><RmtInf><Strd><RfrdDocInf><RfrdDocTp><Prtry>002</Prtry></RfrdDocTp></RfrdDocInf><AddtlRmtInf>NO REF</AddtlRmtInf></Strd><Strd><AddtlRmtInf>MUHAMMAD DAUD//Thanks</AddtlRmtInf></Strd></RmtInf><RltdDts><TxDtTm>2018-09-05T22:16:07</TxDtTm></RltdDts><AddtlTxInf>CBBPI22160720174431020180905826826909</AddtlTxInf></TxDtls><AddtlNtryInf>COMPLETE//0000//003//CREDIT</AddtlNtryInf></Ntry><Ntry><Amt Ccy="GBP">11.90</Amt><CdtDbtInd>CRDT</CdtDbtInd><Sts>BOOK</Sts><BookgDt><Dt>2018-09-06</Dt></BookgDt><BkTxCd><Prtry><Cd>SIP UKBA CR 40269</Cd></Prtry></BkTxCd><TxDtls><Refs><EndToEndId>00156075632BBDQCZJ</EndToEndId><TxId>00156075632BBDQCZJ</TxId></Refs><RltdPties><Dbtr><Nm>GARETH BROADBENT</Nm></Dbtr><DbtrAcct><Id><PrtryAcct><Id>09013403456282</Id></PrtryAcct></Id></DbtrAcct><Cdtr><Nm>MR G BROADBENT</Nm></Cdtr><CdtrAcct><Id><PrtryAcct><Id>23008200071549</Id></PrtryAcct></Id></CdtrAcct><Prtry><Tp>arro</Tp><Pty/></Prtry></RltdPties><RmtInf><Strd><AddtlRmtInf>NO REF</AddtlRmtInf></Strd><Strd><AddtlRmtInf>GARETH BROADBENT//arro</AddtlRmtInf></Strd></RmtInf><RltdDts><TxDtTm>2018-09-05T22:29:51</TxDtTm></RltdDts><AddtlTxInf>00156075632BBDQCZJ1020180905826090134</AddtlTxInf></TxDtls><AddtlNtryInf>COMPLETE//0000//003//CREDIT</AddtlNtryInf></Ntry></Ntfctn></BkToCstmrDbtCdtNtfctnV01></Document>