<?xml version="1.0" encoding="UTF-8"?><Document xmlns:xsi="http://www.w3.org/2001/XMLSchema-instance" xmlns="urn:iso:std:iso:20022:tech:xsd:camt.054.001.01"><BkToCstmrDbtCdtNtfctnV01><GrpHdr><MsgId>80309K//12405</MsgId><CreDtTm>2018-09-04T11:00:00</CreDtTm></GrpHdr><Ntfctn><Id>80309K//12405//1</Id><CreDtTm>2018-09-04T11:00:00</CreDtTm><Acct><Id><PrtryAcct><Id>20594233939774</Id></PrtryAcct></Id><Ccy>GBP</Ccy></Acct><TxsSummry><TtlNtries><NbOfNtries>4</NbOfNtries><Sum>1735.44</Sum></TtlNtries><TtlCdtNtries><NbOfNtries>4</NbOfNtries><Sum>1735.44</Sum></TtlCdtNtries><TtlDbtNtries><NbOfNtries>0</NbOfNtries><Sum>0.00</Sum></TtlDbtNtries></TxsSummry><Ntry><Amt Ccy="GBP">31.00</Amt><CdtDbtInd>CRDT</CdtDbtInd><Sts>BOOK</Sts><BookgDt><Dt>2018-09-04</Dt></BookgDt><BkTxCd><Prtry><Cd>SIP UKBA CR 40269</Cd></Prtry></BkTxCd><TxDtls><Refs><EndToEndId>PPWD00000000AKNR02</EndToEndId><TxId>PPWD00000000AKNR02</TxId></Refs><RltdPties><Dbtr><Nm>PayPal</Nm><PstlAdr><AdrLine>2211 N 1st Street San Jose CA 95131</AdrLine><Ctry/></PstlAdr></Dbtr><DbtrAcct><Id><PrtryAcct><Id>23526278959595</Id></PrtryAcct></Id></DbtrAcct><Cdtr><Nm>Scott  Clark</Nm><PstlAdr><AdrLine>34, Worsley Road</AdrLine><Ctry/></PstlAdr></Cdtr><CdtrAcct><Id><PrtryAcct><Id>23008200427186</Id></PrtryAcct></Id></CdtrAcct><Prtry><Tp>PPWDL5J3J2AKSK9G4W</Tp><Pty/></Prtry></RltdPties><RmtInf><Strd><RfrdDocInf><RfrdDocTp><Prtry>002</Prtry></RfrdDocTp></RfrdDocInf><AddtlRmtInf>NO REF</AddtlRmtInf></Strd><Strd><AddtlRmtInf>PayPal//PPWDL5J3J2AKSK9G4W</AddtlRmtInf></Strd></RmtInf><RltdDts><TxDtTm>2018-09-04T10:32:49</TxDtTm></RltdDts><AddtlTxInf>PPWD00000000AKNR021020180904826235262</AddtlTxInf></TxDtls><AddtlNtryInf>COMPLETE//0000//001//CREDIT</AddtlNtryInf></Ntry><Ntry><Amt Ccy="GBP">100.00</Amt><CdtDbtInd>CRDT</CdtDbtInd><Sts>BOOK</Sts><BookgDt><Dt>2018-09-04</Dt></BookgDt><BkTxCd><Prtry><Cd>SIP UKBA CR 40269</Cd></Prtry></BkTxCd><TxDtls><Refs><EndToEndId>NOREF</EndToEndId><TxId>200000000384173846</TxId></Refs><RltdPties><Dbtr><Nm>A Obatolu</Nm></Dbtr><DbtrAcct><Id><PrtryAcct><Id>30135445529868</Id></PrtryAcct></Id></DbtrAcct><Cdtr><Nm>EXPORT SOLUTION</Nm></Cdtr><CdtrAcct><Id><PrtryAcct><Id>23008200044254</Id></PrtryAcct></Id></CdtrAcct><Prtry><Tp>Mrs. Obatolu</Tp><Pty/></Prtry></RltdPties><RmtInf><Strd><AddtlRmtInf>NO REF</AddtlRmtInf></Strd><Strd><AddtlRmtInf>A Obatolu//Mrs. Obatolu</AddtlRmtInf></Strd></RmtInf><RltdDts><TxDtTm>2018-09-04T10:39:37</TxDtTm></RltdDts><AddtlTxInf>2000000003841738461020180904826301354</AddtlTxInf></TxDtls><AddtlNtryInf>COMPLETE//0000//001//CREDIT</AddtlNtryInf></Ntry><Ntry><Amt Ccy="GBP">1573.44</Amt><CdtDbtInd>CRDT</CdtDbtInd><Sts>BOOK</Sts><BookgDt><Dt>2018-09-04</Dt></BookgDt><BkTxCd><Prtry><Cd>SIP UKBA CR 40269</Cd></Prtry></BkTxCd><TxDtls><Refs><EndToEndId>00156521632BHXQWMK</EndToEndId><TxId>00156521632BHXQWMK</TxId></Refs><RltdPties><Dbtr><Nm>THE GARDEN COMPANY LIMITED</Nm></Dbtr><DbtrAcct><Id><PrtryAcct><Id>09066641293329</Id></PrtryAcct></Id></DbtrAcct><Cdtr><Nm>JACK O DONOGHUE</Nm></Cdtr><CdtrAcct><Id><PrtryAcct><Id>23008200291362</Id></PrtryAcct></Id></CdtrAcct><Prtry><Tp>The Garden Co Ltd</Tp><Pty/></Prtry></RltdPties><RmtInf><Strd><AddtlRmtInf>NO REF</AddtlRmtInf></Strd><Strd><AddtlRmtInf>THE GARDEN COMPANY//The Garden Co Ltd</AddtlRmtInf></Strd></RmtInf><RltdDts><TxDtTm>2018-09-04T10:46:50</TxDtTm></RltdDts><AddtlTxInf>00156521632BHXQWMK1020180904826090666</AddtlTxInf></TxDtls><AddtlNtryInf>COMPLETE//0000//001//CREDIT</AddtlNtryInf></Ntry><Ntry><Amt Ccy="GBP">31.00</Amt><CdtDbtInd>CRDT</CdtDbtInd><Sts>BOOK</Sts><BookgDt><Dt>2018-09-04</Dt></BookgDt><BkTxCd><Prtry><Cd>SIP UKBA CR 40269</Cd></Prtry></BkTxCd><TxDtls><Refs><EndToEndId>PPWD00000000AKNWMO</EndToEndId><TxId>PPWD00000000AKNWMO</TxId></Refs><RltdPties><Dbtr><Nm>PayPal</Nm><PstlAdr><AdrLine>2211 N 1st Street San Jose CA 95131</AdrLine><Ctry/></PstlAdr></Dbtr><DbtrAcct><Id><PrtryAcct><Id>23526278959595</Id></PrtryAcct></Id></DbtrAcct><Cdtr><Nm>Nabil  Yassine</Nm><PstlAdr><AdrLine>37, Cavendish Road</AdrLine><Ctry/></PstlAdr></Cdtr><CdtrAcct><Id><PrtryAcct><Id>23008200428918</Id></PrtryAcct></Id></CdtrAcct><Prtry><Tp>PPWDL53P22AKSKLS7E</Tp><Pty/></Prtry></RltdPties><RmtInf><Strd><RfrdDocInf><RfrdDocTp><Prtry>002</Prtry></RfrdDocTp></RfrdDocInf><AddtlRmtInf>NO REF</AddtlRmtInf></Strd><Strd><AddtlRmtInf>PayPal//PPWDL53P22AKSKLS7E</AddtlRmtInf></Strd></RmtInf><RltdDts><TxDtTm>2018-09-04T10:46:57</TxDtTm></RltdDts><AddtlTxInf>PPWD00000000AKNWMO1020180904826235262</AddtlTxInf></TxDtls><AddtlNtryInf>COMPLETE//0000//001//CREDIT</AddtlNtryInf></Ntry></Ntfctn></BkToCstmrDbtCdtNtfctnV01></Document>