<?xml version="1.0" encoding="UTF-8"?><Document xmlns:xsi="http://www.w3.org/2001/XMLSchema-instance" xmlns="urn:iso:std:iso:20022:tech:xsd:camt.054.001.01"><BkToCstmrDbtCdtNtfctnV01><GrpHdr><MsgId>80309K//12364</MsgId><CreDtTm>2018-09-03T13:30:00</CreDtTm></GrpHdr><Ntfctn><Id>80309K//12364//1</Id><CreDtTm>2018-09-03T13:30:00</CreDtTm><Acct><Id><PrtryAcct><Id>20594233939774</Id></PrtryAcct></Id><Ccy>GBP</Ccy></Acct><TxsSummry><TtlNtries><NbOfNtries>12</NbOfNtries><Sum>4323.55</Sum></TtlNtries><TtlCdtNtries><NbOfNtries>12</NbOfNtries><Sum>4323.55</Sum></TtlCdtNtries><TtlDbtNtries><NbOfNtries>0</NbOfNtries><Sum>0.00</Sum></TtlDbtNtries></TxsSummry><Ntry><Amt Ccy="GBP">800.00</Amt><CdtDbtInd>CRDT</CdtDbtInd><Sts>BOOK</Sts><BookgDt><Dt>2018-09-03</Dt></BookgDt><BkTxCd><Prtry><Cd>SIP UKBA CR 40269</Cd></Prtry></BkTxCd><TxDtls><Refs><EndToEndId>NOREF</EndToEndId><TxId>105430644031309001</TxId><Prtry><Tp>STO REF</Tp><Ref>0000</Ref></Prtry></Refs><RltdPties><Dbtr><Nm>HARVE B&amp;D</Nm></Dbtr><DbtrAcct><Id><PrtryAcct><Id>40125551103911</Id></PrtryAcct></Id></DbtrAcct><Cdtr><Nm>Mark Harvey</Nm></Cdtr><CdtrAcct><Id><PrtryAcct><Id>23008200061986</Id></PrtryAcct></Id></CdtrAcct><Prtry><Tp>Loan6</Tp><Pty/></Prtry></RltdPties><RmtInf><Strd><AddtlRmtInf>NO REF</AddtlRmtInf></Strd><Strd><AddtlRmtInf>HARVE B&amp;D//Loan6</AddtlRmtInf></Strd></RmtInf><RltdDts><TxDtTm>2018-09-03T13:04:46</TxDtTm></RltdDts><AddtlTxInf>1054306440313090011020180903826401255</AddtlTxInf></TxDtls><AddtlNtryInf>COMPLETE//0000//002//CREDIT</AddtlNtryInf></Ntry><Ntry><Amt Ccy="GBP">672.14</Amt><CdtDbtInd>CRDT</CdtDbtInd><Sts>BOOK</Sts><BookgDt><Dt>2018-09-03</Dt></BookgDt><BkTxCd><Prtry><Cd>SIP UKBA CR 40269</Cd></Prtry></BkTxCd><TxDtls><Refs><EndToEndId>PPWD00000000AKFAKO</EndToEndId><TxId>PPWD00000000AKFAKO</TxId></Refs><RltdPties><Dbtr><Nm>PayPal</Nm><PstlAdr><AdrLine>2211 N 1st Street San Jose CA 95131</AdrLine><Ctry/></PstlAdr></Dbtr><DbtrAcct><Id><PrtryAcct><Id>23526278959595</Id></PrtryAcct></Id></DbtrAcct><Cdtr><Nm>Eddie Armstrong</Nm><PstlAdr><AdrLine>26 Salisbury Avenue</AdrLine><Ctry/></PstlAdr></Cdtr><CdtrAcct><Id><PrtryAcct><Id>23008200178851</Id></PrtryAcct></Id></CdtrAcct><Prtry><Tp>PPWDL4UVJ2AKRPNHCC</Tp><Pty/></Prtry></RltdPties><RmtInf><Strd><RfrdDocInf><RfrdDocTp><Prtry>002</Prtry></RfrdDocTp></RfrdDocInf><AddtlRmtInf>NO REF</AddtlRmtInf></Strd><Strd><AddtlRmtInf>PayPal//PPWDL4UVJ2AKRPNHCC</AddtlRmtInf></Strd></RmtInf><RltdDts><TxDtTm>2018-09-03T13:07:57</TxDtTm></RltdDts><AddtlTxInf>PPWD00000000AKFAKO1020180903826235262</AddtlTxInf></TxDtls><AddtlNtryInf>COMPLETE//0000//002//CREDIT</AddtlNtryInf></Ntry><Ntry><Amt Ccy="GBP">100.00</Amt><CdtDbtInd>CRDT</CdtDbtInd><Sts>BOOK</Sts><BookgDt><Dt>2018-09-03</Dt></BookgDt><BkTxCd><Prtry><Cd>SIP UKBA CR 40269</Cd></Prtry></BkTxCd><TxDtls><Refs><EndToEndId>NOREF</EndToEndId><TxId>180903131008879907</TxId></Refs><RltdPties><Dbtr><Nm>Binta Jalloh</Nm><PstlAdr><AdrLine>HERBERT ROAD CHATHAM ME4 5PN</AdrLine><Ctry/></PstlAdr></Dbtr><DbtrAcct><Id><PrtryAcct><Id>77913434126268</Id></PrtryAcct></Id></DbtrAcct><Cdtr><Nm>master travel</Nm></Cdtr><CdtrAcct><Id><PrtryAcct><Id>23008200222854</Id></PrtryAcct></Id></CdtrAcct><Prtry><Tp>MS B JOLLAH</Tp><Pty/></Prtry></RltdPties><RmtInf><Strd><AddtlRmtInf>NO REF</AddtlRmtInf></Strd><Strd><AddtlRmtInf>Binta Jalloh//MS B JOLLAH</AddtlRmtInf></Strd></RmtInf><RltdDts><TxDtTm>2018-09-03T13:10:06</TxDtTm></RltdDts><AddtlTxInf>1809031310088799071020180903826779134</AddtlTxInf></TxDtls><AddtlNtryInf>COMPLETE//0000//002//CREDIT</AddtlNtryInf></Ntry><Ntry><Amt Ccy="GBP">74.25</Amt><CdtDbtInd>CRDT</CdtDbtInd><Sts>BOOK</Sts><BookgDt><Dt>2018-09-03</Dt></BookgDt><BkTxCd><Prtry><Cd>SIP UKBA CR 40269</Cd></Prtry></BkTxCd><TxDtls><Refs><EndToEndId>NOREF</EndToEndId><TxId>59131251444808000R</TxId><Prtry><Tp>STO REF</Tp><Ref>0000</Ref></Prtry></Refs><RltdPties><Dbtr><Nm>GC C1</Nm></Dbtr><DbtrAcct><Id><PrtryAcct><Id>16222410135836</Id></PrtryAcct></Id></DbtrAcct><Cdtr><Nm>MISS ALIA A COSTER</Nm></Cdtr><CdtrAcct><Id><PrtryAcct><Id>23008200221244</Id></PrtryAcct></Id></CdtrAcct><Prtry><Tp>CCONTENT-D3QR9QTZY</Tp><Pty/></Prtry></RltdPties><RmtInf><Strd><AddtlRmtInf>CCONTENT-D3QR9QTZY</AddtlRmtInf></Strd><Strd><AddtlRmtInf>GC C1//CCONTENT-D3QR9QTZY</AddtlRmtInf></Strd></RmtInf><RltdDts><TxDtTm>2018-09-03T13:12:51</TxDtTm></RltdDts><AddtlTxInf>59131251444808000R1020180903826162224</AddtlTxInf></TxDtls><AddtlNtryInf>COMPLETE//0000//002//CREDIT</AddtlNtryInf></Ntry><Ntry><Amt Ccy="GBP">118.16</Amt><CdtDbtInd>CRDT</CdtDbtInd><Sts>BOOK</Sts><BookgDt><Dt>2018-09-03</Dt></BookgDt><BkTxCd><Prtry><Cd>SIP UKBA CR 40269</Cd></Prtry></BkTxCd><TxDtls><Refs><EndToEndId>NOREF</EndToEndId><TxId>600000000385269535</TxId></Refs><RltdPties><Dbtr><Nm>D Ryan</Nm></Dbtr><DbtrAcct><Id><PrtryAcct><Id>80489210423267</Id></PrtryAcct></Id></DbtrAcct><Cdtr><Nm>DAMIAN RYAN</Nm></Cdtr><CdtrAcct><Id><PrtryAcct><Id>23008200036559</Id></PrtryAcct></Id></CdtrAcct></RltdPties><RmtInf><Strd><AddtlRmtInf>NO REF</AddtlRmtInf></Strd><Strd><AddtlRmtInf>D Ryan//</AddtlRmtInf></Strd></RmtInf><RltdDts><TxDtTm>2018-09-03T13:13:44</TxDtTm></RltdDts><AddtlTxInf>6000000003852695351020180903826804892</AddtlTxInf></TxDtls><AddtlNtryInf>COMPLETE//0000//002//CREDIT</AddtlNtryInf></Ntry><Ntry><Amt Ccy="GBP">1242.00</Amt><CdtDbtInd>CRDT</CdtDbtInd><Sts>BOOK</Sts><BookgDt><Dt>2018-09-03</Dt></BookgDt><BkTxCd><Prtry><Cd>SIP UKBA CR 40269</Cd></Prtry></BkTxCd><TxDtls><Refs><EndToEndId>NOREF</EndToEndId><TxId>RP4659983735943200</TxId></Refs><RltdPties><Dbtr><Nm>BARRING JK</Nm></Dbtr><DbtrAcct><Id><PrtryAcct><Id>20977800518883</Id></PrtryAcct></Id></DbtrAcct><Cdtr><Nm>T. TROLLEY</Nm></Cdtr><CdtrAcct><Id><PrtryAcct><Id>23008200427861</Id></PrtryAcct></Id></CdtrAcct><Prtry><Tp>BH77YT</Tp><Pty/></Prtry></RltdPties><RmtInf><Strd><AddtlRmtInf>NO REF</AddtlRmtInf></Strd><Strd><AddtlRmtInf>BARRING JK//BH77YT</AddtlRmtInf></Strd></RmtInf><RltdDts><TxDtTm>2018-09-03T13:13:54</TxDtTm></RltdDts><AddtlTxInf>RP46599837359432001020180903826200026</AddtlTxInf></TxDtls><AddtlNtryInf>COMPLETE//0000//002//CREDIT</AddtlNtryInf></Ntry><Ntry><Amt Ccy="GBP">50.00</Amt><CdtDbtInd>CRDT</CdtDbtInd><Sts>BOOK</Sts><BookgDt><Dt>2018-09-03</Dt></BookgDt><BkTxCd><Prtry><Cd>SIP UKBA CR 40269</Cd></Prtry></BkTxCd><TxDtls><Refs><EndToEndId>00153425632BVWCCLL</EndToEndId><TxId>00153425632BVWCCLL</TxId></Refs><RltdPties><Dbtr><Nm>JOHNSON ADEBAYO</Nm></Dbtr><DbtrAcct><Id><PrtryAcct><Id>09012904500872</Id></PrtryAcct></Id></DbtrAcct><Cdtr><Nm>TANNES SOLUTIONS</Nm></Cdtr><CdtrAcct><Id><PrtryAcct><Id>23008200220991</Id></PrtryAcct></Id></CdtrAcct><Prtry><Tp>Johnson Adebayo</Tp><Pty/></Prtry></RltdPties><RmtInf><Strd><AddtlRmtInf>NO REF</AddtlRmtInf></Strd><Strd><AddtlRmtInf>JOHNSON ADEBAYO//Johnson Adebayo</AddtlRmtInf></Strd></RmtInf><RltdDts><TxDtTm>2018-09-03T13:17:39</TxDtTm></RltdDts><AddtlTxInf>00153425632BVWCCLL1020180903826090129</AddtlTxInf></TxDtls><AddtlNtryInf>COMPLETE//0000//002//CREDIT</AddtlNtryInf></Ntry><Ntry><Amt Ccy="GBP">1000.00</Amt><CdtDbtInd>CRDT</CdtDbtInd><Sts>BOOK</Sts><BookgDt><Dt>2018-09-03</Dt></BookgDt><BkTxCd><Prtry><Cd>SIP UKBA CR 40269</Cd></Prtry></BkTxCd><TxDtls><Refs><EndToEndId>NOREF</EndToEndId><TxId>RP4679960480162000</TxId></Refs><RltdPties><Dbtr><Nm>IDAHOSA M</Nm></Dbtr><DbtrAcct><Id><PrtryAcct><Id>20025230218995</Id></PrtryAcct></Id></DbtrAcct><Cdtr><Nm>EXPORT SOLUTIONS</Nm></Cdtr><CdtrAcct><Id><PrtryAcct><Id>23008200044254</Id></PrtryAcct></Id></CdtrAcct><Prtry><Tp>MARK IDAHOSA</Tp><Pty/></Prtry></RltdPties><RmtInf><Strd><AddtlRmtInf>NO REF</AddtlRmtInf></Strd><Strd><AddtlRmtInf>IDAHOSA M//MARK IDAHOSA</AddtlRmtInf></Strd></RmtInf><RltdDts><TxDtTm>2018-09-03T13:19:43</TxDtTm></RltdDts><AddtlTxInf>RP46799604801620001020180903826200026</AddtlTxInf></TxDtls><AddtlNtryInf>COMPLETE//0000//002//CREDIT</AddtlNtryInf></Ntry><Ntry><Amt Ccy="GBP">210.00</Amt><CdtDbtInd>CRDT</CdtDbtInd><Sts>BOOK</Sts><BookgDt><Dt>2018-09-03</Dt></BookgDt><BkTxCd><Prtry><Cd>SIP UKBA CR 40269</Cd></Prtry></BkTxCd><TxDtls><Refs><EndToEndId>NOREF</EndToEndId><TxId>180903132026739055</TxId></Refs><RltdPties><Dbtr><Nm>Henry Akujor</Nm><PstlAdr><AdrLine>WILLESDEN VILLAGE WAY LONDON NW10 0</AdrLine><AdrLine>LN</AdrLine><Ctry/></PstlAdr></Dbtr><DbtrAcct><Id><PrtryAcct><Id>30938800487348</Id></PrtryAcct></Id></DbtrAcct><Cdtr><Nm>OLAWALE BETIKU</Nm></Cdtr><CdtrAcct><Id><PrtryAcct><Id>23008200037283</Id></PrtryAcct></Id></CdtrAcct></RltdPties><RmtInf><Strd><AddtlRmtInf>NO REF</AddtlRmtInf></Strd><Strd><AddtlRmtInf>Henry Akujor//</AddtlRmtInf></Strd></RmtInf><RltdDts><TxDtTm>2018-09-03T13:20:24</TxDtTm></RltdDts><AddtlTxInf>1809031320267390551020180903826309388</AddtlTxInf></TxDtls><AddtlNtryInf>COMPLETE//0000//002//CREDIT</AddtlNtryInf></Ntry><Ntry><Amt Ccy="GBP">48.00</Amt><CdtDbtInd>CRDT</CdtDbtInd><Sts>BOOK</Sts><BookgDt><Dt>2018-09-03</Dt></BookgDt><BkTxCd><Prtry><Cd>SIP UKBA CR 40269</Cd></Prtry></BkTxCd><TxDtls><Refs><EndToEndId>NOREF</EndToEndId><TxId>41132136165583000N</TxId><Prtry><Tp>STO REF</Tp><Ref>0000</Ref></Prtry></Refs><RltdPties><Dbtr><Nm>MR SADIKU SAIBU</Nm></Dbtr><DbtrAcct><Id><PrtryAcct><Id>60111318147283</Id></PrtryAcct></Id></DbtrAcct><Cdtr><Nm>CLASSIC DIFFERENCES</Nm></Cdtr><CdtrAcct><Id><PrtryAcct><Id>23008200042452</Id></PrtryAcct></Id></CdtrAcct><Prtry><Tp>CAKE</Tp><Pty/></Prtry></RltdPties><RmtInf><Strd><AddtlRmtInf>CAKE</AddtlRmtInf></Strd><Strd><AddtlRmtInf>MR SADIKU SAIBU//CAKE</AddtlRmtInf></Strd></RmtInf><RltdDts><TxDtTm>2018-09-03T13:21:36</TxDtTm></RltdDts><AddtlTxInf>41132136165583000N1020180903826601113</AddtlTxInf></TxDtls><AddtlNtryInf>COMPLETE//0000//002//CREDIT</AddtlNtryInf></Ntry><Ntry><Amt Ccy="GBP">8.00</Amt><CdtDbtInd>CRDT</CdtDbtInd><Sts>BOOK</Sts><BookgDt><Dt>2018-09-03</Dt></BookgDt><BkTxCd><Prtry><Cd>SIP UKBA CR 40269</Cd></Prtry></BkTxCd><TxDtls><Refs><EndToEndId>NOREF</EndToEndId><TxId>RP4679960480506100</TxId></Refs><RltdPties><Dbtr><Nm>PYLE R</Nm></Dbtr><DbtrAcct><Id><PrtryAcct><Id>20917953188043</Id></PrtryAcct></Id></DbtrAcct><Cdtr><Nm>CAPITAL ONE BUSINE</Nm></Cdtr><CdtrAcct><Id><PrtryAcct><Id>23008200223520</Id></PrtryAcct></Id></CdtrAcct><Prtry><Tp>RP</Tp><Pty/></Prtry></RltdPties><RmtInf><Strd><AddtlRmtInf>NO REF</AddtlRmtInf></Strd><Strd><AddtlRmtInf>PYLE R//RP</AddtlRmtInf></Strd></RmtInf><RltdDts><TxDtTm>2018-09-03T13:22:41</TxDtTm></RltdDts><AddtlTxInf>RP46799604805061001020180903826200026</AddtlTxInf></TxDtls><AddtlNtryInf>COMPLETE//0000//002//CREDIT</AddtlNtryInf></Ntry><Ntry><Amt Ccy="GBP">1.00</Amt><CdtDbtInd>CRDT</CdtDbtInd><Sts>BOOK</Sts><BookgDt><Dt>2018-09-03</Dt></BookgDt><BkTxCd><Prtry><Cd>SIP UKBA CR 40269</Cd></Prtry></BkTxCd><TxDtls><Refs><EndToEndId>NOREF</EndToEndId><TxId>200000000383887772</TxId></Refs><RltdPties><Dbtr><Nm>N Omar</Nm></Dbtr><DbtrAcct><Id><PrtryAcct><Id>11051612491569</Id></PrtryAcct></Id></DbtrAcct><Cdtr><Nm>OSAS</Nm></Cdtr><CdtrAcct><Id><PrtryAcct><Id>23008200426714</Id></PrtryAcct></Id></CdtrAcct><Prtry><Tp>CASH</Tp><Pty/></Prtry></RltdPties><RmtInf><Strd><AddtlRmtInf>NO REF</AddtlRmtInf></Strd><Strd><AddtlRmtInf>N Omar//CASH</AddtlRmtInf></Strd></RmtInf><RltdDts><TxDtTm>2018-09-03T13:22:49</TxDtTm></RltdDts><AddtlTxInf>2000000003838877721020180903826110516</AddtlTxInf></TxDtls><AddtlNtryInf>COMPLETE//0000//002//CREDIT</AddtlNtryInf></Ntry></Ntfctn></BkToCstmrDbtCdtNtfctnV01></Document>