<?xml version="1.0" encoding="UTF-8"?><Document xmlns:xsi="http://www.w3.org/2001/XMLSchema-instance" xmlns="urn:iso:std:iso:20022:tech:xsd:camt.054.001.01"><BkToCstmrDbtCdtNtfctnV01><GrpHdr><MsgId>80309K//13325</MsgId><CreDtTm>2018-09-25T19:00:00</CreDtTm></GrpHdr><Ntfctn><Id>80309K//13325//1</Id><CreDtTm>2018-09-25T19:00:00</CreDtTm><Acct><Id><PrtryAcct><Id>20594233939774</Id></PrtryAcct></Id><Ccy>GBP</Ccy></Acct><TxsSummry><TtlNtries><NbOfNtries>10</NbOfNtries><Sum>2179.00</Sum></TtlNtries><TtlCdtNtries><NbOfNtries>10</NbOfNtries><Sum>2179.00</Sum></TtlCdtNtries><TtlDbtNtries><NbOfNtries>0</NbOfNtries><Sum>0.00</Sum></TtlDbtNtries></TxsSummry><Ntry><Amt Ccy="GBP">45.00</Amt><CdtDbtInd>CRDT</CdtDbtInd><Sts>BOOK</Sts><BookgDt><Dt>2018-09-26</Dt></BookgDt><BkTxCd><Prtry><Cd>SIP UKBA CR 40269</Cd></Prtry></BkTxCd><TxDtls><Refs><EndToEndId>ANNE</EndToEndId><TxId>38183204834246000N</TxId><Prtry><Tp>STO REF</Tp><Ref>0000</Ref></Prtry></Refs><RltdPties><Dbtr><Nm>IHEANACHO EC</Nm></Dbtr><DbtrAcct><Id><PrtryAcct><Id>56006437988972</Id></PrtryAcct></Id></DbtrAcct><Cdtr><Nm>TANNES SOLUTIONS</Nm></Cdtr><CdtrAcct><Id><PrtryAcct><Id>23008200220991</Id></PrtryAcct></Id></CdtrAcct><Prtry><Tp>ANNE</Tp><Pty/></Prtry></RltdPties><RmtInf><Strd><AddtlRmtInf>IHEANACHO EC      ANNE              VIA MOBILE - LVP</AddtlRmtInf></Strd><Strd><AddtlRmtInf>IHEANACHO EC//ANNE</AddtlRmtInf></Strd></RmtInf><RltdDts><TxDtTm>2018-09-25T18:32:05</TxDtTm></RltdDts><AddtlTxInf>38183204834246000N1020180925826560064</AddtlTxInf></TxDtls><AddtlNtryInf>COMPLETE//0000//003//CREDIT</AddtlNtryInf></Ntry><Ntry><Amt Ccy="GBP">100.00</Amt><CdtDbtInd>CRDT</CdtDbtInd><Sts>BOOK</Sts><BookgDt><Dt>2018-09-26</Dt></BookgDt><BkTxCd><Prtry><Cd>SIP UKBA CR 40269</Cd></Prtry></BkTxCd><TxDtls><Refs><EndToEndId>NOREF</EndToEndId><TxId>100000000390147491</TxId></Refs><RltdPties><Dbtr><Nm>M Brennan</Nm></Dbtr><DbtrAcct><Id><PrtryAcct><Id>11645723220468</Id></PrtryAcct></Id></DbtrAcct><Cdtr><Nm>MARK BRENNAN</Nm></Cdtr><CdtrAcct><Id><PrtryAcct><Id>23008200403768</Id></PrtryAcct></Id></CdtrAcct></RltdPties><RmtInf><Strd><AddtlRmtInf>NO REF</AddtlRmtInf></Strd><Strd><AddtlRmtInf>M Brennan//</AddtlRmtInf></Strd></RmtInf><RltdDts><TxDtTm>2018-09-25T18:38:29</TxDtTm></RltdDts><AddtlTxInf>1000000003901474911020180925826116457</AddtlTxInf></TxDtls><AddtlNtryInf>COMPLETE//0000//003//CREDIT</AddtlNtryInf></Ntry><Ntry><Amt Ccy="GBP">250.00</Amt><CdtDbtInd>CRDT</CdtDbtInd><Sts>BOOK</Sts><BookgDt><Dt>2018-09-26</Dt></BookgDt><BkTxCd><Prtry><Cd>SIP UKBA CR 40269</Cd></Prtry></BkTxCd><TxDtls><Refs><EndToEndId>TRAVEL</EndToEndId><TxId>15184313580325000N</TxId><Prtry><Tp>STO REF</Tp><Ref>0000</Ref></Prtry></Refs><RltdPties><Dbtr><Nm>FARMER CS</Nm></Dbtr><DbtrAcct><Id><PrtryAcct><Id>60233682539782</Id></PrtryAcct></Id></DbtrAcct><Cdtr><Nm>BEN MORUTHANE</Nm></Cdtr><CdtrAcct><Id><PrtryAcct><Id>23008200209247</Id></PrtryAcct></Id></CdtrAcct><Prtry><Tp>TRAVEL</Tp><Pty/></Prtry></RltdPties><RmtInf><Strd><AddtlRmtInf>FARMER CS         TRAVEL            VIA MOBILE - LVP</AddtlRmtInf></Strd><Strd><AddtlRmtInf>FARMER CS//TRAVEL</AddtlRmtInf></Strd></RmtInf><RltdDts><TxDtTm>2018-09-25T18:43:13</TxDtTm></RltdDts><AddtlTxInf>15184313580325000N1020180925826602336</AddtlTxInf></TxDtls><AddtlNtryInf>COMPLETE//0000//003//CREDIT</AddtlNtryInf></Ntry><Ntry><Amt Ccy="GBP">50.00</Amt><CdtDbtInd>CRDT</CdtDbtInd><Sts>BOOK</Sts><BookgDt><Dt>2018-09-26</Dt></BookgDt><BkTxCd><Prtry><Cd>SIP UKBA CR 40269</Cd></Prtry></BkTxCd><TxDtls><Refs><EndToEndId>00151267632BBDZWPL</EndToEndId><TxId>00151267632BBDZWPL</TxId></Refs><RltdPties><Dbtr><Nm>CLARE FARMER</Nm></Dbtr><DbtrAcct><Id><PrtryAcct><Id>09012679511277</Id></PrtryAcct></Id></DbtrAcct><Cdtr><Nm>BENEDICT ARRO</Nm></Cdtr><CdtrAcct><Id><PrtryAcct><Id>23008200209247</Id></PrtryAcct></Id></CdtrAcct><Prtry><Tp>Household</Tp><Pty/></Prtry></RltdPties><RmtInf><Strd><AddtlRmtInf>NO REF</AddtlRmtInf></Strd><Strd><AddtlRmtInf>CLARE FARMER//Household</AddtlRmtInf></Strd></RmtInf><RltdDts><TxDtTm>2018-09-25T18:45:14</TxDtTm></RltdDts><AddtlTxInf>00151267632BBDZWPL1020180925826090126</AddtlTxInf></TxDtls><AddtlNtryInf>COMPLETE//0000//003//CREDIT</AddtlNtryInf></Ntry><Ntry><Amt Ccy="GBP">610.00</Amt><CdtDbtInd>CRDT</CdtDbtInd><Sts>BOOK</Sts><BookgDt><Dt>2018-09-26</Dt></BookgDt><BkTxCd><Prtry><Cd>SIP UKBA CR 40269</Cd></Prtry></BkTxCd><TxDtls><Refs><EndToEndId>NOREF</EndToEndId><TxId>300000000395454367</TxId></Refs><RltdPties><Dbtr><Nm>B Flanagan</Nm></Dbtr><DbtrAcct><Id><PrtryAcct><Id>11046611923661</Id></PrtryAcct></Id></DbtrAcct><Cdtr><Nm>CRAIG STABLES</Nm></Cdtr><CdtrAcct><Id><PrtryAcct><Id>23008200165405</Id></PrtryAcct></Id></CdtrAcct><Prtry><Tp>RENT</Tp><Pty/></Prtry></RltdPties><RmtInf><Strd><AddtlRmtInf>NO REF</AddtlRmtInf></Strd><Strd><AddtlRmtInf>B Flanagan//RENT</AddtlRmtInf></Strd></RmtInf><RltdDts><TxDtTm>2018-09-25T18:45:44</TxDtTm></RltdDts><AddtlTxInf>3000000003954543671020180925826110466</AddtlTxInf></TxDtls><AddtlNtryInf>COMPLETE//0000//003//CREDIT</AddtlNtryInf></Ntry><Ntry><Amt Ccy="GBP">450.00</Amt><CdtDbtInd>CRDT</CdtDbtInd><Sts>BOOK</Sts><BookgDt><Dt>2018-09-26</Dt></BookgDt><BkTxCd><Prtry><Cd>SIP UKBA CR 40269</Cd></Prtry></BkTxCd><TxDtls><Refs><EndToEndId>NOREF</EndToEndId><TxId>000000000128497456</TxId></Refs><RltdPties><Dbtr><Nm>MR Y CETINKAYA</Nm></Dbtr><DbtrAcct><Id><PrtryAcct><Id>08924916154966</Id></PrtryAcct></Id></DbtrAcct><Cdtr><Nm>C BAYLEY</Nm></Cdtr><CdtrAcct><Id><PrtryAcct><Id>23008200043906</Id></PrtryAcct></Id></CdtrAcct><Prtry><Tp>YILMAZ CETINKAYA</Tp><Pty/></Prtry></RltdPties><RmtInf><Strd><AddtlRmtInf>NO REF</AddtlRmtInf></Strd><Strd><AddtlRmtInf>MR Y CETINKAYA//YILMAZ CETINKAYA</AddtlRmtInf></Strd></RmtInf><RltdDts><TxDtTm>2018-09-25T18:46:36</TxDtTm></RltdDts><AddtlTxInf>0000000001284974561020180925826089249</AddtlTxInf></TxDtls><AddtlNtryInf>COMPLETE//0000//003//CREDIT</AddtlNtryInf></Ntry><Ntry><Amt Ccy="GBP">70.00</Amt><CdtDbtInd>CRDT</CdtDbtInd><Sts>BOOK</Sts><BookgDt><Dt>2018-09-26</Dt></BookgDt><BkTxCd><Prtry><Cd>SIP UKBA CR 40269</Cd></Prtry></BkTxCd><TxDtls><Refs><EndToEndId>NOREF</EndToEndId><TxId>200000000390141372</TxId></Refs><RltdPties><Dbtr><Nm>E Solidoro</Nm></Dbtr><DbtrAcct><Id><PrtryAcct><Id>30996431562160</Id></PrtryAcct></Id></DbtrAcct><Cdtr><Nm>ENZO SOLIDORO</Nm></Cdtr><CdtrAcct><Id><PrtryAcct><Id>23008200136154</Id></PrtryAcct></Id></CdtrAcct><Prtry><Tp>BILL</Tp><Pty/></Prtry></RltdPties><RmtInf><Strd><AddtlRmtInf>NO REF</AddtlRmtInf></Strd><Strd><AddtlRmtInf>E Solidoro//BILL</AddtlRmtInf></Strd></RmtInf><RltdDts><TxDtTm>2018-09-25T18:47:57</TxDtTm></RltdDts><AddtlTxInf>2000000003901413721020180925826309964</AddtlTxInf></TxDtls><AddtlNtryInf>COMPLETE//0000//003//CREDIT</AddtlNtryInf></Ntry><Ntry><Amt Ccy="GBP">10.00</Amt><CdtDbtInd>CRDT</CdtDbtInd><Sts>BOOK</Sts><BookgDt><Dt>2018-09-26</Dt></BookgDt><BkTxCd><Prtry><Cd>SIP UKBA CR 40269</Cd></Prtry></BkTxCd><TxDtls><Refs><EndToEndId>HELLO</EndToEndId><TxId>35185140099026000N</TxId><Prtry><Tp>STO REF</Tp><Ref>0000</Ref></Prtry></Refs><RltdPties><Dbtr><Nm>SALIMU MB</Nm></Dbtr><DbtrAcct><Id><PrtryAcct><Id>60204545103100</Id></PrtryAcct></Id></DbtrAcct><Cdtr><Nm>MR CALVIN SALIMU</Nm></Cdtr><CdtrAcct><Id><PrtryAcct><Id>23008200239269</Id></PrtryAcct></Id></CdtrAcct><Prtry><Tp>HELLO</Tp><Pty/></Prtry></RltdPties><RmtInf><Strd><AddtlRmtInf>SALIMU MB         HELLO             VIA MOBILE - LVP</AddtlRmtInf></Strd><Strd><AddtlRmtInf>SALIMU MB//HELLO</AddtlRmtInf></Strd></RmtInf><RltdDts><TxDtTm>2018-09-25T18:51:40</TxDtTm></RltdDts><AddtlTxInf>35185140099026000N1020180925826602045</AddtlTxInf></TxDtls><AddtlNtryInf>COMPLETE//0000//003//CREDIT</AddtlNtryInf></Ntry><Ntry><Amt Ccy="GBP">244.00</Amt><CdtDbtInd>CRDT</CdtDbtInd><Sts>BOOK</Sts><BookgDt><Dt>2018-09-26</Dt></BookgDt><BkTxCd><Prtry><Cd>SIP UKBA CR 40269</Cd></Prtry></BkTxCd><TxDtls><Refs><EndToEndId>NOREF</EndToEndId><TxId>500000000391807644</TxId></Refs><RltdPties><Dbtr><Nm>B Flanagan</Nm></Dbtr><DbtrAcct><Id><PrtryAcct><Id>11046611923661</Id></PrtryAcct></Id></DbtrAcct><Cdtr><Nm>CRAIG STABLES</Nm></Cdtr><CdtrAcct><Id><PrtryAcct><Id>23008200165405</Id></PrtryAcct></Id></CdtrAcct><Prtry><Tp>RENT</Tp><Pty/></Prtry></RltdPties><RmtInf><Strd><AddtlRmtInf>NO REF</AddtlRmtInf></Strd><Strd><AddtlRmtInf>B Flanagan//RENT</AddtlRmtInf></Strd></RmtInf><RltdDts><TxDtTm>2018-09-25T18:51:57</TxDtTm></RltdDts><AddtlTxInf>5000000003918076441020180925826110466</AddtlTxInf></TxDtls><AddtlNtryInf>COMPLETE//0000//003//CREDIT</AddtlNtryInf></Ntry><Ntry><Amt Ccy="GBP">350.00</Amt><CdtDbtInd>CRDT</CdtDbtInd><Sts>BOOK</Sts><BookgDt><Dt>2018-09-26</Dt></BookgDt><BkTxCd><Prtry><Cd>SIP UKBA CR 40269</Cd></Prtry></BkTxCd><TxDtls><Refs><EndToEndId>NOREF</EndToEndId><TxId>180925185347722228</TxId></Refs><RltdPties><Dbtr><Nm>Christopher Skerrett</Nm></Dbtr><DbtrAcct><Id><PrtryAcct><Id>77310437379160</Id></PrtryAcct></Id></DbtrAcct><Cdtr><Nm>O johnson</Nm></Cdtr><CdtrAcct><Id><PrtryAcct><Id>23008200221522</Id></PrtryAcct></Id></CdtrAcct></RltdPties><RmtInf><Strd><AddtlRmtInf>NO REF</AddtlRmtInf></Strd><Strd><AddtlRmtInf>Christopher Skerre//</AddtlRmtInf></Strd></RmtInf><RltdDts><TxDtTm>2018-09-25T18:53:44</TxDtTm></RltdDts><AddtlTxInf>1809251853477222281020180925826773104</AddtlTxInf></TxDtls><AddtlNtryInf>COMPLETE//0000//003//CREDIT</AddtlNtryInf></Ntry></Ntfctn></BkToCstmrDbtCdtNtfctnV01></Document>