<?xml version="1.0" encoding="UTF-8"?><Document xmlns:xsi="http://www.w3.org/2001/XMLSchema-instance" xmlns="urn:iso:std:iso:20022:tech:xsd:camt.054.001.01"><BkToCstmrDbtCdtNtfctnV01><GrpHdr><MsgId>80309K//12316</MsgId><CreDtTm>2018-09-02T12:00:00</CreDtTm></GrpHdr><Ntfctn><Id>80309K//12316//1</Id><CreDtTm>2018-09-02T12:00:00</CreDtTm><Acct><Id><PrtryAcct><Id>20594233939774</Id></PrtryAcct></Id><Ccy>GBP</Ccy></Acct><TxsSummry><TtlNtries><NbOfNtries>4</NbOfNtries><Sum>1335.79</Sum></TtlNtries><TtlCdtNtries><NbOfNtries>4</NbOfNtries><Sum>1335.79</Sum></TtlCdtNtries><TtlDbtNtries><NbOfNtries>0</NbOfNtries><Sum>0.00</Sum></TtlDbtNtries></TxsSummry><Ntry><Amt Ccy="GBP">15.00</Amt><CdtDbtInd>CRDT</CdtDbtInd><Sts>BOOK</Sts><BookgDt><Dt>2018-09-03</Dt></BookgDt><BkTxCd><Prtry><Cd>SIP UKBA CR 40269</Cd></Prtry></BkTxCd><TxDtls><Refs><EndToEndId>NOREF</EndToEndId><TxId>RP4679960387831700</TxId></Refs><RltdPties><Dbtr><Nm>IKUDAISI JAO</Nm></Dbtr><DbtrAcct><Id><PrtryAcct><Id>20498140085103</Id></PrtryAcct></Id></DbtrAcct><Cdtr><Nm>ELIZABETH SAWYER</Nm></Cdtr><CdtrAcct><Id><PrtryAcct><Id>23008200351803</Id></PrtryAcct></Id></CdtrAcct><Prtry><Tp>JOSEPH IKUDAISI</Tp><Pty/></Prtry></RltdPties><RmtInf><Strd><AddtlRmtInf>NO REF</AddtlRmtInf></Strd><Strd><AddtlRmtInf>IKUDAISI JAO//JOSEPH IKUDAISI</AddtlRmtInf></Strd></RmtInf><RltdDts><TxDtTm>2018-09-02T11:38:20</TxDtTm></RltdDts><AddtlTxInf>RP46799603878317001020180902826200026</AddtlTxInf></TxDtls><AddtlNtryInf>COMPLETE//0000//003//CREDIT</AddtlNtryInf></Ntry><Ntry><Amt Ccy="GBP">0.79</Amt><CdtDbtInd>CRDT</CdtDbtInd><Sts>BOOK</Sts><BookgDt><Dt>2018-09-03</Dt></BookgDt><BkTxCd><Prtry><Cd>SIP UKBA CR 40269</Cd></Prtry></BkTxCd><TxDtls><Refs><EndToEndId>SWJ001</EndToEndId><TxId>35114631677231000N</TxId><Prtry><Tp>STO REF</Tp><Ref>0000</Ref></Prtry></Refs><RltdPties><Dbtr><Nm>JENNINGS SW</Nm></Dbtr><DbtrAcct><Id><PrtryAcct><Id>60130841130006</Id></PrtryAcct></Id></DbtrAcct><Cdtr><Nm>PETROL</Nm></Cdtr><CdtrAcct><Id><PrtryAcct><Id>23008200285289</Id></PrtryAcct></Id></CdtrAcct><Prtry><Tp>SWJ001</Tp><Pty/></Prtry></RltdPties><RmtInf><Strd><AddtlRmtInf>JENNINGS SW       SWJ001            VIA MOBILE - LVP</AddtlRmtInf></Strd><Strd><AddtlRmtInf>JENNINGS SW//SWJ001</AddtlRmtInf></Strd></RmtInf><RltdDts><TxDtTm>2018-09-02T11:46:32</TxDtTm></RltdDts><AddtlTxInf>35114631677231000N1020180902826601308</AddtlTxInf></TxDtls><AddtlNtryInf>COMPLETE//0000//003//CREDIT</AddtlNtryInf></Ntry><Ntry><Amt Ccy="GBP">1250.00</Amt><CdtDbtInd>CRDT</CdtDbtInd><Sts>BOOK</Sts><BookgDt><Dt>2018-09-03</Dt></BookgDt><BkTxCd><Prtry><Cd>SIP UKBA CR 40269</Cd></Prtry></BkTxCd><TxDtls><Refs><EndToEndId>NOREF</EndToEndId><TxId>RP4679960388395300</TxId></Refs><RltdPties><Dbtr><Nm>RODGERS P J</Nm></Dbtr><DbtrAcct><Id><PrtryAcct><Id>20020633504042</Id></PrtryAcct></Id></DbtrAcct><Cdtr><Nm>ROB MACGREGOR</Nm></Cdtr><CdtrAcct><Id><PrtryAcct><Id>23008200370075</Id></PrtryAcct></Id></CdtrAcct><Prtry><Tp>FURNITURE</Tp><Pty/></Prtry></RltdPties><RmtInf><Strd><AddtlRmtInf>NO REF</AddtlRmtInf></Strd><Strd><AddtlRmtInf>RODGERS P J//FURNITURE</AddtlRmtInf></Strd></RmtInf><RltdDts><TxDtTm>2018-09-02T11:47:06</TxDtTm></RltdDts><AddtlTxInf>RP46799603883953001020180902826200026</AddtlTxInf></TxDtls><AddtlNtryInf>COMPLETE//0000//003//CREDIT</AddtlNtryInf></Ntry><Ntry><Amt Ccy="GBP">70.00</Amt><CdtDbtInd>CRDT</CdtDbtInd><Sts>BOOK</Sts><BookgDt><Dt>2018-09-03</Dt></BookgDt><BkTxCd><Prtry><Cd>SIP UKBA CR 40269</Cd></Prtry></BkTxCd><TxDtls><Refs><EndToEndId>KAIDEN</EndToEndId><TxId>02115520923420000N</TxId><Prtry><Tp>STO REF</Tp><Ref>0000</Ref></Prtry></Refs><RltdPties><Dbtr><Nm>TURNER K</Nm></Dbtr><DbtrAcct><Id><PrtryAcct><Id>55503662141791</Id></PrtryAcct></Id></DbtrAcct><Cdtr><Nm>CARLA BYCRAFT</Nm></Cdtr><CdtrAcct><Id><PrtryAcct><Id>23008200292739</Id></PrtryAcct></Id></CdtrAcct><Prtry><Tp>KAIDEN</Tp><Pty/></Prtry></RltdPties><RmtInf><Strd><AddtlRmtInf>TURNER K          KAIDEN            VIA MOBILE - LVP</AddtlRmtInf></Strd><Strd><AddtlRmtInf>TURNER K//KAIDEN</AddtlRmtInf></Strd></RmtInf><RltdDts><TxDtTm>2018-09-02T11:55:21</TxDtTm></RltdDts><AddtlTxInf>02115520923420000N1020180902826555036</AddtlTxInf></TxDtls><AddtlNtryInf>COMPLETE//0000//003//CREDIT</AddtlNtryInf></Ntry></Ntfctn></BkToCstmrDbtCdtNtfctnV01></Document>