<?xml version="1.0" encoding="UTF-8"?><Document xmlns:xsi="http://www.w3.org/2001/XMLSchema-instance" xmlns="urn:iso:std:iso:20022:tech:xsd:camt.054.001.01"><BkToCstmrDbtCdtNtfctnV01><GrpHdr><MsgId>80309K//13336</MsgId><CreDtTm>2018-09-26T00:30:00</CreDtTm></GrpHdr><Ntfctn><Id>80309K//13336//1</Id><CreDtTm>2018-09-26T00:30:00</CreDtTm><Acct><Id><PrtryAcct><Id>20594233939774</Id></PrtryAcct></Id><Ccy>GBP</Ccy></Acct><TxsSummry><TtlNtries><NbOfNtries>5</NbOfNtries><Sum>227.37</Sum></TtlNtries><TtlCdtNtries><NbOfNtries>5</NbOfNtries><Sum>227.37</Sum></TtlCdtNtries><TtlDbtNtries><NbOfNtries>0</NbOfNtries><Sum>0.00</Sum></TtlDbtNtries></TxsSummry><Ntry><Amt Ccy="GBP">128.00</Amt><CdtDbtInd>CRDT</CdtDbtInd><Sts>BOOK</Sts><BookgDt><Dt>2018-09-26</Dt></BookgDt><BkTxCd><Prtry><Cd>SIP UKBA CR 40269</Cd></Prtry></BkTxCd><TxDtls><Refs><EndToEndId>NOREF</EndToEndId><TxId>P3DHU02ZE8NAML8T60</TxId></Refs><RltdPties><Dbtr><Nm>Gus Nado</Nm><PstlAdr><AdrLine>121 Henshall Avenue, WA4 1XF</AdrLine><Ctry/></PstlAdr></Dbtr><DbtrAcct><Id><PrtryAcct><Id>04000420584983</Id></PrtryAcct></Id></DbtrAcct><Cdtr><Nm>Mr Nado</Nm></Cdtr><CdtrAcct><Id><PrtryAcct><Id>23008200149542</Id></PrtryAcct></Id></CdtrAcct><Prtry><Tp>Bills</Tp><Pty/></Prtry></RltdPties><RmtInf><Strd><AddtlRmtInf>NO REF</AddtlRmtInf></Strd><Strd><AddtlRmtInf>Gus Nado//Bills</AddtlRmtInf></Strd></RmtInf><RltdDts><TxDtTm>2018-09-26T00:03:57</TxDtTm></RltdDts><AddtlTxInf>P3DHU02ZE8NAML8T601020180925826040004</AddtlTxInf></TxDtls><AddtlNtryInf>COMPLETE//0000//003//CREDIT</AddtlNtryInf></Ntry><Ntry><Amt Ccy="GBP">51.37</Amt><CdtDbtInd>CRDT</CdtDbtInd><Sts>BOOK</Sts><BookgDt><Dt>2018-09-26</Dt></BookgDt><BkTxCd><Prtry><Cd>SIP UKBA CR 40269</Cd></Prtry></BkTxCd><TxDtls><Refs><EndToEndId>NOREF</EndToEndId><TxId>RP4679962248671700</TxId></Refs><RltdPties><Dbtr><Nm>SLATTER C</Nm></Dbtr><DbtrAcct><Id><PrtryAcct><Id>20262340758582</Id></PrtryAcct></Id></DbtrAcct><Cdtr><Nm>MR CHRIS SLATTER</Nm></Cdtr><CdtrAcct><Id><PrtryAcct><Id>23008200018934</Id></PrtryAcct></Id></CdtrAcct><Prtry><Tp>BANK</Tp><Pty/></Prtry></RltdPties><RmtInf><Strd><AddtlRmtInf>NO REF</AddtlRmtInf></Strd><Strd><AddtlRmtInf>SLATTER C//BANK</AddtlRmtInf></Strd></RmtInf><RltdDts><TxDtTm>2018-09-26T00:08:42</TxDtTm></RltdDts><AddtlTxInf>RP46799622486717001020180926826200026</AddtlTxInf></TxDtls><AddtlNtryInf>COMPLETE//0000//003//CREDIT</AddtlNtryInf></Ntry><Ntry><Amt Ccy="GBP">15.00</Amt><CdtDbtInd>CRDT</CdtDbtInd><Sts>BOOK</Sts><BookgDt><Dt>2018-09-26</Dt></BookgDt><BkTxCd><Prtry><Cd>DCA UKBA CR 40269</Cd></Prtry></BkTxCd><TxDtls><Refs><EndToEndId>NOREF</EndToEndId><TxId>000000013668516201</TxId><Prtry><Tp>STO REF</Tp><Ref>0000</Ref></Prtry></Refs><RltdPties><Dbtr><Nm>23630701584280</Nm></Dbtr><DbtrAcct><Id><PrtryAcct><Id>20594243523659</Id></PrtryAcct></Id></DbtrAcct><Cdtr><Nm>JASON MALCOLM DEAN</Nm></Cdtr><CdtrAcct><Id><PrtryAcct><Id>23008200408734</Id></PrtryAcct></Id></CdtrAcct><Prtry><Tp>7SK16607EN0684905</Tp><Pty/></Prtry></RltdPties><RmtInf><Strd><AddtlRmtInf>NO REF</AddtlRmtInf></Strd><Strd><AddtlRmtInf>23630701584280//7SK16607EN0684905</AddtlRmtInf></Strd></RmtInf><RltdDts><TxDtTm>2018-09-26T00:16:31</TxDtTm></RltdDts><AddtlTxInf>0000000136685162015020180926826205942</AddtlTxInf></TxDtls><AddtlNtryInf>COMPLETE//0000//003//CREDIT</AddtlNtryInf></Ntry><Ntry><Amt Ccy="GBP">30.00</Amt><CdtDbtInd>CRDT</CdtDbtInd><Sts>BOOK</Sts><BookgDt><Dt>2018-09-26</Dt></BookgDt><BkTxCd><Prtry><Cd>DCA UKBA CR 40269</Cd></Prtry></BkTxCd><TxDtls><Refs><EndToEndId>NOREF</EndToEndId><TxId>000000013668515401</TxId><Prtry><Tp>STO REF</Tp><Ref>0000</Ref></Prtry></Refs><RltdPties><Dbtr><Nm>23630701583485</Nm></Dbtr><DbtrAcct><Id><PrtryAcct><Id>20594243523659</Id></PrtryAcct></Id></DbtrAcct><Cdtr><Nm>MARC SHORE</Nm></Cdtr><CdtrAcct><Id><PrtryAcct><Id>23008200407764</Id></PrtryAcct></Id></CdtrAcct><Prtry><Tp>8EJ84940U8372022W</Tp><Pty/></Prtry></RltdPties><RmtInf><Strd><AddtlRmtInf>NO REF</AddtlRmtInf></Strd><Strd><AddtlRmtInf>23630701583485//8EJ84940U8372022W</AddtlRmtInf></Strd></RmtInf><RltdDts><TxDtTm>2018-09-26T00:16:31</TxDtTm></RltdDts><AddtlTxInf>0000000136685154015020180926826205942</AddtlTxInf></TxDtls><AddtlNtryInf>COMPLETE//0000//003//CREDIT</AddtlNtryInf></Ntry><Ntry><Amt Ccy="GBP">3.00</Amt><CdtDbtInd>CRDT</CdtDbtInd><Sts>BOOK</Sts><BookgDt><Dt>2018-09-26</Dt></BookgDt><BkTxCd><Prtry><Cd>STO UKBA CR 40267</Cd></Prtry></BkTxCd><TxDtls><Refs><EndToEndId>00153425632BWFXGDJ</EndToEndId><TxId>00153425632BWFXGDJ</TxId></Refs><RltdPties><Dbtr><Nm>ELEANOR LEWIS</Nm></Dbtr><DbtrAcct><Id><PrtryAcct><Id>09012807587358</Id></PrtryAcct></Id></DbtrAcct><Cdtr><Nm>Blankcanvasmissi</Nm></Cdtr><CdtrAcct><Id><PrtryAcct><Id>23008200037066</Id></PrtryAcct></Id></CdtrAcct><Prtry><Tp>Breakfast</Tp><Pty/></Prtry></RltdPties><RmtInf><Strd><AddtlRmtInf>NO REF</AddtlRmtInf></Strd><Strd><AddtlRmtInf>ELEANOR LEWIS//Breakfast</AddtlRmtInf></Strd></RmtInf><RltdDts><TxDtTm>2018-09-26T00:29:41</TxDtTm></RltdDts><AddtlTxInf>00153425632BWFXGDJ3020180926826090128</AddtlTxInf></TxDtls><AddtlNtryInf>COMPLETE//0000//003//CREDIT</AddtlNtryInf></Ntry></Ntfctn></BkToCstmrDbtCdtNtfctnV01></Document>