<?xml version="1.0" encoding="UTF-8"?><Document xmlns:xsi="http://www.w3.org/2001/XMLSchema-instance" xmlns="urn:iso:std:iso:20022:tech:xsd:camt.054.001.01"><BkToCstmrDbtCdtNtfctnV01><GrpHdr><MsgId>80309K//12985</MsgId><CreDtTm>2018-09-17T22:00:00</CreDtTm></GrpHdr><Ntfctn><Id>80309K//12985//1</Id><CreDtTm>2018-09-17T22:00:00</CreDtTm><Acct><Id><PrtryAcct><Id>20594233939774</Id></PrtryAcct></Id><Ccy>GBP</Ccy></Acct><TxsSummry><TtlNtries><NbOfNtries>4</NbOfNtries><Sum>410.01</Sum></TtlNtries><TtlCdtNtries><NbOfNtries>4</NbOfNtries><Sum>410.01</Sum></TtlCdtNtries><TtlDbtNtries><NbOfNtries>0</NbOfNtries><Sum>0.00</Sum></TtlDbtNtries></TxsSummry><Ntry><Amt Ccy="GBP">376.00</Amt><CdtDbtInd>CRDT</CdtDbtInd><Sts>BOOK</Sts><BookgDt><Dt>2018-09-18</Dt></BookgDt><BkTxCd><Prtry><Cd>SIP UKBA CR 40269</Cd></Prtry></BkTxCd><TxDtls><Refs><EndToEndId>00153425632BWBYJQQ</EndToEndId><TxId>00153425632BWBYJQQ</TxId></Refs><RltdPties><Dbtr><Nm>VICKI SANDISON</Nm></Dbtr><DbtrAcct><Id><PrtryAcct><Id>09012854747921</Id></PrtryAcct></Id></DbtrAcct><Cdtr><Nm>A Folks</Nm></Cdtr><CdtrAcct><Id><PrtryAcct><Id>23008200451305</Id></PrtryAcct></Id></CdtrAcct><Prtry><Tp>dyson</Tp><Pty/></Prtry></RltdPties><RmtInf><Strd><AddtlRmtInf>NO REF</AddtlRmtInf></Strd><Strd><AddtlRmtInf>VICKI SANDISON//dyson</AddtlRmtInf></Strd></RmtInf><RltdDts><TxDtTm>2018-09-17T21:42:11</TxDtTm></RltdDts><AddtlTxInf>00153425632BWBYJQQ1020180917826090128</AddtlTxInf></TxDtls><AddtlNtryInf>COMPLETE//0000//003//CREDIT</AddtlNtryInf></Ntry><Ntry><Amt Ccy="GBP">4.00</Amt><CdtDbtInd>CRDT</CdtDbtInd><Sts>BOOK</Sts><BookgDt><Dt>2018-09-18</Dt></BookgDt><BkTxCd><Prtry><Cd>SIP UKBA CR 40269</Cd></Prtry></BkTxCd><TxDtls><Refs><EndToEndId>BUCHOLC PAULA JU</EndToEndId><TxId>TW0000000040202413</TxId></Refs><RltdPties><Dbtr><Nm>Paula julita Bucholc TW</Nm></Dbtr><DbtrAcct><Id><PrtryAcct><Id>23147069721441</Id></PrtryAcct></Id></DbtrAcct><Cdtr><Nm>Paula julita Bucholc</Nm></Cdtr><CdtrAcct><Id><PrtryAcct><Id>23008200233440</Id></PrtryAcct></Id></CdtrAcct><Prtry><Tp>BUCHOLC PAULA JU</Tp><Pty/></Prtry></RltdPties><RmtInf><Strd><AddtlRmtInf>NO REF</AddtlRmtInf></Strd><Strd><AddtlRmtInf>Paula julita Bucho//BUCHOLC PAULA JU</AddtlRmtInf></Strd></RmtInf><RltdDts><TxDtTm>2018-09-17T21:45:34</TxDtTm></RltdDts><AddtlTxInf>TW00000000402024131020180917826231470</AddtlTxInf></TxDtls><AddtlNtryInf>COMPLETE//0000//003//CREDIT</AddtlNtryInf></Ntry><Ntry><Amt Ccy="GBP">0.01</Amt><CdtDbtInd>CRDT</CdtDbtInd><Sts>BOOK</Sts><BookgDt><Dt>2018-09-18</Dt></BookgDt><BkTxCd><Prtry><Cd>SIP UKBA CR 40269</Cd></Prtry></BkTxCd><TxDtls><Refs><EndToEndId>PPRD00000000AO40VM</EndToEndId><TxId>PPRD00000000AO40VM</TxId></Refs><RltdPties><Dbtr><Nm>PAYPAL CODE 2098</Nm><PstlAdr><AdrLine>2211 N 1st Street San Jose CA 95131</AdrLine><Ctry/></PstlAdr></Dbtr><DbtrAcct><Id><PrtryAcct><Id>23526285010101</Id></PrtryAcct></Id></DbtrAcct><Cdtr><Nm>Daniel Grace</Nm><PstlAdr><AdrLine>13 Rothesay Terrace</AdrLine><Ctry/></PstlAdr></Cdtr><CdtrAcct><Id><PrtryAcct><Id>23008200409127</Id></PrtryAcct></Id></CdtrAcct><Prtry><Tp>PAYPAL CODE 2098</Tp><Pty/></Prtry></RltdPties><RmtInf><Strd><RfrdDocInf><RfrdDocTp><Prtry>002</Prtry></RfrdDocTp></RfrdDocInf><AddtlRmtInf>NO REF</AddtlRmtInf></Strd><Strd><AddtlRmtInf>PAYPAL CODE 2098//PAYPAL CODE 2098</AddtlRmtInf></Strd></RmtInf><RltdDts><TxDtTm>2018-09-17T21:51:53</TxDtTm></RltdDts><AddtlTxInf>PPRD00000000AO40VM1020180917826235262</AddtlTxInf></TxDtls><AddtlNtryInf>COMPLETE//0000//003//CREDIT</AddtlNtryInf></Ntry><Ntry><Amt Ccy="GBP">30.00</Amt><CdtDbtInd>CRDT</CdtDbtInd><Sts>BOOK</Sts><BookgDt><Dt>2018-09-18</Dt></BookgDt><BkTxCd><Prtry><Cd>SIP UKBA CR 40269</Cd></Prtry></BkTxCd><TxDtls><Refs><EndToEndId>NOREF</EndToEndId><TxId>FP18260O01889727</TxId></Refs><RltdPties><Dbtr><Nm>Paling Gary</Nm></Dbtr><DbtrAcct><Id><PrtryAcct><Id>07043600026866</Id></PrtryAcct></Id></DbtrAcct><Cdtr><Nm>DAVID NEWTON</Nm></Cdtr><CdtrAcct><Id><PrtryAcct><Id>23008200436975</Id></PrtryAcct></Id></CdtrAcct><Prtry><Tp>PARTY</Tp><Pty/></Prtry></RltdPties><RmtInf><Strd><AddtlRmtInf>NO REF</AddtlRmtInf></Strd><Strd><AddtlRmtInf>Paling Gary//PARTY</AddtlRmtInf></Strd></RmtInf><RltdDts><TxDtTm>2018-09-17T21:56:51</TxDtTm></RltdDts><AddtlTxInf>FP18260O01889727  1020180917826070436</AddtlTxInf></TxDtls><AddtlNtryInf>COMPLETE//0000//003//CREDIT</AddtlNtryInf></Ntry></Ntfctn></BkToCstmrDbtCdtNtfctnV01></Document>