<?xml version="1.0" encoding="UTF-8"?><Document xmlns:xsi="http://www.w3.org/2001/XMLSchema-instance" xmlns="urn:iso:std:iso:20022:tech:xsd:camt.054.001.01"><BkToCstmrDbtCdtNtfctnV01><GrpHdr><MsgId>80309K//13313</MsgId><CreDtTm>2018-09-25T13:00:00</CreDtTm></GrpHdr><Ntfctn><Id>80309K//13313//1</Id><CreDtTm>2018-09-25T13:00:00</CreDtTm><Acct><Id><PrtryAcct><Id>20594233939774</Id></PrtryAcct></Id><Ccy>GBP</Ccy></Acct><TxsSummry><TtlNtries><NbOfNtries>6</NbOfNtries><Sum>3000.01</Sum></TtlNtries><TtlCdtNtries><NbOfNtries>6</NbOfNtries><Sum>3000.01</Sum></TtlCdtNtries><TtlDbtNtries><NbOfNtries>0</NbOfNtries><Sum>0.00</Sum></TtlDbtNtries></TxsSummry><Ntry><Amt Ccy="GBP">40.00</Amt><CdtDbtInd>CRDT</CdtDbtInd><Sts>BOOK</Sts><BookgDt><Dt>2018-09-25</Dt></BookgDt><BkTxCd><Prtry><Cd>SIP UKBA CR 40269</Cd></Prtry></BkTxCd><TxDtls><Refs><EndToEndId>NOREF</EndToEndId><TxId>RP4679962197822700</TxId></Refs><RltdPties><Dbtr><Nm>SALFARLIE J A M</Nm></Dbtr><DbtrAcct><Id><PrtryAcct><Id>20057453080919</Id></PrtryAcct></Id></DbtrAcct><Cdtr><Nm>ARRO</Nm></Cdtr><CdtrAcct><Id><PrtryAcct><Id>23008200337123</Id></PrtryAcct></Id></CdtrAcct><Prtry><Tp>5574220190111848</Tp><Pty/></Prtry></RltdPties><RmtInf><Strd><AddtlRmtInf>NO REF</AddtlRmtInf></Strd><Strd><AddtlRmtInf>SALFARLIE J A M//5574220190111848</AddtlRmtInf></Strd></RmtInf><RltdDts><TxDtTm>2018-09-25T12:39:36</TxDtTm></RltdDts><AddtlTxInf>RP46799621978227001020180925826200026</AddtlTxInf></TxDtls><AddtlNtryInf>COMPLETE//0000//001//CREDIT</AddtlNtryInf></Ntry><Ntry><Amt Ccy="GBP">2600.00</Amt><CdtDbtInd>CRDT</CdtDbtInd><Sts>BOOK</Sts><BookgDt><Dt>2018-09-25</Dt></BookgDt><BkTxCd><Prtry><Cd>SIP UKBA CR 40269</Cd></Prtry></BkTxCd><TxDtls><Refs><EndToEndId>NOREF</EndToEndId><TxId>2284755584215290HN</TxId><Prtry><Tp>STO REF</Tp><Ref>0000</Ref></Prtry></Refs><RltdPties><Dbtr><Nm>PEAK CASHFLOW LIMITED</Nm></Dbtr><DbtrAcct><Id><PrtryAcct><Id>40182292022249</Id></PrtryAcct></Id></DbtrAcct><Cdtr><Nm>ROAD WISE TRAFFIC MANAGEMENT LTD</Nm></Cdtr><CdtrAcct><Id><PrtryAcct><Id>23008200223263</Id></PrtryAcct></Id></CdtrAcct></RltdPties><RmtInf><Strd><AddtlRmtInf>NO REF</AddtlRmtInf></Strd><Strd><AddtlRmtInf>PEAK CASHFLOW LIMI//</AddtlRmtInf></Strd></RmtInf><RltdDts><TxDtTm>2018-09-25T12:48:57</TxDtTm></RltdDts><AddtlTxInf>2284755584215290HN1020180925826401822</AddtlTxInf></TxDtls><AddtlNtryInf>COMPLETE//0000//001//CREDIT</AddtlNtryInf></Ntry><Ntry><Amt Ccy="GBP">60.00</Amt><CdtDbtInd>CRDT</CdtDbtInd><Sts>BOOK</Sts><BookgDt><Dt>2018-09-25</Dt></BookgDt><BkTxCd><Prtry><Cd>SIP UKBA CR 40269</Cd></Prtry></BkTxCd><TxDtls><Refs><EndToEndId>NOREF</EndToEndId><TxId>000000000128470879</TxId></Refs><RltdPties><Dbtr><Nm>MRS J A HESLINGTON</Nm></Dbtr><DbtrAcct><Id><PrtryAcct><Id>08924910240067</Id></PrtryAcct></Id></DbtrAcct><Cdtr><Nm>MATTHEW BURTON</Nm></Cdtr><CdtrAcct><Id><PrtryAcct><Id>23008200320610</Id></PrtryAcct></Id></CdtrAcct><Prtry><Tp>JEN</Tp><Pty/></Prtry></RltdPties><RmtInf><Strd><AddtlRmtInf>NO REF</AddtlRmtInf></Strd><Strd><AddtlRmtInf>MRS J A HESLINGTON//JEN</AddtlRmtInf></Strd></RmtInf><RltdDts><TxDtTm>2018-09-25T12:53:32</TxDtTm></RltdDts><AddtlTxInf>0000000001284708791020180925826089249</AddtlTxInf></TxDtls><AddtlNtryInf>COMPLETE//0000//001//CREDIT</AddtlNtryInf></Ntry><Ntry><Amt Ccy="GBP">0.01</Amt><CdtDbtInd>CRDT</CdtDbtInd><Sts>BOOK</Sts><BookgDt><Dt>2018-09-25</Dt></BookgDt><BkTxCd><Prtry><Cd>SIP UKBA CR 40269</Cd></Prtry></BkTxCd><TxDtls><Refs><EndToEndId>PPRD00000000AQ11BE</EndToEndId><TxId>PPRD00000000AQ11BE</TxId></Refs><RltdPties><Dbtr><Nm>PAYPAL CODE 7930</Nm><PstlAdr><AdrLine>2211 N 1st Street San Jose CA 95131</AdrLine><Ctry/></PstlAdr></Dbtr><DbtrAcct><Id><PrtryAcct><Id>23526285010101</Id></PrtryAcct></Id></DbtrAcct><Cdtr><Nm>Paul Cutler</Nm><PstlAdr><AdrLine>88 Teignmouth Road</AdrLine><Ctry/></PstlAdr></Cdtr><CdtrAcct><Id><PrtryAcct><Id>23008200465980</Id></PrtryAcct></Id></CdtrAcct><Prtry><Tp>PAYPAL CODE 7930</Tp><Pty/></Prtry></RltdPties><RmtInf><Strd><RfrdDocInf><RfrdDocTp><Prtry>002</Prtry></RfrdDocTp></RfrdDocInf><AddtlRmtInf>NO REF</AddtlRmtInf></Strd><Strd><AddtlRmtInf>PAYPAL CODE 7930//PAYPAL CODE 7930</AddtlRmtInf></Strd></RmtInf><RltdDts><TxDtTm>2018-09-25T12:55:46</TxDtTm></RltdDts><AddtlTxInf>PPRD00000000AQ11BE1020180925826235262</AddtlTxInf></TxDtls><AddtlNtryInf>COMPLETE//0000//001//CREDIT</AddtlNtryInf></Ntry><Ntry><Amt Ccy="GBP">100.00</Amt><CdtDbtInd>CRDT</CdtDbtInd><Sts>BOOK</Sts><BookgDt><Dt>2018-09-25</Dt></BookgDt><BkTxCd><Prtry><Cd>SIP UKBA CR 40269</Cd></Prtry></BkTxCd><TxDtls><Refs><EndToEndId>NOREF</EndToEndId><TxId>RP4659985280312300</TxId></Refs><RltdPties><Dbtr><Nm>RADCLIFFE J A</Nm></Dbtr><DbtrAcct><Id><PrtryAcct><Id>20502123513351</Id></PrtryAcct></Id></DbtrAcct><Cdtr><Nm>SHANI</Nm></Cdtr><CdtrAcct><Id><PrtryAcct><Id>23008200017128</Id></PrtryAcct></Id></CdtrAcct><Prtry><Tp>JO</Tp><Pty/></Prtry></RltdPties><RmtInf><Strd><AddtlRmtInf>NO REF</AddtlRmtInf></Strd><Strd><AddtlRmtInf>RADCLIFFE J A//JO</AddtlRmtInf></Strd></RmtInf><RltdDts><TxDtTm>2018-09-25T12:56:25</TxDtTm></RltdDts><AddtlTxInf>RP46599852803123001020180925826200026</AddtlTxInf></TxDtls><AddtlNtryInf>COMPLETE//0000//001//CREDIT</AddtlNtryInf></Ntry><Ntry><Amt Ccy="GBP">200.00</Amt><CdtDbtInd>CRDT</CdtDbtInd><Sts>BOOK</Sts><BookgDt><Dt>2018-09-25</Dt></BookgDt><BkTxCd><Prtry><Cd>SIP UKBA CR 40269</Cd></Prtry></BkTxCd><TxDtls><Refs><EndToEndId>NOREF</EndToEndId><TxId>600000000391428833</TxId></Refs><RltdPties><Dbtr><Nm>S Memarzadeh</Nm></Dbtr><DbtrAcct><Id><PrtryAcct><Id>11027001106901</Id></PrtryAcct></Id></DbtrAcct><Cdtr><Nm>ALEX</Nm></Cdtr><CdtrAcct><Id><PrtryAcct><Id>23008200243886</Id></PrtryAcct></Id></CdtrAcct><Prtry><Tp>MEMARZADEH</Tp><Pty/></Prtry></RltdPties><RmtInf><Strd><AddtlRmtInf>NO REF</AddtlRmtInf></Strd><Strd><AddtlRmtInf>S Memarzadeh//MEMARZADEH</AddtlRmtInf></Strd></RmtInf><RltdDts><TxDtTm>2018-09-25T12:56:54</TxDtTm></RltdDts><AddtlTxInf>6000000003914288331020180925826110270</AddtlTxInf></TxDtls><AddtlNtryInf>COMPLETE//0000//001//CREDIT</AddtlNtryInf></Ntry></Ntfctn></BkToCstmrDbtCdtNtfctnV01></Document>