<?xml version="1.0" encoding="UTF-8"?><Document xmlns:xsi="http://www.w3.org/2001/XMLSchema-instance" xmlns="urn:iso:std:iso:20022:tech:xsd:camt.054.001.01"><BkToCstmrDbtCdtNtfctnV01><GrpHdr><MsgId>80309K//12580</MsgId><CreDtTm>2018-09-08T09:00:00</CreDtTm></GrpHdr><Ntfctn><Id>80309K//12580//1</Id><CreDtTm>2018-09-08T09:00:00</CreDtTm><Acct><Id><PrtryAcct><Id>20594233939774</Id></PrtryAcct></Id><Ccy>GBP</Ccy></Acct><TxsSummry><TtlNtries><NbOfNtries>4</NbOfNtries><Sum>859.00</Sum></TtlNtries><TtlCdtNtries><NbOfNtries>4</NbOfNtries><Sum>859.00</Sum></TtlCdtNtries><TtlDbtNtries><NbOfNtries>0</NbOfNtries><Sum>0.00</Sum></TtlDbtNtries></TxsSummry><Ntry><Amt Ccy="GBP">195.00</Amt><CdtDbtInd>CRDT</CdtDbtInd><Sts>BOOK</Sts><BookgDt><Dt>2018-09-10</Dt></BookgDt><BkTxCd><Prtry><Cd>SIP UKBA CR 40269</Cd></Prtry></BkTxCd><TxDtls><Refs><EndToEndId>NOREF</EndToEndId><TxId>500000000387050953</TxId></Refs><RltdPties><Dbtr><Nm>S Lagoke</Nm></Dbtr><DbtrAcct><Id><PrtryAcct><Id>30936039601560</Id></PrtryAcct></Id></DbtrAcct><Cdtr><Nm>CLASSIC DIFFERENCE</Nm></Cdtr><CdtrAcct><Id><PrtryAcct><Id>23008200042452</Id></PrtryAcct></Id></CdtrAcct><Prtry><Tp>RENTAL</Tp><Pty/></Prtry></RltdPties><RmtInf><Strd><AddtlRmtInf>NO REF</AddtlRmtInf></Strd><Strd><AddtlRmtInf>S Lagoke//RENTAL</AddtlRmtInf></Strd></RmtInf><RltdDts><TxDtTm>2018-09-08T08:33:00</TxDtTm></RltdDts><AddtlTxInf>5000000003870509531020180908826309360</AddtlTxInf></TxDtls><AddtlNtryInf>COMPLETE//0000//003//CREDIT</AddtlNtryInf></Ntry><Ntry><Amt Ccy="GBP">14.00</Amt><CdtDbtInd>CRDT</CdtDbtInd><Sts>BOOK</Sts><BookgDt><Dt>2018-09-10</Dt></BookgDt><BkTxCd><Prtry><Cd>SIP UKBA CR 40269</Cd></Prtry></BkTxCd><TxDtls><Refs><EndToEndId>NOREF</EndToEndId><TxId>FP18251O14623653</TxId></Refs><RltdPties><Dbtr><Nm>Osayande Osamudiamen</Nm></Dbtr><DbtrAcct><Id><PrtryAcct><Id>07043627825027</Id></PrtryAcct></Id></DbtrAcct><Cdtr><Nm>OSAS OSAYANDE</Nm></Cdtr><CdtrAcct><Id><PrtryAcct><Id>23008200426714</Id></PrtryAcct></Id></CdtrAcct><Prtry><Tp>ME</Tp><Pty/></Prtry></RltdPties><RmtInf><Strd><AddtlRmtInf>NO REF</AddtlRmtInf></Strd><Strd><AddtlRmtInf>Osayande Osamudiam//ME</AddtlRmtInf></Strd></RmtInf><RltdDts><TxDtTm>2018-09-08T08:35:11</TxDtTm></RltdDts><AddtlTxInf>FP18251O14623653  1020180908826070436</AddtlTxInf></TxDtls><AddtlNtryInf>COMPLETE//0000//003//CREDIT</AddtlNtryInf></Ntry><Ntry><Amt Ccy="GBP">250.00</Amt><CdtDbtInd>CRDT</CdtDbtInd><Sts>BOOK</Sts><BookgDt><Dt>2018-09-10</Dt></BookgDt><BkTxCd><Prtry><Cd>SIP UKBA CR 40269</Cd></Prtry></BkTxCd><TxDtls><Refs><EndToEndId>MISS L K BIRD</EndToEndId><TxId>46083758324349000N</TxId><Prtry><Tp>STO REF</Tp><Ref>0000</Ref></Prtry></Refs><RltdPties><Dbtr><Nm>BIRD LK</Nm></Dbtr><DbtrAcct><Id><PrtryAcct><Id>60222259521597</Id></PrtryAcct></Id></DbtrAcct><Cdtr><Nm>BAEMMS LTD</Nm></Cdtr><CdtrAcct><Id><PrtryAcct><Id>23008200223303</Id></PrtryAcct></Id></CdtrAcct><Prtry><Tp>MISS L K BIRD</Tp><Pty/></Prtry></RltdPties><RmtInf><Strd><AddtlRmtInf>BIRD LK           MISS L K BIRD     VIA MOBILE - LVP</AddtlRmtInf></Strd><Strd><AddtlRmtInf>BIRD LK//MISS L K BIRD</AddtlRmtInf></Strd></RmtInf><RltdDts><TxDtTm>2018-09-08T08:37:58</TxDtTm></RltdDts><AddtlTxInf>46083758324349000N1020180908826602222</AddtlTxInf></TxDtls><AddtlNtryInf>COMPLETE//0000//003//CREDIT</AddtlNtryInf></Ntry><Ntry><Amt Ccy="GBP">400.00</Amt><CdtDbtInd>CRDT</CdtDbtInd><Sts>BOOK</Sts><BookgDt><Dt>2018-09-10</Dt></BookgDt><BkTxCd><Prtry><Cd>SIP UKBA CR 40269</Cd></Prtry></BkTxCd><TxDtls><Refs><EndToEndId>NOREF</EndToEndId><TxId>400000000391847409</TxId></Refs><RltdPties><Dbtr><Nm>C Dube</Nm></Dbtr><DbtrAcct><Id><PrtryAcct><Id>11074112644065</Id></PrtryAcct></Id></DbtrAcct><Cdtr><Nm>SAMUEL LIVE IN</Nm></Cdtr><CdtrAcct><Id><PrtryAcct><Id>23008200155461</Id></PrtryAcct></Id></CdtrAcct><Prtry><Tp>RELIEF</Tp><Pty/></Prtry></RltdPties><RmtInf><Strd><AddtlRmtInf>NO REF</AddtlRmtInf></Strd><Strd><AddtlRmtInf>C Dube//RELIEF</AddtlRmtInf></Strd></RmtInf><RltdDts><TxDtTm>2018-09-08T08:47:07</TxDtTm></RltdDts><AddtlTxInf>4000000003918474091020180908826110741</AddtlTxInf></TxDtls><AddtlNtryInf>COMPLETE//0000//003//CREDIT</AddtlNtryInf></Ntry></Ntfctn></BkToCstmrDbtCdtNtfctnV01></Document>