<?xml version="1.0" encoding="UTF-8"?><Document xmlns:xsi="http://www.w3.org/2001/XMLSchema-instance" xmlns="urn:iso:std:iso:20022:tech:xsd:camt.054.001.01"><BkToCstmrDbtCdtNtfctnV01><GrpHdr><MsgId>80309K//13504</MsgId><CreDtTm>2018-09-29T21:00:00</CreDtTm></GrpHdr><Ntfctn><Id>80309K//13504//1</Id><CreDtTm>2018-09-29T21:00:00</CreDtTm><Acct><Id><PrtryAcct><Id>20594233939774</Id></PrtryAcct></Id><Ccy>GBP</Ccy></Acct><TxsSummry><TtlNtries><NbOfNtries>3</NbOfNtries><Sum>52.00</Sum></TtlNtries><TtlCdtNtries><NbOfNtries>3</NbOfNtries><Sum>52.00</Sum></TtlCdtNtries><TtlDbtNtries><NbOfNtries>0</NbOfNtries><Sum>0.00</Sum></TtlDbtNtries></TxsSummry><Ntry><Amt Ccy="GBP">35.00</Amt><CdtDbtInd>CRDT</CdtDbtInd><Sts>BOOK</Sts><BookgDt><Dt>2018-10-01</Dt></BookgDt><BkTxCd><Prtry><Cd>SIP UKBA CR 40269</Cd></Prtry></BkTxCd><TxDtls><Refs><EndToEndId>FIFA 19 XBOX ONE</EndToEndId><TxId>34203329167189000N</TxId><Prtry><Tp>STO REF</Tp><Ref>0000</Ref></Prtry></Refs><RltdPties><Dbtr><Nm>JOLLEYS SJC</Nm></Dbtr><DbtrAcct><Id><PrtryAcct><Id>01033328643720</Id></PrtryAcct></Id></DbtrAcct><Cdtr><Nm>STEPHEN WHITE</Nm></Cdtr><CdtrAcct><Id><PrtryAcct><Id>23008200169623</Id></PrtryAcct></Id></CdtrAcct><Prtry><Tp>FIFA 19 XBOX ONE</Tp><Pty/></Prtry></RltdPties><RmtInf><Strd><AddtlRmtInf>JOLLEYS SJC       FIFA 19 XBOX ONE  VIA ONLINE - PYMT</AddtlRmtInf></Strd><Strd><AddtlRmtInf>JOLLEYS SJC//FIFA 19 XBOX ONE</AddtlRmtInf></Strd></RmtInf><RltdDts><TxDtTm>2018-09-29T20:33:29</TxDtTm></RltdDts><AddtlTxInf>34203329167189000N1020180929826010333</AddtlTxInf></TxDtls><AddtlNtryInf>COMPLETE//0000//003//CREDIT</AddtlNtryInf></Ntry><Ntry><Amt Ccy="GBP">12.00</Amt><CdtDbtInd>CRDT</CdtDbtInd><Sts>BOOK</Sts><BookgDt><Dt>2018-10-01</Dt></BookgDt><BkTxCd><Prtry><Cd>SIP UKBA CR 40269</Cd></Prtry></BkTxCd><TxDtls><Refs><EndToEndId>NOREF</EndToEndId><TxId>400000000398209906</TxId></Refs><RltdPties><Dbtr><Nm>F Russell-Morgan</Nm></Dbtr><DbtrAcct><Id><PrtryAcct><Id>30928665553460</Id></PrtryAcct></Id></DbtrAcct><Cdtr><Nm>L</Nm></Cdtr><CdtrAcct><Id><PrtryAcct><Id>23008200249168</Id></PrtryAcct></Id></CdtrAcct><Prtry><Tp>PLAY</Tp><Pty/></Prtry></RltdPties><RmtInf><Strd><AddtlRmtInf>NO REF</AddtlRmtInf></Strd><Strd><AddtlRmtInf>F Russell-Morgan//PLAY</AddtlRmtInf></Strd></RmtInf><RltdDts><TxDtTm>2018-09-29T20:47:12</TxDtTm></RltdDts><AddtlTxInf>4000000003982099061020180929826309286</AddtlTxInf></TxDtls><AddtlNtryInf>COMPLETE//0000//003//CREDIT</AddtlNtryInf></Ntry><Ntry><Amt Ccy="GBP">5.00</Amt><CdtDbtInd>CRDT</CdtDbtInd><Sts>BOOK</Sts><BookgDt><Dt>2018-10-01</Dt></BookgDt><BkTxCd><Prtry><Cd>DCA UKBA CR 40269</Cd></Prtry></BkTxCd><TxDtls><Refs><EndToEndId>NOREF</EndToEndId><TxId>000000013709411201</TxId><Prtry><Tp>STO REF</Tp><Ref>8207</Ref></Prtry></Refs><RltdPties><Dbtr><Nm>EVA AMBER DONKER</Nm></Dbtr><DbtrAcct><Id><PrtryAcct><Id>20035373152596</Id></PrtryAcct></Id></DbtrAcct><Cdtr><Nm>JENNIFER GEE</Nm></Cdtr><CdtrAcct><Id><PrtryAcct><Id>23008200475167</Id></PrtryAcct></Id></CdtrAcct><Prtry><Tp>JENNIFER GEE</Tp><Pty/></Prtry></RltdPties><RmtInf><Strd><AddtlRmtInf>NO REF</AddtlRmtInf></Strd><Strd><AddtlRmtInf>EVA AMBER DONKER//JENNIFER GEE</AddtlRmtInf></Strd></RmtInf><RltdDts><TxDtTm>2018-09-29T20:47:46</TxDtTm></RltdDts><AddtlTxInf>0000000137094112015020180929826200353</AddtlTxInf></TxDtls><AddtlNtryInf>COMPLETE//0000//003//CREDIT</AddtlNtryInf></Ntry></Ntfctn></BkToCstmrDbtCdtNtfctnV01></Document>