<?xml version="1.0" encoding="UTF-8"?><Document xmlns:xsi="http://www.w3.org/2001/XMLSchema-instance" xmlns="urn:iso:std:iso:20022:tech:xsd:camt.054.001.01"><BkToCstmrDbtCdtNtfctnV01><GrpHdr><MsgId>80309K//13190</MsgId><CreDtTm>2018-09-22T15:30:00</CreDtTm></GrpHdr><Ntfctn><Id>80309K//13190//1</Id><CreDtTm>2018-09-22T15:30:00</CreDtTm><Acct><Id><PrtryAcct><Id>20594233939774</Id></PrtryAcct></Id><Ccy>GBP</Ccy></Acct><TxsSummry><TtlNtries><NbOfNtries>21</NbOfNtries><Sum>5830.22</Sum></TtlNtries><TtlCdtNtries><NbOfNtries>19</NbOfNtries><Sum>978.01</Sum></TtlCdtNtries><TtlDbtNtries><NbOfNtries>2</NbOfNtries><Sum>4852.21</Sum></TtlDbtNtries></TxsSummry><Ntry><Amt Ccy="GBP">4702.21</Amt><CdtDbtInd>DBIT</CdtDbtInd><Sts>BOOK</Sts><BookgDt><Dt>2018-09-24</Dt></BookgDt><BkTxCd><Prtry><Cd>AUT UKBA DR 30278</Cd></Prtry></BkTxCd><TxDtls><Refs><TxId>000000000337545600</TxId></Refs><RltdPties><DbtrAcct><Id><PrtryAcct><Id>20594233939774</Id></PrtryAcct></Id></DbtrAcct></RltdPties><RmtInf><Strd><AddtlRmtInf>NO REF</AddtlRmtInf></Strd><Strd><AddtlRmtInf>20180922A44639//7S      F1FQT0I351</AddtlRmtInf></Strd></RmtInf><RltdDts><TxDtTm>2018-09-22T15:01:37</TxDtTm></RltdDts><AddtlTxInf>0000000003375456000020180922826205942</AddtlTxInf></TxDtls><AddtlNtryInf>AUTHSENT//0000//003//DEBIT</AddtlNtryInf></Ntry><Ntry><Amt Ccy="GBP">30.00</Amt><CdtDbtInd>CRDT</CdtDbtInd><Sts>BOOK</Sts><BookgDt><Dt>2018-09-24</Dt></BookgDt><BkTxCd><Prtry><Cd>DCA UKBA CR 40269</Cd></Prtry></BkTxCd><TxDtls><Refs><EndToEndId>NOREF</EndToEndId><TxId>000000013640405701</TxId><Prtry><Tp>STO REF</Tp><Ref>0000</Ref></Prtry></Refs><RltdPties><Dbtr><Nm>23008200439583</Nm></Dbtr><DbtrAcct><Id><PrtryAcct><Id>20594233939774</Id></PrtryAcct></Id></DbtrAcct><Cdtr><Nm>CALLUM PROUDLER</Nm></Cdtr><CdtrAcct><Id><PrtryAcct><Id>23008200460255</Id></PrtryAcct></Id></CdtrAcct></RltdPties><RmtInf><Strd><AddtlRmtInf>NO REF</AddtlRmtInf></Strd><Strd><AddtlRmtInf>23008200439583//</AddtlRmtInf></Strd></RmtInf><RltdDts><TxDtTm>2018-09-22T15:01:40</TxDtTm></RltdDts><AddtlTxInf>0000000136404057015020180922826205942</AddtlTxInf></TxDtls><AddtlNtryInf>COMPLETE//0000//003//CREDIT</AddtlNtryInf></Ntry><Ntry><Amt Ccy="GBP">150.00</Amt><CdtDbtInd>DBIT</CdtDbtInd><Sts>BOOK</Sts><BookgDt><Dt>2018-09-24</Dt></BookgDt><BkTxCd><Prtry><Cd>AUT UKBA DR 30278</Cd></Prtry></BkTxCd><TxDtls><Refs><TxId>000000000337545800</TxId></Refs><RltdPties><DbtrAcct><Id><PrtryAcct><Id>20594233939774</Id></PrtryAcct></Id></DbtrAcct></RltdPties><RmtInf><Strd><AddtlRmtInf>NO REF</AddtlRmtInf></Strd><Strd><AddtlRmtInf>20180922A44639//7S      F1FP25B349</AddtlRmtInf></Strd></RmtInf><RltdDts><TxDtTm>2018-09-22T15:01:47</TxDtTm></RltdDts><AddtlTxInf>0000000003375458000020180922826205942</AddtlTxInf></TxDtls><AddtlNtryInf>AUTHSENT//0000//003//DEBIT</AddtlNtryInf></Ntry><Ntry><Amt Ccy="GBP">325.00</Amt><CdtDbtInd>CRDT</CdtDbtInd><Sts>BOOK</Sts><BookgDt><Dt>2018-09-24</Dt></BookgDt><BkTxCd><Prtry><Cd>SIP UKBA CR 40269</Cd></Prtry></BkTxCd><TxDtls><Refs><EndToEndId>NOREF</EndToEndId><TxId>160646537051229001</TxId><Prtry><Tp>STO REF</Tp><Ref>0000</Ref></Prtry></Refs><RltdPties><Dbtr><Nm>MEDCALF J</Nm></Dbtr><DbtrAcct><Id><PrtryAcct><Id>40475940289248</Id></PrtryAcct></Id></DbtrAcct><Cdtr><Nm>AIR TRAVELS</Nm></Cdtr><CdtrAcct><Id><PrtryAcct><Id>23008200457500</Id></PrtryAcct></Id></CdtrAcct><Prtry><Tp>MRS JULIE MEDCALF</Tp><Pty/></Prtry></RltdPties><RmtInf><Strd><AddtlRmtInf>NO REF</AddtlRmtInf></Strd><Strd><AddtlRmtInf>MEDCALF J//MRS JULIE MEDCALF</AddtlRmtInf></Strd></RmtInf><RltdDts><TxDtTm>2018-09-22T15:07:35</TxDtTm></RltdDts><AddtlTxInf>1606465370512290011020180922826404759</AddtlTxInf></TxDtls><AddtlNtryInf>COMPLETE//0000//003//CREDIT</AddtlNtryInf></Ntry><Ntry><Amt Ccy="GBP">5.00</Amt><CdtDbtInd>CRDT</CdtDbtInd><Sts>BOOK</Sts><BookgDt><Dt>2018-09-24</Dt></BookgDt><BkTxCd><Prtry><Cd>SIP UKBA CR 40269</Cd></Prtry></BkTxCd><TxDtls><Refs><EndToEndId>NOREF</EndToEndId><TxId>PX5TOEU2BDUM854X26</TxId></Refs><RltdPties><Dbtr><Nm>Godwin Eze</Nm><PstlAdr><AdrLine>30 Fermain Court South, N1 5TA</AdrLine><Ctry/></PstlAdr></Dbtr><DbtrAcct><Id><PrtryAcct><Id>04000493005452</Id></PrtryAcct></Id></DbtrAcct><Cdtr><Nm>Global Trades</Nm></Cdtr><CdtrAcct><Id><PrtryAcct><Id>23008200151769</Id></PrtryAcct></Id></CdtrAcct><Prtry><Tp>0056</Tp><Pty/></Prtry></RltdPties><RmtInf><Strd><AddtlRmtInf>NO REF</AddtlRmtInf></Strd><Strd><AddtlRmtInf>Godwin Eze//0056</AddtlRmtInf></Strd></RmtInf><RltdDts><TxDtTm>2018-09-22T15:10:23</TxDtTm></RltdDts><AddtlTxInf>PX5TOEU2BDUM854X261020180922826040004</AddtlTxInf></TxDtls><AddtlNtryInf>COMPLETE//0000//003//CREDIT</AddtlNtryInf></Ntry><Ntry><Amt Ccy="GBP">10.00</Amt><CdtDbtInd>CRDT</CdtDbtInd><Sts>BOOK</Sts><BookgDt><Dt>2018-09-24</Dt></BookgDt><BkTxCd><Prtry><Cd>SIP UKBA CR 40269</Cd></Prtry></BkTxCd><TxDtls><Refs><EndToEndId>NOREF</EndToEndId><TxId>180922151029332892</TxId></Refs><RltdPties><Dbtr><Nm>Daniel Anderson</Nm></Dbtr><DbtrAcct><Id><PrtryAcct><Id>77682201288068</Id></PrtryAcct></Id></DbtrAcct><Cdtr><Nm>Daniel Howe</Nm></Cdtr><CdtrAcct><Id><PrtryAcct><Id>23008200211562</Id></PrtryAcct></Id></CdtrAcct></RltdPties><RmtInf><Strd><AddtlRmtInf>NO REF</AddtlRmtInf></Strd><Strd><AddtlRmtInf>Daniel Anderson//</AddtlRmtInf></Strd></RmtInf><RltdDts><TxDtTm>2018-09-22T15:10:26</TxDtTm></RltdDts><AddtlTxInf>1809221510293328921020180922826776822</AddtlTxInf></TxDtls><AddtlNtryInf>COMPLETE//0000//003//CREDIT</AddtlNtryInf></Ntry><Ntry><Amt Ccy="GBP">8.00</Amt><CdtDbtInd>CRDT</CdtDbtInd><Sts>BOOK</Sts><BookgDt><Dt>2018-09-24</Dt></BookgDt><BkTxCd><Prtry><Cd>SIP UKBA CR 40269</Cd></Prtry></BkTxCd><TxDtls><Refs><EndToEndId>NOREF</EndToEndId><TxId>731329602151229001</TxId><Prtry><Tp>STO REF</Tp><Ref>0000</Ref></Prtry></Refs><RltdPties><Dbtr><Nm>KERRI S</Nm></Dbtr><DbtrAcct><Id><PrtryAcct><Id>40030351644157</Id></PrtryAcct></Id></DbtrAcct><Cdtr><Nm>Mr Ibrahim Ali</Nm></Cdtr><CdtrAcct><Id><PrtryAcct><Id>23008200140895</Id></PrtryAcct></Id></CdtrAcct><Prtry><Tp>Shan</Tp><Pty/></Prtry></RltdPties><RmtInf><Strd><AddtlRmtInf>NO REF</AddtlRmtInf></Strd><Strd><AddtlRmtInf>KERRI S//Shan</AddtlRmtInf></Strd></RmtInf><RltdDts><TxDtTm>2018-09-22T15:12:07</TxDtTm></RltdDts><AddtlTxInf>7313296021512290011020180922826400303</AddtlTxInf></TxDtls><AddtlNtryInf>COMPLETE//0000//003//CREDIT</AddtlNtryInf></Ntry><Ntry><Amt Ccy="GBP">70.00</Amt><CdtDbtInd>CRDT</CdtDbtInd><Sts>BOOK</Sts><BookgDt><Dt>2018-09-24</Dt></BookgDt><BkTxCd><Prtry><Cd>SIP UKBA CR 40269</Cd></Prtry></BkTxCd><TxDtls><Refs><EndToEndId>JOHN GAISEY</EndToEndId><TxId>25151340462249000N</TxId><Prtry><Tp>STO REF</Tp><Ref>0000</Ref></Prtry></Refs><RltdPties><Dbtr><Nm>GAISEY MR J</Nm></Dbtr><DbtrAcct><Id><PrtryAcct><Id>60231944017715</Id></PrtryAcct></Id></DbtrAcct><Cdtr><Nm>JOHN GAISEY</Nm></Cdtr><CdtrAcct><Id><PrtryAcct><Id>23008200089982</Id></PrtryAcct></Id></CdtrAcct><Prtry><Tp>JOHN GAISEY</Tp><Pty/></Prtry></RltdPties><RmtInf><Strd><AddtlRmtInf>GAISEY MR J       JOHN GAISEY       VIA MOBILE - LVP</AddtlRmtInf></Strd><Strd><AddtlRmtInf>GAISEY MR J//JOHN GAISEY</AddtlRmtInf></Strd></RmtInf><RltdDts><TxDtTm>2018-09-22T15:13:40</TxDtTm></RltdDts><AddtlTxInf>25151340462249000N1020180922826602319</AddtlTxInf></TxDtls><AddtlNtryInf>COMPLETE//0000//003//CREDIT</AddtlNtryInf></Ntry><Ntry><Amt Ccy="GBP">60.00</Amt><CdtDbtInd>CRDT</CdtDbtInd><Sts>BOOK</Sts><BookgDt><Dt>2018-09-24</Dt></BookgDt><BkTxCd><Prtry><Cd>SIP UKBA CR 40269</Cd></Prtry></BkTxCd><TxDtls><Refs><EndToEndId>NOREF</EndToEndId><TxId>FP185IZGIEUHD477R9</TxId></Refs><RltdPties><Dbtr><Nm>CHARLES JOSEPH CONWAY</Nm></Dbtr><DbtrAcct><Id><PrtryAcct><Id>95038191111760</Id></PrtryAcct></Id></DbtrAcct><Cdtr><Nm>BAEMMS LTD</Nm></Cdtr><CdtrAcct><Id><PrtryAcct><Id>23008200223303</Id></PrtryAcct></Id></CdtrAcct><Prtry><Tp>Charles Conway</Tp><Pty/></Prtry></RltdPties><RmtInf><Strd><AddtlRmtInf>NO REF</AddtlRmtInf></Strd><Strd><AddtlRmtInf>CHARLES JOSEPH CON//Charles Conway</AddtlRmtInf></Strd></RmtInf><RltdDts><TxDtTm>2018-09-22T15:14:52</TxDtTm></RltdDts><AddtlTxInf>FP185IZGIEUHD477R91020180922826301281</AddtlTxInf></TxDtls><AddtlNtryInf>COMPLETE//0000//003//CREDIT</AddtlNtryInf></Ntry><Ntry><Amt Ccy="GBP">0.01</Amt><CdtDbtInd>CRDT</CdtDbtInd><Sts>BOOK</Sts><BookgDt><Dt>2018-09-24</Dt></BookgDt><BkTxCd><Prtry><Cd>SIP UKBA CR 40269</Cd></Prtry></BkTxCd><TxDtls><Refs><EndToEndId>PPRD00000000APBQGK</EndToEndId><TxId>PPRD00000000APBQGK</TxId></Refs><RltdPties><Dbtr><Nm>PAYPAL CODE 7913</Nm><PstlAdr><AdrLine>2211 N 1st Street San Jose CA 95131</AdrLine><Ctry/></PstlAdr></Dbtr><DbtrAcct><Id><PrtryAcct><Id>23526285010101</Id></PrtryAcct></Id></DbtrAcct><Cdtr><Nm>cosmetics</Nm><PstlAdr><AdrLine>56 chervil rise</AdrLine><Ctry/></PstlAdr></Cdtr><CdtrAcct><Id><PrtryAcct><Id>23008200045787</Id></PrtryAcct></Id></CdtrAcct><Prtry><Tp>PAYPAL CODE 7913</Tp><Pty/></Prtry></RltdPties><RmtInf><Strd><RfrdDocInf><RfrdDocTp><Prtry>002</Prtry></RfrdDocTp></RfrdDocInf><AddtlRmtInf>NO REF</AddtlRmtInf></Strd><Strd><AddtlRmtInf>PAYPAL CODE 7913//PAYPAL CODE 7913</AddtlRmtInf></Strd></RmtInf><RltdDts><TxDtTm>2018-09-22T15:16:26</TxDtTm></RltdDts><AddtlTxInf>PPRD00000000APBQGK1020180922826235262</AddtlTxInf></TxDtls><AddtlNtryInf>COMPLETE//0000//003//CREDIT</AddtlNtryInf></Ntry><Ntry><Amt Ccy="GBP">20.00</Amt><CdtDbtInd>CRDT</CdtDbtInd><Sts>BOOK</Sts><BookgDt><Dt>2018-09-24</Dt></BookgDt><BkTxCd><Prtry><Cd>DCA UKBA CR 40269</Cd></Prtry></BkTxCd><TxDtls><Refs><EndToEndId>NOREF</EndToEndId><TxId>000000013640466001</TxId><Prtry><Tp>STO REF</Tp><Ref>0000</Ref></Prtry></Refs><RltdPties><Dbtr><Nm>23630701634624</Nm></Dbtr><DbtrAcct><Id><PrtryAcct><Id>20594243523659</Id></PrtryAcct></Id></DbtrAcct><Cdtr><Nm>STEPHEN DRAYCOTT</Nm></Cdtr><CdtrAcct><Id><PrtryAcct><Id>23008200443668</Id></PrtryAcct></Id></CdtrAcct><Prtry><Tp>TRANSFER</Tp><Pty/></Prtry></RltdPties><RmtInf><Strd><AddtlRmtInf>NO REF</AddtlRmtInf></Strd><Strd><AddtlRmtInf>23630701634624//TRANSFER</AddtlRmtInf></Strd></RmtInf><RltdDts><TxDtTm>2018-09-22T15:16:57</TxDtTm></RltdDts><AddtlTxInf>0000000136404660015020180922826205942</AddtlTxInf></TxDtls><AddtlNtryInf>COMPLETE//0000//003//CREDIT</AddtlNtryInf></Ntry><Ntry><Amt Ccy="GBP">18.00</Amt><CdtDbtInd>CRDT</CdtDbtInd><Sts>BOOK</Sts><BookgDt><Dt>2018-09-24</Dt></BookgDt><BkTxCd><Prtry><Cd>SIP UKBA CR 40269</Cd></Prtry></BkTxCd><TxDtls><Refs><EndToEndId>NOREF</EndToEndId><TxId>400000000395756509</TxId></Refs><RltdPties><Dbtr><Nm>S Eddani</Nm></Dbtr><DbtrAcct><Id><PrtryAcct><Id>30159716259568</Id></PrtryAcct></Id></DbtrAcct><Cdtr><Nm>NIS</Nm></Cdtr><CdtrAcct><Id><PrtryAcct><Id>23008200338775</Id></PrtryAcct></Id></CdtrAcct><Prtry><Tp>ED</Tp><Pty/></Prtry></RltdPties><RmtInf><Strd><AddtlRmtInf>NO REF</AddtlRmtInf></Strd><Strd><AddtlRmtInf>S Eddani//ED</AddtlRmtInf></Strd></RmtInf><RltdDts><TxDtTm>2018-09-22T15:18:49</TxDtTm></RltdDts><AddtlTxInf>4000000003957565091020180922826301597</AddtlTxInf></TxDtls><AddtlNtryInf>COMPLETE//0000//003//CREDIT</AddtlNtryInf></Ntry><Ntry><Amt Ccy="GBP">45.00</Amt><CdtDbtInd>CRDT</CdtDbtInd><Sts>BOOK</Sts><BookgDt><Dt>2018-09-24</Dt></BookgDt><BkTxCd><Prtry><Cd>SIP UKBA CR 40269</Cd></Prtry></BkTxCd><TxDtls><Refs><EndToEndId>NOREF</EndToEndId><TxId>78710735815126F5SW</TxId><Prtry><Tp>STO REF</Tp><Ref>0000</Ref></Prtry></Refs><RltdPties><Dbtr><Nm>MRS RACHEL BRUMMITT</Nm><PstlAdr><AdrLine>27 BOWLAND WAY;YORK;NORTH YORKSHI;</AdrLine><AdrLine>RE            YO30 5PZ</AdrLine><Ctry/></PstlAdr></Dbtr><DbtrAcct><Id><PrtryAcct><Id>40642010728919</Id></PrtryAcct></Id></DbtrAcct><Cdtr><Nm>K CUTHBERT</Nm></Cdtr><CdtrAcct><Id><PrtryAcct><Id>23008200458890</Id></PrtryAcct></Id></CdtrAcct><Prtry><Tp>FIRESTICK</Tp><Pty/></Prtry></RltdPties><RmtInf><Strd><AddtlRmtInf>NO REF</AddtlRmtInf></Strd><Strd><AddtlRmtInf>MRS RACHEL BRUMMIT//FIRESTICK</AddtlRmtInf></Strd></RmtInf><RltdDts><TxDtTm>2018-09-22T15:18:55</TxDtTm></RltdDts><AddtlTxInf>78710735815126F5SW1020180922826400250</AddtlTxInf></TxDtls><AddtlNtryInf>COMPLETE//0000//003//CREDIT</AddtlNtryInf></Ntry><Ntry><Amt Ccy="GBP">60.00</Amt><CdtDbtInd>CRDT</CdtDbtInd><Sts>BOOK</Sts><BookgDt><Dt>2018-09-24</Dt></BookgDt><BkTxCd><Prtry><Cd>SIP UKBA CR 40269</Cd></Prtry></BkTxCd><TxDtls><Refs><EndToEndId>NOREF</EndToEndId><TxId>RP4659985104489700</TxId></Refs><RltdPties><Dbtr><Nm>T THUMMATHADA A</Nm></Dbtr><DbtrAcct><Id><PrtryAcct><Id>20836993960064</Id></PrtryAcct></Id></DbtrAcct><Cdtr><Nm>MR A T THUMMATHADA</Nm></Cdtr><CdtrAcct><Id><PrtryAcct><Id>23008200133700</Id></PrtryAcct></Id></CdtrAcct><Prtry><Tp>ARRO MASTER A/C UK</Tp><Pty/></Prtry></RltdPties><RmtInf><Strd><AddtlRmtInf>NO REF</AddtlRmtInf></Strd><Strd><AddtlRmtInf>T THUMMATHADA A//ARRO MASTER A/C UK</AddtlRmtInf></Strd></RmtInf><RltdDts><TxDtTm>2018-09-22T15:18:56</TxDtTm></RltdDts><AddtlTxInf>RP46599851044897001020180922826200026</AddtlTxInf></TxDtls><AddtlNtryInf>COMPLETE//0000//003//CREDIT</AddtlNtryInf></Ntry><Ntry><Amt Ccy="GBP">17.25</Amt><CdtDbtInd>CRDT</CdtDbtInd><Sts>BOOK</Sts><BookgDt><Dt>2018-09-24</Dt></BookgDt><BkTxCd><Prtry><Cd>SIP UKBA CR 40269</Cd></Prtry></BkTxCd><TxDtls><Refs><EndToEndId>NOREF</EndToEndId><TxId>300000000394606339</TxId></Refs><RltdPties><Dbtr><Nm>A Olasunkanmi</Nm></Dbtr><DbtrAcct><Id><PrtryAcct><Id>30968840975660</Id></PrtryAcct></Id></DbtrAcct><Cdtr><Nm>ADEOLA</Nm></Cdtr><CdtrAcct><Id><PrtryAcct><Id>23008200417224</Id></PrtryAcct></Id></CdtrAcct><Prtry><Tp>MONEY</Tp><Pty/></Prtry></RltdPties><RmtInf><Strd><AddtlRmtInf>NO REF</AddtlRmtInf></Strd><Strd><AddtlRmtInf>A Olasunkanmi//MONEY</AddtlRmtInf></Strd></RmtInf><RltdDts><TxDtTm>2018-09-22T15:18:56</TxDtTm></RltdDts><AddtlTxInf>3000000003946063391020180922826309688</AddtlTxInf></TxDtls><AddtlNtryInf>COMPLETE//0000//003//CREDIT</AddtlNtryInf></Ntry><Ntry><Amt Ccy="GBP">15.00</Amt><CdtDbtInd>CRDT</CdtDbtInd><Sts>BOOK</Sts><BookgDt><Dt>2018-09-24</Dt></BookgDt><BkTxCd><Prtry><Cd>DCA UKBA CR 40269</Cd></Prtry></BkTxCd><TxDtls><Refs><EndToEndId>NOREF</EndToEndId><TxId>000000013640472801</TxId><Prtry><Tp>STO REF</Tp><Ref>4233</Ref></Prtry></Refs><RltdPties><Dbtr><Nm>XUEFENG HE</Nm></Dbtr><DbtrAcct><Id><PrtryAcct><Id>20035373152596</Id></PrtryAcct></Id></DbtrAcct><Cdtr><Nm>CUILAN ZHANG</Nm></Cdtr><CdtrAcct><Id><PrtryAcct><Id>23008200203124</Id></PrtryAcct></Id></CdtrAcct><Prtry><Tp>CUILAN ZHANG</Tp><Pty/></Prtry></RltdPties><RmtInf><Strd><AddtlRmtInf>NO REF</AddtlRmtInf></Strd><Strd><AddtlRmtInf>XUEFENG HE//CUILAN ZHANG</AddtlRmtInf></Strd></RmtInf><RltdDts><TxDtTm>2018-09-22T15:22:25</TxDtTm></RltdDts><AddtlTxInf>0000000136404728015020180922826200353</AddtlTxInf></TxDtls><AddtlNtryInf>COMPLETE//0000//003//CREDIT</AddtlNtryInf></Ntry><Ntry><Amt Ccy="GBP">21.00</Amt><CdtDbtInd>CRDT</CdtDbtInd><Sts>BOOK</Sts><BookgDt><Dt>2018-09-24</Dt></BookgDt><BkTxCd><Prtry><Cd>DCA UKBA CR 40269</Cd></Prtry></BkTxCd><TxDtls><Refs><EndToEndId>NOREF</EndToEndId><TxId>000000013640471701</TxId><Prtry><Tp>STO REF</Tp><Ref>4233</Ref></Prtry></Refs><RltdPties><Dbtr><Nm>XUEFENG HE</Nm></Dbtr><DbtrAcct><Id><PrtryAcct><Id>20035373152596</Id></PrtryAcct></Id></DbtrAcct><Cdtr><Nm>YUNMIN ZHU</Nm></Cdtr><CdtrAcct><Id><PrtryAcct><Id>23008200203222</Id></PrtryAcct></Id></CdtrAcct><Prtry><Tp>YUNMIN ZHU</Tp><Pty/></Prtry></RltdPties><RmtInf><Strd><AddtlRmtInf>NO REF</AddtlRmtInf></Strd><Strd><AddtlRmtInf>XUEFENG HE//YUNMIN ZHU</AddtlRmtInf></Strd></RmtInf><RltdDts><TxDtTm>2018-09-22T15:22:25</TxDtTm></RltdDts><AddtlTxInf>0000000136404717015020180922826200353</AddtlTxInf></TxDtls><AddtlNtryInf>COMPLETE//0000//003//CREDIT</AddtlNtryInf></Ntry><Ntry><Amt Ccy="GBP">10.00</Amt><CdtDbtInd>CRDT</CdtDbtInd><Sts>BOOK</Sts><BookgDt><Dt>2018-09-24</Dt></BookgDt><BkTxCd><Prtry><Cd>SIP UKBA CR 40269</Cd></Prtry></BkTxCd><TxDtls><Refs><EndToEndId>X</EndToEndId><TxId>24152234558199000N</TxId><Prtry><Tp>STO REF</Tp><Ref>0000</Ref></Prtry></Refs><RltdPties><Dbtr><Nm>BRIODY L</Nm></Dbtr><DbtrAcct><Id><PrtryAcct><Id>60302134888802</Id></PrtryAcct></Id></DbtrAcct><Cdtr><Nm>ME</Nm></Cdtr><CdtrAcct><Id><PrtryAcct><Id>23008200170994</Id></PrtryAcct></Id></CdtrAcct><Prtry><Tp>X</Tp><Pty/></Prtry></RltdPties><RmtInf><Strd><AddtlRmtInf>BRIODY L          X                 VIA MOBILE - LVP</AddtlRmtInf></Strd><Strd><AddtlRmtInf>BRIODY L//X</AddtlRmtInf></Strd></RmtInf><RltdDts><TxDtTm>2018-09-22T15:22:34</TxDtTm></RltdDts><AddtlTxInf>24152234558199000N1020180922826603021</AddtlTxInf></TxDtls><AddtlNtryInf>COMPLETE//0000//003//CREDIT</AddtlNtryInf></Ntry><Ntry><Amt Ccy="GBP">100.00</Amt><CdtDbtInd>CRDT</CdtDbtInd><Sts>BOOK</Sts><BookgDt><Dt>2018-09-24</Dt></BookgDt><BkTxCd><Prtry><Cd>SIP UKBA CR 40269</Cd></Prtry></BkTxCd><TxDtls><Refs><EndToEndId>NOREF</EndToEndId><TxId>RP4659985104809000</TxId></Refs><RltdPties><Dbtr><Nm>KHALIFA Z</Nm></Dbtr><DbtrAcct><Id><PrtryAcct><Id>20118163572668</Id></PrtryAcct></Id></DbtrAcct><Cdtr><Nm>MR YAQOOB BHIKHA</Nm></Cdtr><CdtrAcct><Id><PrtryAcct><Id>23008200288215</Id></PrtryAcct></Id></CdtrAcct><Prtry><Tp>YACS</Tp><Pty/></Prtry></RltdPties><RmtInf><Strd><AddtlRmtInf>NO REF</AddtlRmtInf></Strd><Strd><AddtlRmtInf>KHALIFA Z//YACS</AddtlRmtInf></Strd></RmtInf><RltdDts><TxDtTm>2018-09-22T15:24:19</TxDtTm></RltdDts><AddtlTxInf>RP46599851048090001020180922826200026</AddtlTxInf></TxDtls><AddtlNtryInf>COMPLETE//0000//003//CREDIT</AddtlNtryInf></Ntry><Ntry><Amt Ccy="GBP">160.00</Amt><CdtDbtInd>CRDT</CdtDbtInd><Sts>BOOK</Sts><BookgDt><Dt>2018-09-24</Dt></BookgDt><BkTxCd><Prtry><Cd>SIP UKBA CR 40269</Cd></Prtry></BkTxCd><TxDtls><Refs><EndToEndId>NOREF</EndToEndId><TxId>363920915251229001</TxId><Prtry><Tp>STO REF</Tp><Ref>0000</Ref></Prtry></Refs><RltdPties><Dbtr><Nm>NZIAMB</Nm></Dbtr><DbtrAcct><Id><PrtryAcct><Id>40063271717472</Id></PrtryAcct></Id></DbtrAcct><Cdtr><Nm>Geibin S</Nm></Cdtr><CdtrAcct><Id><PrtryAcct><Id>23008200206716</Id></PrtryAcct></Id></CdtrAcct><Prtry><Tp>Money owned</Tp><Pty/></Prtry></RltdPties><RmtInf><Strd><AddtlRmtInf>NO REF</AddtlRmtInf></Strd><Strd><AddtlRmtInf>NZIAMB//Money owned</AddtlRmtInf></Strd></RmtInf><RltdDts><TxDtTm>2018-09-22T15:25:19</TxDtTm></RltdDts><AddtlTxInf>3639209152512290011020180922826400632</AddtlTxInf></TxDtls><AddtlNtryInf>COMPLETE//0000//003//CREDIT</AddtlNtryInf></Ntry><Ntry><Amt Ccy="GBP">3.75</Amt><CdtDbtInd>CRDT</CdtDbtInd><Sts>BOOK</Sts><BookgDt><Dt>2018-09-24</Dt></BookgDt><BkTxCd><Prtry><Cd>SIP UKBA CR 40269</Cd></Prtry></BkTxCd><TxDtls><Refs><EndToEndId>NOREF</EndToEndId><TxId>200000000389294449</TxId></Refs><RltdPties><Dbtr><Nm>T Beals</Nm></Dbtr><DbtrAcct><Id><PrtryAcct><Id>11078311224165</Id></PrtryAcct></Id></DbtrAcct><Cdtr><Nm>TRACY BEALS</Nm></Cdtr><CdtrAcct><Id><PrtryAcct><Id>23008200210333</Id></PrtryAcct></Id></CdtrAcct><Prtry><Tp>TRACY</Tp><Pty/></Prtry></RltdPties><RmtInf><Strd><AddtlRmtInf>NO REF</AddtlRmtInf></Strd><Strd><AddtlRmtInf>T Beals//TRACY</AddtlRmtInf></Strd></RmtInf><RltdDts><TxDtTm>2018-09-22T15:29:32</TxDtTm></RltdDts><AddtlTxInf>2000000003892944491020180922826110783</AddtlTxInf></TxDtls><AddtlNtryInf>COMPLETE//0000//003//CREDIT</AddtlNtryInf></Ntry></Ntfctn></BkToCstmrDbtCdtNtfctnV01></Document>