<?xml version="1.0" encoding="UTF-8"?><Document xmlns:xsi="http://www.w3.org/2001/XMLSchema-instance" xmlns="urn:iso:std:iso:20022:tech:xsd:camt.054.001.01"><BkToCstmrDbtCdtNtfctnV01><GrpHdr><MsgId>80309K//12554</MsgId><CreDtTm>2018-09-07T17:30:00</CreDtTm></GrpHdr><Ntfctn><Id>80309K//12554//1</Id><CreDtTm>2018-09-07T17:30:00</CreDtTm><Acct><Id><PrtryAcct><Id>20594233939774</Id></PrtryAcct></Id><Ccy>GBP</Ccy></Acct><TxsSummry><TtlNtries><NbOfNtries>4</NbOfNtries><Sum>703.25</Sum></TtlNtries><TtlCdtNtries><NbOfNtries>4</NbOfNtries><Sum>703.25</Sum></TtlCdtNtries><TtlDbtNtries><NbOfNtries>0</NbOfNtries><Sum>0.00</Sum></TtlDbtNtries></TxsSummry><Ntry><Amt Ccy="GBP">3.25</Amt><CdtDbtInd>CRDT</CdtDbtInd><Sts>BOOK</Sts><BookgDt><Dt>2018-09-07</Dt></BookgDt><BkTxCd><Prtry><Cd>SIP UKBA CR 40269</Cd></Prtry></BkTxCd><TxDtls><Refs><EndToEndId>NOREF</EndToEndId><TxId>200000000385285386</TxId></Refs><RltdPties><Dbtr><Nm>J Myers</Nm></Dbtr><DbtrAcct><Id><PrtryAcct><Id>30677921897168</Id></PrtryAcct></Id></DbtrAcct><Cdtr><Nm>SIMON MILLS</Nm></Cdtr><CdtrAcct><Id><PrtryAcct><Id>23008200231360</Id></PrtryAcct></Id></CdtrAcct><Prtry><Tp>CHEERS</Tp><Pty/></Prtry></RltdPties><RmtInf><Strd><AddtlRmtInf>NO REF</AddtlRmtInf></Strd><Strd><AddtlRmtInf>J Myers//CHEERS</AddtlRmtInf></Strd></RmtInf><RltdDts><TxDtTm>2018-09-07T17:14:57</TxDtTm></RltdDts><AddtlTxInf>2000000003852853861020180907826306779</AddtlTxInf></TxDtls><AddtlNtryInf>COMPLETE//0000//003//CREDIT</AddtlNtryInf></Ntry><Ntry><Amt Ccy="GBP">10.00</Amt><CdtDbtInd>CRDT</CdtDbtInd><Sts>BOOK</Sts><BookgDt><Dt>2018-09-07</Dt></BookgDt><BkTxCd><Prtry><Cd>SIP UKBA CR 40269</Cd></Prtry></BkTxCd><TxDtls><Refs><EndToEndId>NOREF</EndToEndId><TxId>RP4679960874432300</TxId></Refs><RltdPties><Dbtr><Nm>AKHTAR Y</Nm></Dbtr><DbtrAcct><Id><PrtryAcct><Id>20270593493229</Id></PrtryAcct></Id></DbtrAcct><Cdtr><Nm>C AFTAB</Nm></Cdtr><CdtrAcct><Id><PrtryAcct><Id>23008200421820</Id></PrtryAcct></Id></CdtrAcct><Prtry><Tp>BORROWED</Tp><Pty/></Prtry></RltdPties><RmtInf><Strd><AddtlRmtInf>NO REF</AddtlRmtInf></Strd><Strd><AddtlRmtInf>AKHTAR Y//BORROWED</AddtlRmtInf></Strd></RmtInf><RltdDts><TxDtTm>2018-09-07T17:23:22</TxDtTm></RltdDts><AddtlTxInf>RP46799608744323001020180907826200026</AddtlTxInf></TxDtls><AddtlNtryInf>COMPLETE//0000//003//CREDIT</AddtlNtryInf></Ntry><Ntry><Amt Ccy="GBP">250.00</Amt><CdtDbtInd>CRDT</CdtDbtInd><Sts>BOOK</Sts><BookgDt><Dt>2018-09-07</Dt></BookgDt><BkTxCd><Prtry><Cd>SIP UKBA CR 40269</Cd></Prtry></BkTxCd><TxDtls><Refs><EndToEndId>NOREF</EndToEndId><TxId>PA4CZ671E6VFVSUEVQ</TxId></Refs><RltdPties><Dbtr><Nm>David Abe-Johnson</Nm><PstlAdr><AdrLine>23 Pennant Road, B65 8DE</AdrLine><Ctry/></PstlAdr></Dbtr><DbtrAcct><Id><PrtryAcct><Id>04000409406894</Id></PrtryAcct></Id></DbtrAcct><Cdtr><Nm>Miss Sarah Louise</Nm></Cdtr><CdtrAcct><Id><PrtryAcct><Id>23008200093128</Id></PrtryAcct></Id></CdtrAcct></RltdPties><RmtInf><Strd><AddtlRmtInf>NO REF</AddtlRmtInf></Strd><Strd><AddtlRmtInf>David Abe-Johnson//</AddtlRmtInf></Strd></RmtInf><RltdDts><TxDtTm>2018-09-07T17:24:33</TxDtTm></RltdDts><AddtlTxInf>PA4CZ671E6VFVSUEVQ1020180907826040004</AddtlTxInf></TxDtls><AddtlNtryInf>COMPLETE//0000//003//CREDIT</AddtlNtryInf></Ntry><Ntry><Amt Ccy="GBP">440.00</Amt><CdtDbtInd>CRDT</CdtDbtInd><Sts>BOOK</Sts><BookgDt><Dt>2018-09-07</Dt></BookgDt><BkTxCd><Prtry><Cd>SIP UKBA CR 40269</Cd></Prtry></BkTxCd><TxDtls><Refs><EndToEndId>NOREF</EndToEndId><TxId>100000000385295974</TxId></Refs><RltdPties><Dbtr><Nm>Surrey Building Co</Nm></Dbtr><DbtrAcct><Id><PrtryAcct><Id>30803336628068</Id></PrtryAcct></Id></DbtrAcct><Cdtr><Nm>LEE HENSTOCK</Nm></Cdtr><CdtrAcct><Id><PrtryAcct><Id>23008200091868</Id></PrtryAcct></Id></CdtrAcct><Prtry><Tp>SURREY BUILDING</Tp><Pty/></Prtry></RltdPties><RmtInf><Strd><AddtlRmtInf>NO REF</AddtlRmtInf></Strd><Strd><AddtlRmtInf>Surrey Building Co//SURREY BUILDING</AddtlRmtInf></Strd></RmtInf><RltdDts><TxDtTm>2018-09-07T17:29:42</TxDtTm></RltdDts><AddtlTxInf>1000000003852959741020180907826308033</AddtlTxInf></TxDtls><AddtlNtryInf>COMPLETE//0000//003//CREDIT</AddtlNtryInf></Ntry></Ntfctn></BkToCstmrDbtCdtNtfctnV01></Document>