<?xml version="1.0" encoding="UTF-8"?><Document xmlns:xsi="http://www.w3.org/2001/XMLSchema-instance" xmlns="urn:iso:std:iso:20022:tech:xsd:camt.054.001.01"><BkToCstmrDbtCdtNtfctnV01><GrpHdr><MsgId>80309K//13442</MsgId><CreDtTm>2018-09-28T10:30:00</CreDtTm></GrpHdr><Ntfctn><Id>80309K//13442//1</Id><CreDtTm>2018-09-28T10:30:00</CreDtTm><Acct><Id><PrtryAcct><Id>20594233939774</Id></PrtryAcct></Id><Ccy>GBP</Ccy></Acct><TxsSummry><TtlNtries><NbOfNtries>20</NbOfNtries><Sum>4910.80</Sum></TtlNtries><TtlCdtNtries><NbOfNtries>20</NbOfNtries><Sum>4910.80</Sum></TtlCdtNtries><TtlDbtNtries><NbOfNtries>0</NbOfNtries><Sum>0.00</Sum></TtlDbtNtries></TxsSummry><Ntry><Amt Ccy="GBP">210.00</Amt><CdtDbtInd>CRDT</CdtDbtInd><Sts>BOOK</Sts><BookgDt><Dt>2018-09-28</Dt></BookgDt><BkTxCd><Prtry><Cd>SIP UKBA CR 40269</Cd></Prtry></BkTxCd><TxDtls><Refs><EndToEndId>NOREF</EndToEndId><TxId>RP4679962476960700</TxId></Refs><RltdPties><Dbtr><Nm>ERIYO I V</Nm></Dbtr><DbtrAcct><Id><PrtryAcct><Id>20067233662357</Id></PrtryAcct></Id></DbtrAcct><Cdtr><Nm>CLASSIC DIFFERENCE</Nm></Cdtr><CdtrAcct><Id><PrtryAcct><Id>23008200042452</Id></PrtryAcct></Id></CdtrAcct><Prtry><Tp>EVENT</Tp><Pty/></Prtry></RltdPties><RmtInf><Strd><AddtlRmtInf>NO REF</AddtlRmtInf></Strd><Strd><AddtlRmtInf>ERIYO I V//EVENT</AddtlRmtInf></Strd></RmtInf><RltdDts><TxDtTm>2018-09-28T10:01:26</TxDtTm></RltdDts><AddtlTxInf>RP46799624769607001020180928826200026</AddtlTxInf></TxDtls><AddtlNtryInf>COMPLETE//0000//001//CREDIT</AddtlNtryInf></Ntry><Ntry><Amt Ccy="GBP">10.00</Amt><CdtDbtInd>CRDT</CdtDbtInd><Sts>BOOK</Sts><BookgDt><Dt>2018-09-28</Dt></BookgDt><BkTxCd><Prtry><Cd>SIP UKBA CR 40269</Cd></Prtry></BkTxCd><TxDtls><Refs><EndToEndId>NOREF</EndToEndId><TxId>000000000128697797</TxId></Refs><RltdPties><Dbtr><Nm>MR L A NEED</Nm></Dbtr><DbtrAcct><Id><PrtryAcct><Id>08910314185050</Id></PrtryAcct></Id></DbtrAcct><Cdtr><Nm>MR L NEED SAVING</Nm></Cdtr><CdtrAcct><Id><PrtryAcct><Id>23008200338418</Id></PrtryAcct></Id></CdtrAcct></RltdPties><RmtInf><Strd><AddtlRmtInf>NO REF</AddtlRmtInf></Strd><Strd><AddtlRmtInf>MR L A NEED//</AddtlRmtInf></Strd></RmtInf><RltdDts><TxDtTm>2018-09-28T10:01:31</TxDtTm></RltdDts><AddtlTxInf>0000000001286977971020180928826089103</AddtlTxInf></TxDtls><AddtlNtryInf>COMPLETE//0000//001//CREDIT</AddtlNtryInf></Ntry><Ntry><Amt Ccy="GBP">9.00</Amt><CdtDbtInd>CRDT</CdtDbtInd><Sts>BOOK</Sts><BookgDt><Dt>2018-09-28</Dt></BookgDt><BkTxCd><Prtry><Cd>SIP UKBA CR 40269</Cd></Prtry></BkTxCd><TxDtls><Refs><EndToEndId>NOREF</EndToEndId><TxId>RP4669962477162200</TxId></Refs><RltdPties><Dbtr><Nm>DDICA SUSPENSE</Nm></Dbtr><DbtrAcct><Id><PrtryAcct><Id>20792998185050</Id></PrtryAcct></Id></DbtrAcct><Cdtr><Nm>20594233939774</Nm></Cdtr><CdtrAcct><Id><PrtryAcct><Id>20594233939774</Id></PrtryAcct></Id></CdtrAcct><Prtry><Tp>NO REF</Tp><Pty/></Prtry></RltdPties><RmtInf><Strd><AddtlRmtInf>NO REF</AddtlRmtInf></Strd><Strd><AddtlRmtInf>DDICA SUSPENSE//NO REF</AddtlRmtInf></Strd></RmtInf><RltdDts><TxDtTm>2018-09-28T10:02:44</TxDtTm></RltdDts><AddtlTxInf>RP46699624771622001020180928826200026</AddtlTxInf></TxDtls><AddtlNtryInf>COMPLETE//0000//001//CREDIT</AddtlNtryInf></Ntry><Ntry><Amt Ccy="GBP">20.00</Amt><CdtDbtInd>CRDT</CdtDbtInd><Sts>BOOK</Sts><BookgDt><Dt>2018-09-28</Dt></BookgDt><BkTxCd><Prtry><Cd>SIP UKBA CR 40269</Cd></Prtry></BkTxCd><TxDtls><Refs><EndToEndId>PPWD00000000AQRXO0</EndToEndId><TxId>PPWD00000000AQRXO0</TxId></Refs><RltdPties><Dbtr><Nm>PayPal</Nm><PstlAdr><AdrLine>2211 N 1st Street San Jose CA 95131</AdrLine><Ctry/></PstlAdr></Dbtr><DbtrAcct><Id><PrtryAcct><Id>23526278959595</Id></PrtryAcct></Id></DbtrAcct><Cdtr><Nm>Isaac Lerner</Nm><PstlAdr><AdrLine>24 Hurstdene Gardens</AdrLine><Ctry/></PstlAdr></Cdtr><CdtrAcct><Id><PrtryAcct><Id>23008200467869</Id></PrtryAcct></Id></CdtrAcct><Prtry><Tp>PPWDL5C622ALF8UGKA</Tp><Pty/></Prtry></RltdPties><RmtInf><Strd><RfrdDocInf><RfrdDocTp><Prtry>002</Prtry></RfrdDocTp></RfrdDocInf><AddtlRmtInf>NO REF</AddtlRmtInf></Strd><Strd><AddtlRmtInf>PayPal//PPWDL5C622ALF8UGKA</AddtlRmtInf></Strd></RmtInf><RltdDts><TxDtTm>2018-09-28T10:05:01</TxDtTm></RltdDts><AddtlTxInf>PPWD00000000AQRXO01020180928826235262</AddtlTxInf></TxDtls><AddtlNtryInf>COMPLETE//0000//001//CREDIT</AddtlNtryInf></Ntry><Ntry><Amt Ccy="GBP">301.80</Amt><CdtDbtInd>CRDT</CdtDbtInd><Sts>BOOK</Sts><BookgDt><Dt>2018-09-28</Dt></BookgDt><BkTxCd><Prtry><Cd>FDP UKBA CR 40269</Cd></Prtry></BkTxCd><TxDtls><Refs><EndToEndId>NOREF</EndToEndId><TxId>41100540675951000N</TxId><Prtry><Tp>STO REF</Tp><Ref>0000</Ref></Prtry></Refs><RltdPties><Dbtr><Nm>SGC RAIL SOLUTIONS</Nm></Dbtr><DbtrAcct><Id><PrtryAcct><Id>60214758629025</Id></PrtryAcct></Id></DbtrAcct><Cdtr><Nm>ALPHA PLASTERING</Nm></Cdtr><CdtrAcct><Id><PrtryAcct><Id>23008200036596</Id></PrtryAcct></Id></CdtrAcct><Prtry><Tp>SGC RAIL</Tp><Pty/></Prtry></RltdPties><RmtInf><Strd><AddtlRmtInf>SGC RAIL</AddtlRmtInf></Strd><Strd><AddtlRmtInf>SGC RAIL SOLUTIONS//SGC RAIL</AddtlRmtInf></Strd></RmtInf><RltdDts><TxDtTm>2018-09-28T10:05:47</TxDtTm></RltdDts><AddtlTxInf>41100540675951000N4020180928826602147</AddtlTxInf></TxDtls><AddtlNtryInf>COMPLETE//0000//001//CREDIT</AddtlNtryInf></Ntry><Ntry><Amt Ccy="GBP">1390.00</Amt><CdtDbtInd>CRDT</CdtDbtInd><Sts>BOOK</Sts><BookgDt><Dt>2018-09-28</Dt></BookgDt><BkTxCd><Prtry><Cd>SIP UKBA CR 40269</Cd></Prtry></BkTxCd><TxDtls><Refs><EndToEndId>NOREF</EndToEndId><TxId>200000000391189806</TxId></Refs><RltdPties><Dbtr><Nm>K Coombs</Nm></Dbtr><DbtrAcct><Id><PrtryAcct><Id>30948001847956</Id></PrtryAcct></Id></DbtrAcct><Cdtr><Nm>FSA</Nm></Cdtr><CdtrAcct><Id><PrtryAcct><Id>23008200347389</Id></PrtryAcct></Id></CdtrAcct><Prtry><Tp>REFUNDABLE</Tp><Pty/></Prtry></RltdPties><RmtInf><Strd><AddtlRmtInf>NO REF</AddtlRmtInf></Strd><Strd><AddtlRmtInf>K Coombs//REFUNDABLE</AddtlRmtInf></Strd></RmtInf><RltdDts><TxDtTm>2018-09-28T10:09:44</TxDtTm></RltdDts><AddtlTxInf>2000000003911898061020180928826309480</AddtlTxInf></TxDtls><AddtlNtryInf>COMPLETE//0000//001//CREDIT</AddtlNtryInf></Ntry><Ntry><Amt Ccy="GBP">37.00</Amt><CdtDbtInd>CRDT</CdtDbtInd><Sts>BOOK</Sts><BookgDt><Dt>2018-09-28</Dt></BookgDt><BkTxCd><Prtry><Cd>SIP UKBA CR 40269</Cd></Prtry></BkTxCd><TxDtls><Refs><EndToEndId>00151137632BBFFVHJ</EndToEndId><TxId>00151137632BBFFVHJ</TxId></Refs><RltdPties><Dbtr><Nm>AYSE AYDINLI</Nm></Dbtr><DbtrAcct><Id><PrtryAcct><Id>09012872107352</Id></PrtryAcct></Id></DbtrAcct><Cdtr><Nm>MRS A L AYDINLI</Nm></Cdtr><CdtrAcct><Id><PrtryAcct><Id>23008200025169</Id></PrtryAcct></Id></CdtrAcct><Prtry><Tp>ARRA</Tp><Pty/></Prtry></RltdPties><RmtInf><Strd><AddtlRmtInf>NO REF</AddtlRmtInf></Strd><Strd><AddtlRmtInf>AYSE AYDINLI//ARRA</AddtlRmtInf></Strd></RmtInf><RltdDts><TxDtTm>2018-09-28T10:09:58</TxDtTm></RltdDts><AddtlTxInf>00151137632BBFFVHJ1020180928826090128</AddtlTxInf></TxDtls><AddtlNtryInf>COMPLETE//0000//001//CREDIT</AddtlNtryInf></Ntry><Ntry><Amt Ccy="GBP">20.00</Amt><CdtDbtInd>CRDT</CdtDbtInd><Sts>BOOK</Sts><BookgDt><Dt>2018-09-28</Dt></BookgDt><BkTxCd><Prtry><Cd>SIP UKBA CR 40269</Cd></Prtry></BkTxCd><TxDtls><Refs><EndToEndId>PPWD00000000AQS05S</EndToEndId><TxId>PPWD00000000AQS05S</TxId></Refs><RltdPties><Dbtr><Nm>PayPal</Nm><PstlAdr><AdrLine>2211 N 1st Street San Jose CA 95131</AdrLine><Ctry/></PstlAdr></Dbtr><DbtrAcct><Id><PrtryAcct><Id>23526278959595</Id></PrtryAcct></Id></DbtrAcct><Cdtr><Nm>Isaac Lyndsay</Nm><PstlAdr><AdrLine>113 Littlefield Road</AdrLine><Ctry/></PstlAdr></Cdtr><CdtrAcct><Id><PrtryAcct><Id>23008200468154</Id></PrtryAcct></Id></CdtrAcct><Prtry><Tp>PPWDL4QR22ALF8XD96</Tp><Pty/></Prtry></RltdPties><RmtInf><Strd><RfrdDocInf><RfrdDocTp><Prtry>002</Prtry></RfrdDocTp></RfrdDocInf><AddtlRmtInf>NO REF</AddtlRmtInf></Strd><Strd><AddtlRmtInf>PayPal//PPWDL4QR22ALF8XD96</AddtlRmtInf></Strd></RmtInf><RltdDts><TxDtTm>2018-09-28T10:11:45</TxDtTm></RltdDts><AddtlTxInf>PPWD00000000AQS05S1020180928826235262</AddtlTxInf></TxDtls><AddtlNtryInf>COMPLETE//0000//001//CREDIT</AddtlNtryInf></Ntry><Ntry><Amt Ccy="GBP">71.00</Amt><CdtDbtInd>CRDT</CdtDbtInd><Sts>BOOK</Sts><BookgDt><Dt>2018-09-28</Dt></BookgDt><BkTxCd><Prtry><Cd>DCA UKBA CR 40269</Cd></Prtry></BkTxCd><TxDtls><Refs><EndToEndId>NOREF</EndToEndId><TxId>000000013694132401</TxId><Prtry><Tp>STO REF</Tp><Ref>0000</Ref></Prtry></Refs><RltdPties><Dbtr><Nm>23327202519655</Nm></Dbtr><DbtrAcct><Id><PrtryAcct><Id>20594263428524</Id></PrtryAcct></Id></DbtrAcct><Cdtr><Nm>JASON MALCOLM RAND</Nm></Cdtr><CdtrAcct><Id><PrtryAcct><Id>23008200060979</Id></PrtryAcct></Id></CdtrAcct><Prtry><Tp>MOTHER</Tp><Pty/></Prtry></RltdPties><RmtInf><Strd><AddtlRmtInf>NO REF</AddtlRmtInf></Strd><Strd><AddtlRmtInf>23327202519655//MOTHER</AddtlRmtInf></Strd></RmtInf><RltdDts><TxDtTm>2018-09-28T10:12:07</TxDtTm></RltdDts><AddtlTxInf>0000000136941324015020180928826205942</AddtlTxInf></TxDtls><AddtlNtryInf>COMPLETE//0000//001//CREDIT</AddtlNtryInf></Ntry><Ntry><Amt Ccy="GBP">100.00</Amt><CdtDbtInd>CRDT</CdtDbtInd><Sts>BOOK</Sts><BookgDt><Dt>2018-09-28</Dt></BookgDt><BkTxCd><Prtry><Cd>DCA UKBA CR 40269</Cd></Prtry></BkTxCd><TxDtls><Refs><EndToEndId>NOREF</EndToEndId><TxId>000000013694147601</TxId><Prtry><Tp>STO REF</Tp><Ref>0000</Ref></Prtry></Refs><RltdPties><Dbtr><Nm>23327202805334</Nm></Dbtr><DbtrAcct><Id><PrtryAcct><Id>20594263428524</Id></PrtryAcct></Id></DbtrAcct><Cdtr><Nm>SHAHID RASOOL</Nm></Cdtr><CdtrAcct><Id><PrtryAcct><Id>23008200178134</Id></PrtryAcct></Id></CdtrAcct><Prtry><Tp>MERI JAN</Tp><Pty/></Prtry></RltdPties><RmtInf><Strd><AddtlRmtInf>NO REF</AddtlRmtInf></Strd><Strd><AddtlRmtInf>23327202805334//MERI JAN</AddtlRmtInf></Strd></RmtInf><RltdDts><TxDtTm>2018-09-28T10:12:18</TxDtTm></RltdDts><AddtlTxInf>0000000136941476015020180928826205942</AddtlTxInf></TxDtls><AddtlNtryInf>COMPLETE//0000//001//CREDIT</AddtlNtryInf></Ntry><Ntry><Amt Ccy="GBP">54.00</Amt><CdtDbtInd>CRDT</CdtDbtInd><Sts>BOOK</Sts><BookgDt><Dt>2018-09-28</Dt></BookgDt><BkTxCd><Prtry><Cd>DCA UKBA CR 40269</Cd></Prtry></BkTxCd><TxDtls><Refs><EndToEndId>NOREF</EndToEndId><TxId>000000013694147801</TxId><Prtry><Tp>STO REF</Tp><Ref>0000</Ref></Prtry></Refs><RltdPties><Dbtr><Nm>23327202886237</Nm></Dbtr><DbtrAcct><Id><PrtryAcct><Id>20594263428524</Id></PrtryAcct></Id></DbtrAcct><Cdtr><Nm>23008200471444</Nm></Cdtr><CdtrAcct><Id><PrtryAcct><Id>20594233939774</Id></PrtryAcct></Id></CdtrAcct><Prtry><Tp>RTN</Tp><Pty/></Prtry></RltdPties><RmtInf><Strd><AddtlRmtInf>NO REF</AddtlRmtInf></Strd><Strd><AddtlRmtInf>23327202886237//RTN</AddtlRmtInf></Strd></RmtInf><RltdDts><TxDtTm>2018-09-28T10:12:31</TxDtTm></RltdDts><AddtlTxInf>0000000136941478015020180928826205942</AddtlTxInf></TxDtls><AddtlNtryInf>COMPLETE//0000//001//CREDIT</AddtlNtryInf></Ntry><Ntry><Amt Ccy="GBP">100.00</Amt><CdtDbtInd>CRDT</CdtDbtInd><Sts>BOOK</Sts><BookgDt><Dt>2018-09-28</Dt></BookgDt><BkTxCd><Prtry><Cd>DCA UKBA CR 40269</Cd></Prtry></BkTxCd><TxDtls><Refs><EndToEndId>NOREF</EndToEndId><TxId>000000013694147901</TxId><Prtry><Tp>STO REF</Tp><Ref>0000</Ref></Prtry></Refs><RltdPties><Dbtr><Nm>23327202879454</Nm></Dbtr><DbtrAcct><Id><PrtryAcct><Id>20594263428524</Id></PrtryAcct></Id></DbtrAcct><Cdtr><Nm>23008200470892</Nm></Cdtr><CdtrAcct><Id><PrtryAcct><Id>20594233939774</Id></PrtryAcct></Id></CdtrAcct><Prtry><Tp>RTN</Tp><Pty/></Prtry></RltdPties><RmtInf><Strd><AddtlRmtInf>NO REF</AddtlRmtInf></Strd><Strd><AddtlRmtInf>23327202879454//RTN</AddtlRmtInf></Strd></RmtInf><RltdDts><TxDtTm>2018-09-28T10:12:31</TxDtTm></RltdDts><AddtlTxInf>0000000136941479015020180928826205942</AddtlTxInf></TxDtls><AddtlNtryInf>COMPLETE//0000//001//CREDIT</AddtlNtryInf></Ntry><Ntry><Amt Ccy="GBP">30.00</Amt><CdtDbtInd>CRDT</CdtDbtInd><Sts>BOOK</Sts><BookgDt><Dt>2018-09-28</Dt></BookgDt><BkTxCd><Prtry><Cd>SIP UKBA CR 40269</Cd></Prtry></BkTxCd><TxDtls><Refs><EndToEndId>NOREF</EndToEndId><TxId>300000000396508019</TxId></Refs><RltdPties><Dbtr><Nm>L Bunn</Nm></Dbtr><DbtrAcct><Id><PrtryAcct><Id>11078310565063</Id></PrtryAcct></Id></DbtrAcct><Cdtr><Nm>ARRO</Nm></Cdtr><CdtrAcct><Id><PrtryAcct><Id>23008200085367</Id></PrtryAcct></Id></CdtrAcct><Prtry><Tp>FUEL</Tp><Pty/></Prtry></RltdPties><RmtInf><Strd><AddtlRmtInf>NO REF</AddtlRmtInf></Strd><Strd><AddtlRmtInf>L Bunn//FUEL</AddtlRmtInf></Strd></RmtInf><RltdDts><TxDtTm>2018-09-28T10:13:55</TxDtTm></RltdDts><AddtlTxInf>3000000003965080191020180928826110783</AddtlTxInf></TxDtls><AddtlNtryInf>COMPLETE//0000//001//CREDIT</AddtlNtryInf></Ntry><Ntry><Amt Ccy="GBP">20.00</Amt><CdtDbtInd>CRDT</CdtDbtInd><Sts>BOOK</Sts><BookgDt><Dt>2018-09-28</Dt></BookgDt><BkTxCd><Prtry><Cd>SIP UKBA CR 40269</Cd></Prtry></BkTxCd><TxDtls><Refs><EndToEndId>NOREF</EndToEndId><TxId>FP18271O11321818</TxId></Refs><RltdPties><Dbtr><Nm>Campbell Barry</Nm></Dbtr><DbtrAcct><Id><PrtryAcct><Id>07043635752543</Id></PrtryAcct></Id></DbtrAcct><Cdtr><Nm>OTHER ACCOUNT</Nm></Cdtr><CdtrAcct><Id><PrtryAcct><Id>23008200096273</Id></PrtryAcct></Id></CdtrAcct><Prtry><Tp>NONE</Tp><Pty/></Prtry></RltdPties><RmtInf><Strd><AddtlRmtInf>NO REF</AddtlRmtInf></Strd><Strd><AddtlRmtInf>Campbell Barry//NONE</AddtlRmtInf></Strd></RmtInf><RltdDts><TxDtTm>2018-09-28T10:16:59</TxDtTm></RltdDts><AddtlTxInf>FP18271O11321818  1020180928826070436</AddtlTxInf></TxDtls><AddtlNtryInf>COMPLETE//0000//001//CREDIT</AddtlNtryInf></Ntry><Ntry><Amt Ccy="GBP">148.00</Amt><CdtDbtInd>CRDT</CdtDbtInd><Sts>BOOK</Sts><BookgDt><Dt>2018-09-28</Dt></BookgDt><BkTxCd><Prtry><Cd>SIP UKBA CR 40269</Cd></Prtry></BkTxCd><TxDtls><Refs><EndToEndId>NOREF</EndToEndId><TxId>FP18271O11321907</TxId></Refs><RltdPties><Dbtr><Nm>Taylor Danielle</Nm></Dbtr><DbtrAcct><Id><PrtryAcct><Id>07024613405320</Id></PrtryAcct></Id></DbtrAcct><Cdtr><Nm>DANIELLE</Nm></Cdtr><CdtrAcct><Id><PrtryAcct><Id>23008200238659</Id></PrtryAcct></Id></CdtrAcct><Prtry><Tp>LUKE</Tp><Pty/></Prtry></RltdPties><RmtInf><Strd><AddtlRmtInf>NO REF</AddtlRmtInf></Strd><Strd><AddtlRmtInf>Taylor Danielle//LUKE</AddtlRmtInf></Strd></RmtInf><RltdDts><TxDtTm>2018-09-28T10:17:02</TxDtTm></RltdDts><AddtlTxInf>FP18271O11321907  1020180928826070246</AddtlTxInf></TxDtls><AddtlNtryInf>COMPLETE//0000//001//CREDIT</AddtlNtryInf></Ntry><Ntry><Amt Ccy="GBP">40.00</Amt><CdtDbtInd>CRDT</CdtDbtInd><Sts>BOOK</Sts><BookgDt><Dt>2018-09-28</Dt></BookgDt><BkTxCd><Prtry><Cd>SIP UKBA CR 40269</Cd></Prtry></BkTxCd><TxDtls><Refs><EndToEndId>NOREF</EndToEndId><TxId>100000000391205699</TxId></Refs><RltdPties><Dbtr><Nm>E Martin</Nm></Dbtr><DbtrAcct><Id><PrtryAcct><Id>77852147021668</Id></PrtryAcct></Id></DbtrAcct><Cdtr><Nm>TOS CLEAN SUPREME</Nm></Cdtr><CdtrAcct><Id><PrtryAcct><Id>23008200223887</Id></PrtryAcct></Id></CdtrAcct><Prtry><Tp>00003</Tp><Pty/></Prtry></RltdPties><RmtInf><Strd><AddtlRmtInf>NO REF</AddtlRmtInf></Strd><Strd><AddtlRmtInf>E Martin//00003</AddtlRmtInf></Strd></RmtInf><RltdDts><TxDtTm>2018-09-28T10:19:09</TxDtTm></RltdDts><AddtlTxInf>1000000003912056991020180928826778521</AddtlTxInf></TxDtls><AddtlNtryInf>COMPLETE//0000//001//CREDIT</AddtlNtryInf></Ntry><Ntry><Amt Ccy="GBP">1610.00</Amt><CdtDbtInd>CRDT</CdtDbtInd><Sts>BOOK</Sts><BookgDt><Dt>2018-09-28</Dt></BookgDt><BkTxCd><Prtry><Cd>SIP UKBA CR 40269</Cd></Prtry></BkTxCd><TxDtls><Refs><EndToEndId>000000FT18271DBZDS</EndToEndId><TxId>000000FT18271DBZDS</TxId></Refs><RltdPties><Dbtr><Nm>STEVEN BURROW T A P P CONSULTANTS</Nm><PstlAdr><AdrLine>150 HAYNES ROAD;HORNCHURCH</AdrLine><Ctry/></PstlAdr></Dbtr><DbtrAcct><Id><PrtryAcct><Id>23058022264532</Id></PrtryAcct></Id></DbtrAcct><Cdtr><Nm>business services</Nm><PstlAdr><AdrLine>WIRECARD;WIRECARD CARD SOLUTIONS</AdrLine><Ctry/></PstlAdr></Cdtr><CdtrAcct><Id><PrtryAcct><Id>23008200293386</Id></PrtryAcct></Id></CdtrAcct><Prtry><Tp>ms tara a hofmeist</Tp><Pty/></Prtry></RltdPties><RmtInf><Strd><AddtlRmtInf>NO REF</AddtlRmtInf></Strd><Strd><AddtlRmtInf>STEVEN BURROW T A //ms tara a hofmeist</AddtlRmtInf></Strd></RmtInf><RltdDts><TxDtTm>2018-09-28T10:22:06</TxDtTm></RltdDts><AddtlTxInf>000000FT18271DBZDS1020180928826230580</AddtlTxInf></TxDtls><AddtlNtryInf>COMPLETE//0000//001//CREDIT</AddtlNtryInf></Ntry><Ntry><Amt Ccy="GBP">10.00</Amt><CdtDbtInd>CRDT</CdtDbtInd><Sts>BOOK</Sts><BookgDt><Dt>2018-09-28</Dt></BookgDt><BkTxCd><Prtry><Cd>DCA UKBA CR 40269</Cd></Prtry></BkTxCd><TxDtls><Refs><EndToEndId>NOREF</EndToEndId><TxId>000000013694302901</TxId><Prtry><Tp>STO REF</Tp><Ref>5040</Ref></Prtry></Refs><RltdPties><Dbtr><Nm>O ADEBAYO</Nm></Dbtr><DbtrAcct><Id><PrtryAcct><Id>20035373152596</Id></PrtryAcct></Id></DbtrAcct><Cdtr><Nm>ROBERT TURNER</Nm></Cdtr><CdtrAcct><Id><PrtryAcct><Id>23008200472636</Id></PrtryAcct></Id></CdtrAcct><Prtry><Tp>LAUNDRY</Tp><Pty/></Prtry></RltdPties><RmtInf><Strd><AddtlRmtInf>NO REF</AddtlRmtInf></Strd><Strd><AddtlRmtInf>O ADEBAYO//LAUNDRY</AddtlRmtInf></Strd></RmtInf><RltdDts><TxDtTm>2018-09-28T10:22:09</TxDtTm></RltdDts><AddtlTxInf>0000000136943029015020180928826200353</AddtlTxInf></TxDtls><AddtlNtryInf>COMPLETE//0000//001//CREDIT</AddtlNtryInf></Ntry><Ntry><Amt Ccy="GBP">600.00</Amt><CdtDbtInd>CRDT</CdtDbtInd><Sts>BOOK</Sts><BookgDt><Dt>2018-09-28</Dt></BookgDt><BkTxCd><Prtry><Cd>SIP UKBA CR 40269</Cd></Prtry></BkTxCd><TxDtls><Refs><EndToEndId>NOREF</EndToEndId><TxId>100000000391209433</TxId></Refs><RltdPties><Dbtr><Nm>Z Newcombe</Nm></Dbtr><DbtrAcct><Id><PrtryAcct><Id>11060211796864</Id></PrtryAcct></Id></DbtrAcct><Cdtr><Nm>MISS ZOE NEWCOMBE</Nm></Cdtr><CdtrAcct><Id><PrtryAcct><Id>23008200450078</Id></PrtryAcct></Id></CdtrAcct></RltdPties><RmtInf><Strd><AddtlRmtInf>NO REF</AddtlRmtInf></Strd><Strd><AddtlRmtInf>Z Newcombe//</AddtlRmtInf></Strd></RmtInf><RltdDts><TxDtTm>2018-09-28T10:25:02</TxDtTm></RltdDts><AddtlTxInf>1000000003912094331020180928826110602</AddtlTxInf></TxDtls><AddtlNtryInf>COMPLETE//0000//001//CREDIT</AddtlNtryInf></Ntry><Ntry><Amt Ccy="GBP">130.00</Amt><CdtDbtInd>CRDT</CdtDbtInd><Sts>BOOK</Sts><BookgDt><Dt>2018-09-28</Dt></BookgDt><BkTxCd><Prtry><Cd>SIP UKBA CR 40269</Cd></Prtry></BkTxCd><TxDtls><Refs><EndToEndId>NOREF</EndToEndId><TxId>180928102625100757</TxId></Refs><RltdPties><Dbtr><Nm>Jennifer Walmsley</Nm></Dbtr><DbtrAcct><Id><PrtryAcct><Id>77202459894468</Id></PrtryAcct></Id></DbtrAcct><Cdtr><Nm>kris arro</Nm></Cdtr><CdtrAcct><Id><PrtryAcct><Id>23008200414931</Id></PrtryAcct></Id></CdtrAcct></RltdPties><RmtInf><Strd><AddtlRmtInf>NO REF</AddtlRmtInf></Strd><Strd><AddtlRmtInf>Jennifer Walmsley//</AddtlRmtInf></Strd></RmtInf><RltdDts><TxDtTm>2018-09-28T10:26:22</TxDtTm></RltdDts><AddtlTxInf>1809281026251007571020180928826772024</AddtlTxInf></TxDtls><AddtlNtryInf>COMPLETE//0000//001//CREDIT</AddtlNtryInf></Ntry></Ntfctn></BkToCstmrDbtCdtNtfctnV01></Document>