<?xml version="1.0" encoding="UTF-8"?><Document xmlns:xsi="http://www.w3.org/2001/XMLSchema-instance" xmlns="urn:iso:std:iso:20022:tech:xsd:camt.054.001.01"><BkToCstmrDbtCdtNtfctnV01><GrpHdr><MsgId>80309K//12737</MsgId><CreDtTm>2018-09-12T04:00:00</CreDtTm></GrpHdr><Ntfctn><Id>80309K//12737//1</Id><CreDtTm>2018-09-12T04:00:00</CreDtTm><Acct><Id><PrtryAcct><Id>20594233939774</Id></PrtryAcct></Id><Ccy>GBP</Ccy></Acct><TxsSummry><TtlNtries><NbOfNtries>2</NbOfNtries><Sum>83.00</Sum></TtlNtries><TtlCdtNtries><NbOfNtries>2</NbOfNtries><Sum>83.00</Sum></TtlCdtNtries><TtlDbtNtries><NbOfNtries>0</NbOfNtries><Sum>0.00</Sum></TtlDbtNtries></TxsSummry><Ntry><Amt Ccy="GBP">18.00</Amt><CdtDbtInd>CRDT</CdtDbtInd><Sts>BOOK</Sts><BookgDt><Dt>2018-09-12</Dt></BookgDt><BkTxCd><Prtry><Cd>SIP UKBA CR 40269</Cd></Prtry></BkTxCd><TxDtls><Refs><EndToEndId>NOREF</EndToEndId><TxId>200000000386354518</TxId></Refs><RltdPties><Dbtr><Nm>A Aziz</Nm></Dbtr><DbtrAcct><Id><PrtryAcct><Id>30929040300760</Id></PrtryAcct></Id></DbtrAcct><Cdtr><Nm>A ROB ARRO</Nm></Cdtr><CdtrAcct><Id><PrtryAcct><Id>23008200195107</Id></PrtryAcct></Id></CdtrAcct><Prtry><Tp>ARRO</Tp><Pty/></Prtry></RltdPties><RmtInf><Strd><AddtlRmtInf>NO REF</AddtlRmtInf></Strd><Strd><AddtlRmtInf>A Aziz//ARRO</AddtlRmtInf></Strd></RmtInf><RltdDts><TxDtTm>2018-09-12T03:53:37</TxDtTm></RltdDts><AddtlTxInf>2000000003863545181020180912826309290</AddtlTxInf></TxDtls><AddtlNtryInf>COMPLETE//0000//003//CREDIT</AddtlNtryInf></Ntry><Ntry><Amt Ccy="GBP">65.00</Amt><CdtDbtInd>CRDT</CdtDbtInd><Sts>BOOK</Sts><BookgDt><Dt>2018-09-12</Dt></BookgDt><BkTxCd><Prtry><Cd>SIP UKBA CR 40269</Cd></Prtry></BkTxCd><TxDtls><Refs><EndToEndId>NOREF</EndToEndId><TxId>60035801584413000R</TxId><Prtry><Tp>STO REF</Tp><Ref>0000</Ref></Prtry></Refs><RltdPties><Dbtr><Nm>MIROSLAV  HORVATH</Nm><PstlAdr><AdrLine>107 BOLSOVER ROAD;</AdrLine><AdrLine>SHEFFIELD;</AdrLine><AdrLine>SOUTH YORK     S5 6US</AdrLine><Ctry/></PstlAdr></Dbtr><DbtrAcct><Id><PrtryAcct><Id>16313021889464</Id></PrtryAcct></Id></DbtrAcct><Cdtr><Nm>M HORVATH</Nm></Cdtr><CdtrAcct><Id><PrtryAcct><Id>23008200206438</Id></PrtryAcct></Id></CdtrAcct><Prtry><Tp>MIROSLAV HORVATH</Tp><Pty/></Prtry></RltdPties><RmtInf><Strd><AddtlRmtInf>MIROSLAV HORVATH</AddtlRmtInf></Strd><Strd><AddtlRmtInf>MIROSLAV  HORVATH//MIROSLAV HORVATH</AddtlRmtInf></Strd></RmtInf><RltdDts><TxDtTm>2018-09-12T03:58:01</TxDtTm></RltdDts><AddtlTxInf>60035801584413000R1020180912826163130</AddtlTxInf></TxDtls><AddtlNtryInf>COMPLETE//0000//003//CREDIT</AddtlNtryInf></Ntry></Ntfctn></BkToCstmrDbtCdtNtfctnV01></Document>