<?xml version="1.0" encoding="UTF-8"?><Document xmlns:xsi="http://www.w3.org/2001/XMLSchema-instance" xmlns="urn:iso:std:iso:20022:tech:xsd:camt.054.001.01"><BkToCstmrDbtCdtNtfctnV01><GrpHdr><MsgId>80309K//13284</MsgId><CreDtTm>2018-09-24T21:30:00</CreDtTm></GrpHdr><Ntfctn><Id>80309K//13284//1</Id><CreDtTm>2018-09-24T21:30:00</CreDtTm><Acct><Id><PrtryAcct><Id>20594233939774</Id></PrtryAcct></Id><Ccy>GBP</Ccy></Acct><TxsSummry><TtlNtries><NbOfNtries>5</NbOfNtries><Sum>1475.00</Sum></TtlNtries><TtlCdtNtries><NbOfNtries>5</NbOfNtries><Sum>1475.00</Sum></TtlCdtNtries><TtlDbtNtries><NbOfNtries>0</NbOfNtries><Sum>0.00</Sum></TtlDbtNtries></TxsSummry><Ntry><Amt Ccy="GBP">15.00</Amt><CdtDbtInd>CRDT</CdtDbtInd><Sts>BOOK</Sts><BookgDt><Dt>2018-09-25</Dt></BookgDt><BkTxCd><Prtry><Cd>SIP UKBA CR 40269</Cd></Prtry></BkTxCd><TxDtls><Refs><EndToEndId>NOREF</EndToEndId><TxId>FP18267O07377979</TxId></Refs><RltdPties><Dbtr><Nm>Githinji Patrick</Nm></Dbtr><DbtrAcct><Id><PrtryAcct><Id>07043617418121</Id></PrtryAcct></Id></DbtrAcct><Cdtr><Nm>ANN KIMANI</Nm></Cdtr><CdtrAcct><Id><PrtryAcct><Id>23008200293148</Id></PrtryAcct></Id></CdtrAcct><Prtry><Tp>KIMANI</Tp><Pty/></Prtry></RltdPties><RmtInf><Strd><AddtlRmtInf>NO REF</AddtlRmtInf></Strd><Strd><AddtlRmtInf>Githinji Patrick//KIMANI</AddtlRmtInf></Strd></RmtInf><RltdDts><TxDtTm>2018-09-24T21:00:14</TxDtTm></RltdDts><AddtlTxInf>FP18267O07377979  1020180924826070436</AddtlTxInf></TxDtls><AddtlNtryInf>COMPLETE//0000//003//CREDIT</AddtlNtryInf></Ntry><Ntry><Amt Ccy="GBP">300.00</Amt><CdtDbtInd>CRDT</CdtDbtInd><Sts>BOOK</Sts><BookgDt><Dt>2018-09-25</Dt></BookgDt><BkTxCd><Prtry><Cd>SIP UKBA CR 40269</Cd></Prtry></BkTxCd><TxDtls><Refs><EndToEndId>NOREF</EndToEndId><TxId>23210209667862000N</TxId><Prtry><Tp>STO REF</Tp><Ref>0000</Ref></Prtry></Refs><RltdPties><Dbtr><Nm>BENNETT RE &amp; PJ</Nm></Dbtr><DbtrAcct><Id><PrtryAcct><Id>52414647550465</Id></PrtryAcct></Id></DbtrAcct><Cdtr><Nm>MICHAEL DAVIS</Nm></Cdtr><CdtrAcct><Id><PrtryAcct><Id>23008200464452</Id></PrtryAcct></Id></CdtrAcct></RltdPties><RmtInf><Strd><AddtlRmtInf>BENNETT RE &amp; PJ</AddtlRmtInf></Strd><Strd><AddtlRmtInf>BENNETT RE &amp; PJ//</AddtlRmtInf></Strd></RmtInf><RltdDts><TxDtTm>2018-09-24T21:02:10</TxDtTm></RltdDts><AddtlTxInf>23210209667862000N1020180924826524146</AddtlTxInf></TxDtls><AddtlNtryInf>COMPLETE//0000//003//CREDIT</AddtlNtryInf></Ntry><Ntry><Amt Ccy="GBP">50.00</Amt><CdtDbtInd>CRDT</CdtDbtInd><Sts>BOOK</Sts><BookgDt><Dt>2018-09-25</Dt></BookgDt><BkTxCd><Prtry><Cd>SIP UKBA CR 40269</Cd></Prtry></BkTxCd><TxDtls><Refs><EndToEndId>NOREF</EndToEndId><TxId>500000000391504293</TxId></Refs><RltdPties><Dbtr><Nm>A Simmons</Nm></Dbtr><DbtrAcct><Id><PrtryAcct><Id>11068113384465</Id></PrtryAcct></Id></DbtrAcct><Cdtr><Nm>R. DENNAN</Nm></Cdtr><CdtrAcct><Id><PrtryAcct><Id>23008200465242</Id></PrtryAcct></Id></CdtrAcct><Prtry><Tp>LIAM STOREY</Tp><Pty/></Prtry></RltdPties><RmtInf><Strd><AddtlRmtInf>NO REF</AddtlRmtInf></Strd><Strd><AddtlRmtInf>A Simmons//LIAM STOREY</AddtlRmtInf></Strd></RmtInf><RltdDts><TxDtTm>2018-09-24T21:03:09</TxDtTm></RltdDts><AddtlTxInf>5000000003915042931020180924826110681</AddtlTxInf></TxDtls><AddtlNtryInf>COMPLETE//0000//003//CREDIT</AddtlNtryInf></Ntry><Ntry><Amt Ccy="GBP">1100.00</Amt><CdtDbtInd>CRDT</CdtDbtInd><Sts>BOOK</Sts><BookgDt><Dt>2018-09-25</Dt></BookgDt><BkTxCd><Prtry><Cd>SIP UKBA CR 40269</Cd></Prtry></BkTxCd><TxDtls><Refs><EndToEndId>BA AVIOS PURCHASE</EndToEndId><TxId>32210954249375000N</TxId><Prtry><Tp>STO REF</Tp><Ref>0000</Ref></Prtry></Refs><RltdPties><Dbtr><Nm>PROTOSS CONSULTANC</Nm></Dbtr><DbtrAcct><Id><PrtryAcct><Id>01083861039241</Id></PrtryAcct></Id></DbtrAcct><Cdtr><Nm>LUCAS TRAVEL</Nm></Cdtr><CdtrAcct><Id><PrtryAcct><Id>23008200459262</Id></PrtryAcct></Id></CdtrAcct><Prtry><Tp>BA AVIOS PURCHASE</Tp><Pty/></Prtry></RltdPties><RmtInf><Strd><AddtlRmtInf>PROTOSS CONSULTANCBA AVIOS PURCHASE VIA ONLINE - PYMT</AddtlRmtInf></Strd><Strd><AddtlRmtInf>PROTOSS CONSULTANC//BA AVIOS PURCHASE</AddtlRmtInf></Strd></RmtInf><RltdDts><TxDtTm>2018-09-24T21:09:54</TxDtTm></RltdDts><AddtlTxInf>32210954249375000N1020180924826010838</AddtlTxInf></TxDtls><AddtlNtryInf>COMPLETE//0000//003//CREDIT</AddtlNtryInf></Ntry><Ntry><Amt Ccy="GBP">10.00</Amt><CdtDbtInd>CRDT</CdtDbtInd><Sts>BOOK</Sts><BookgDt><Dt>2018-09-25</Dt></BookgDt><BkTxCd><Prtry><Cd>SIP UKBA CR 40269</Cd></Prtry></BkTxCd><TxDtls><Refs><EndToEndId>X</EndToEndId><TxId>33212200895137000N</TxId><Prtry><Tp>STO REF</Tp><Ref>0000</Ref></Prtry></Refs><RltdPties><Dbtr><Nm>BRIODY L</Nm></Dbtr><DbtrAcct><Id><PrtryAcct><Id>60302134888802</Id></PrtryAcct></Id></DbtrAcct><Cdtr><Nm>ME</Nm></Cdtr><CdtrAcct><Id><PrtryAcct><Id>23008200170994</Id></PrtryAcct></Id></CdtrAcct><Prtry><Tp>X</Tp><Pty/></Prtry></RltdPties><RmtInf><Strd><AddtlRmtInf>BRIODY L          X                 VIA MOBILE - LVP</AddtlRmtInf></Strd><Strd><AddtlRmtInf>BRIODY L//X</AddtlRmtInf></Strd></RmtInf><RltdDts><TxDtTm>2018-09-24T21:22:01</TxDtTm></RltdDts><AddtlTxInf>33212200895137000N1020180924826603021</AddtlTxInf></TxDtls><AddtlNtryInf>COMPLETE//0000//003//CREDIT</AddtlNtryInf></Ntry></Ntfctn></BkToCstmrDbtCdtNtfctnV01></Document>