<?xml version="1.0" encoding="UTF-8"?><Document xmlns:xsi="http://www.w3.org/2001/XMLSchema-instance" xmlns="urn:iso:std:iso:20022:tech:xsd:camt.054.001.01"><BkToCstmrDbtCdtNtfctnV01><GrpHdr><MsgId>80309K//13294</MsgId><CreDtTm>2018-09-25T02:30:00</CreDtTm></GrpHdr><Ntfctn><Id>80309K//13294//1</Id><CreDtTm>2018-09-25T02:30:00</CreDtTm><Acct><Id><PrtryAcct><Id>20594233939774</Id></PrtryAcct></Id><Ccy>GBP</Ccy></Acct><TxsSummry><TtlNtries><NbOfNtries>1</NbOfNtries><Sum>20.00</Sum></TtlNtries><TtlCdtNtries><NbOfNtries>1</NbOfNtries><Sum>20.00</Sum></TtlCdtNtries><TtlDbtNtries><NbOfNtries>0</NbOfNtries><Sum>0.00</Sum></TtlDbtNtries></TxsSummry><Ntry><Amt Ccy="GBP">20.00</Amt><CdtDbtInd>CRDT</CdtDbtInd><Sts>BOOK</Sts><BookgDt><Dt>2018-09-25</Dt></BookgDt><BkTxCd><Prtry><Cd>SIP UKBA CR 40269</Cd></Prtry></BkTxCd><TxDtls><Refs><EndToEndId>NOREF</EndToEndId><TxId>FP18268O07546424</TxId></Refs><RltdPties><Dbtr><Nm>LOPEZ OLUWAGBOYEGA</Nm></Dbtr><DbtrAcct><Id><PrtryAcct><Id>07043639096128</Id></PrtryAcct></Id></DbtrAcct><Cdtr><Nm>PATRICK OKOH</Nm></Cdtr><CdtrAcct><Id><PrtryAcct><Id>23008200042452</Id></PrtryAcct></Id></CdtrAcct><Prtry><Tp>LOPEZ</Tp><Pty/></Prtry></RltdPties><RmtInf><Strd><AddtlRmtInf>NO REF</AddtlRmtInf></Strd><Strd><AddtlRmtInf>LOPEZ OLUWAGBOYEGA//LOPEZ</AddtlRmtInf></Strd></RmtInf><RltdDts><TxDtTm>2018-09-25T02:29:17</TxDtTm></RltdDts><AddtlTxInf>FP18268O07546424  1020180925826070436</AddtlTxInf></TxDtls><AddtlNtryInf>COMPLETE//0000//003//CREDIT</AddtlNtryInf></Ntry></Ntfctn></BkToCstmrDbtCdtNtfctnV01></Document>