<?xml version="1.0" encoding="UTF-8"?><Document xmlns:xsi="http://www.w3.org/2001/XMLSchema-instance" xmlns="urn:iso:std:iso:20022:tech:xsd:camt.054.001.01"><BkToCstmrDbtCdtNtfctnV01><GrpHdr><MsgId>80309K//12777</MsgId><CreDtTm>2018-09-13T02:00:00</CreDtTm></GrpHdr><Ntfctn><Id>80309K//12777//1</Id><CreDtTm>2018-09-13T02:00:00</CreDtTm><Acct><Id><PrtryAcct><Id>20594233939774</Id></PrtryAcct></Id><Ccy>GBP</Ccy></Acct><TxsSummry><TtlNtries><NbOfNtries>3</NbOfNtries><Sum>60.01</Sum></TtlNtries><TtlCdtNtries><NbOfNtries>3</NbOfNtries><Sum>60.01</Sum></TtlCdtNtries><TtlDbtNtries><NbOfNtries>0</NbOfNtries><Sum>0.00</Sum></TtlDbtNtries></TxsSummry><Ntry><Amt Ccy="GBP">0.01</Amt><CdtDbtInd>CRDT</CdtDbtInd><Sts>BOOK</Sts><BookgDt><Dt>2018-09-13</Dt></BookgDt><BkTxCd><Prtry><Cd>SIP UKBA CR 40269</Cd></Prtry></BkTxCd><TxDtls><Refs><EndToEndId>PPRD00000000AMX520</EndToEndId><TxId>PPRD00000000AMX520</TxId></Refs><RltdPties><Dbtr><Nm>PAYPAL CODE 8084</Nm><PstlAdr><AdrLine>2211 N 1st Street San Jose CA 95131</AdrLine><Ctry/></PstlAdr></Dbtr><DbtrAcct><Id><PrtryAcct><Id>23526285010101</Id></PrtryAcct></Id></DbtrAcct><Cdtr><Nm>Gurpreet Lagah</Nm><PstlAdr><AdrLine>86-90 PAUL STREET</AdrLine><Ctry/></PstlAdr></Cdtr><CdtrAcct><Id><PrtryAcct><Id>23008200223247</Id></PrtryAcct></Id></CdtrAcct><Prtry><Tp>PAYPAL CODE 8084</Tp><Pty/></Prtry></RltdPties><RmtInf><Strd><RfrdDocInf><RfrdDocTp><Prtry>002</Prtry></RfrdDocTp></RfrdDocInf><AddtlRmtInf>NO REF</AddtlRmtInf></Strd><Strd><AddtlRmtInf>PAYPAL CODE 8084//PAYPAL CODE 8084</AddtlRmtInf></Strd></RmtInf><RltdDts><TxDtTm>2018-09-13T01:43:55</TxDtTm></RltdDts><AddtlTxInf>PPRD00000000AMX5201020180913826235262</AddtlTxInf></TxDtls><AddtlNtryInf>COMPLETE//0000//003//CREDIT</AddtlNtryInf></Ntry><Ntry><Amt Ccy="GBP">55.00</Amt><CdtDbtInd>CRDT</CdtDbtInd><Sts>BOOK</Sts><BookgDt><Dt>2018-09-13</Dt></BookgDt><BkTxCd><Prtry><Cd>SIP UKBA CR 40269</Cd></Prtry></BkTxCd><TxDtls><Refs><EndToEndId>NOREF</EndToEndId><TxId>863283934410319001</TxId><Prtry><Tp>STO REF</Tp><Ref>0000</Ref></Prtry></Refs><RltdPties><Dbtr><Nm>MARTIN D J</Nm></Dbtr><DbtrAcct><Id><PrtryAcct><Id>40433182859475</Id></PrtryAcct></Id></DbtrAcct><Cdtr><Nm>Arro account</Nm></Cdtr><CdtrAcct><Id><PrtryAcct><Id>23008200289809</Id></PrtryAcct></Id></CdtrAcct><Prtry><Tp>Money in</Tp><Pty/></Prtry></RltdPties><RmtInf><Strd><AddtlRmtInf>NO REF</AddtlRmtInf></Strd><Strd><AddtlRmtInf>MARTIN D J//Money in</AddtlRmtInf></Strd></RmtInf><RltdDts><TxDtTm>2018-09-13T01:44:39</TxDtTm></RltdDts><AddtlTxInf>8632839344103190011020180913826404331</AddtlTxInf></TxDtls><AddtlNtryInf>COMPLETE//0000//003//CREDIT</AddtlNtryInf></Ntry><Ntry><Amt Ccy="GBP">5.00</Amt><CdtDbtInd>CRDT</CdtDbtInd><Sts>BOOK</Sts><BookgDt><Dt>2018-09-13</Dt></BookgDt><BkTxCd><Prtry><Cd>DCA UKBA CR 40269</Cd></Prtry></BkTxCd><TxDtls><Refs><EndToEndId>NOREF</EndToEndId><TxId>000000013551163801</TxId><Prtry><Tp>STO REF</Tp><Ref>2870</Ref></Prtry></Refs><RltdPties><Dbtr><Nm>- IVAYLO FANTASTIC</Nm></Dbtr><DbtrAcct><Id><PrtryAcct><Id>20035373152596</Id></PrtryAcct></Id></DbtrAcct><Cdtr><Nm>I CHAKAR</Nm></Cdtr><CdtrAcct><Id><PrtryAcct><Id>23008200039961</Id></PrtryAcct></Id></CdtrAcct><Prtry><Tp>OTRARRO</Tp><Pty/></Prtry></RltdPties><RmtInf><Strd><AddtlRmtInf>NO REF</AddtlRmtInf></Strd><Strd><AddtlRmtInf>- IVAYLO FANTASTIC//OTRARRO</AddtlRmtInf></Strd></RmtInf><RltdDts><TxDtTm>2018-09-13T01:51:31</TxDtTm></RltdDts><AddtlTxInf>0000000135511638015020180913826200353</AddtlTxInf></TxDtls><AddtlNtryInf>COMPLETE//0000//003//CREDIT</AddtlNtryInf></Ntry></Ntfctn></BkToCstmrDbtCdtNtfctnV01></Document>