<?xml version="1.0" encoding="UTF-8"?><Document xmlns:xsi="http://www.w3.org/2001/XMLSchema-instance" xmlns="urn:iso:std:iso:20022:tech:xsd:camt.054.001.01"><BkToCstmrDbtCdtNtfctnV01><GrpHdr><MsgId>80309K//13074</MsgId><CreDtTm>2018-09-19T23:30:00</CreDtTm></GrpHdr><Ntfctn><Id>80309K//13074//1</Id><CreDtTm>2018-09-19T23:30:00</CreDtTm><Acct><Id><PrtryAcct><Id>20594233939774</Id></PrtryAcct></Id><Ccy>GBP</Ccy></Acct><TxsSummry><TtlNtries><NbOfNtries>6</NbOfNtries><Sum>813.36</Sum></TtlNtries><TtlCdtNtries><NbOfNtries>4</NbOfNtries><Sum>134.26</Sum></TtlCdtNtries><TtlDbtNtries><NbOfNtries>2</NbOfNtries><Sum>679.10</Sum></TtlDbtNtries></TxsSummry><Ntry><Amt Ccy="GBP">547.10</Amt><CdtDbtInd>DBIT</CdtDbtInd><Sts>BOOK</Sts><BookgDt><Dt>2018-09-20</Dt></BookgDt><BkTxCd><Prtry><Cd>AUT UKBA DR 30278</Cd></Prtry></BkTxCd><TxDtls><Refs><TxId>000000000337186200</TxId></Refs><RltdPties><DbtrAcct><Id><PrtryAcct><Id>20594233939774</Id></PrtryAcct></Id></DbtrAcct></RltdPties><RmtInf><Strd><AddtlRmtInf>NO REF</AddtlRmtInf></Strd><Strd><AddtlRmtInf>20180919A44639//7S      F2B9P91996</AddtlRmtInf></Strd></RmtInf><RltdDts><TxDtTm>2018-09-19T23:01:51</TxDtTm></RltdDts><AddtlTxInf>0000000003371862000020180919826205942</AddtlTxInf></TxDtls><AddtlNtryInf>AUTHSENT//0000//003//DEBIT</AddtlNtryInf></Ntry><Ntry><Amt Ccy="GBP">39.00</Amt><CdtDbtInd>CRDT</CdtDbtInd><Sts>BOOK</Sts><BookgDt><Dt>2018-09-20</Dt></BookgDt><BkTxCd><Prtry><Cd>DCA UKBA CR 40269</Cd></Prtry></BkTxCd><TxDtls><Refs><EndToEndId>NOREF</EndToEndId><TxId>000000013613900801</TxId><Prtry><Tp>STO REF</Tp><Ref>0000</Ref></Prtry></Refs><RltdPties><Dbtr><Nm>23008200447963</Nm></Dbtr><DbtrAcct><Id><PrtryAcct><Id>20594233939774</Id></PrtryAcct></Id></DbtrAcct><Cdtr><Nm>NANCY STRICKLAND</Nm></Cdtr><CdtrAcct><Id><PrtryAcct><Id>23008200455245</Id></PrtryAcct></Id></CdtrAcct></RltdPties><RmtInf><Strd><AddtlRmtInf>NO REF</AddtlRmtInf></Strd><Strd><AddtlRmtInf>23008200447963//</AddtlRmtInf></Strd></RmtInf><RltdDts><TxDtTm>2018-09-19T23:01:54</TxDtTm></RltdDts><AddtlTxInf>0000000136139008015020180919826205942</AddtlTxInf></TxDtls><AddtlNtryInf>COMPLETE//0000//003//CREDIT</AddtlNtryInf></Ntry><Ntry><Amt Ccy="GBP">132.00</Amt><CdtDbtInd>DBIT</CdtDbtInd><Sts>BOOK</Sts><BookgDt><Dt>2018-09-20</Dt></BookgDt><BkTxCd><Prtry><Cd>AUT UKBA DR 30278</Cd></Prtry></BkTxCd><TxDtls><Refs><TxId>000000000337186300</TxId></Refs><RltdPties><DbtrAcct><Id><PrtryAcct><Id>20594233939774</Id></PrtryAcct></Id></DbtrAcct></RltdPties><RmtInf><Strd><AddtlRmtInf>NO REF</AddtlRmtInf></Strd><Strd><AddtlRmtInf>20180919A44639//7S      F2B7UUS994</AddtlRmtInf></Strd></RmtInf><RltdDts><TxDtTm>2018-09-19T23:02:04</TxDtTm></RltdDts><AddtlTxInf>0000000003371863000020180919826205942</AddtlTxInf></TxDtls><AddtlNtryInf>AUTHSENT//0000//003//DEBIT</AddtlNtryInf></Ntry><Ntry><Amt Ccy="GBP">50.00</Amt><CdtDbtInd>CRDT</CdtDbtInd><Sts>BOOK</Sts><BookgDt><Dt>2018-09-20</Dt></BookgDt><BkTxCd><Prtry><Cd>SIP UKBA CR 40269</Cd></Prtry></BkTxCd><TxDtls><Refs><EndToEndId>NOREF</EndToEndId><TxId>RP4679961777357700</TxId></Refs><RltdPties><Dbtr><Nm>MASAMBUNDU J M</Nm></Dbtr><DbtrAcct><Id><PrtryAcct><Id>20530043930157</Id></PrtryAcct></Id></DbtrAcct><Cdtr><Nm>MISS M QUARTEY</Nm></Cdtr><CdtrAcct><Id><PrtryAcct><Id>23008200182550</Id></PrtryAcct></Id></CdtrAcct><Prtry><Tp>JESSICA</Tp><Pty/></Prtry></RltdPties><RmtInf><Strd><AddtlRmtInf>NO REF</AddtlRmtInf></Strd><Strd><AddtlRmtInf>MASAMBUNDU J M//JESSICA</AddtlRmtInf></Strd></RmtInf><RltdDts><TxDtTm>2018-09-19T23:05:33</TxDtTm></RltdDts><AddtlTxInf>RP46799617773577001020180919826200026</AddtlTxInf></TxDtls><AddtlNtryInf>COMPLETE//0000//003//CREDIT</AddtlNtryInf></Ntry><Ntry><Amt Ccy="GBP">0.01</Amt><CdtDbtInd>CRDT</CdtDbtInd><Sts>BOOK</Sts><BookgDt><Dt>2018-09-20</Dt></BookgDt><BkTxCd><Prtry><Cd>SIP UKBA CR 40269</Cd></Prtry></BkTxCd><TxDtls><Refs><EndToEndId>PPRD00000000AOOBGY</EndToEndId><TxId>PPRD00000000AOOBGY</TxId></Refs><RltdPties><Dbtr><Nm>PAYPAL CODE 4393</Nm><PstlAdr><AdrLine>2211 N 1st Street San Jose CA 95131</AdrLine><Ctry/></PstlAdr></Dbtr><DbtrAcct><Id><PrtryAcct><Id>23526285010101</Id></PrtryAcct></Id></DbtrAcct><Cdtr><Nm>Kerry morgan</Nm><PstlAdr><AdrLine>35 Highbank</AdrLine><Ctry/></PstlAdr></Cdtr><CdtrAcct><Id><PrtryAcct><Id>23008200321741</Id></PrtryAcct></Id></CdtrAcct><Prtry><Tp>PAYPAL CODE 4393</Tp><Pty/></Prtry></RltdPties><RmtInf><Strd><RfrdDocInf><RfrdDocTp><Prtry>002</Prtry></RfrdDocTp></RfrdDocInf><AddtlRmtInf>NO REF</AddtlRmtInf></Strd><Strd><AddtlRmtInf>PAYPAL CODE 4393//PAYPAL CODE 4393</AddtlRmtInf></Strd></RmtInf><RltdDts><TxDtTm>2018-09-19T23:06:31</TxDtTm></RltdDts><AddtlTxInf>PPRD00000000AOOBGY1020180919826235262</AddtlTxInf></TxDtls><AddtlNtryInf>COMPLETE//0000//003//CREDIT</AddtlNtryInf></Ntry><Ntry><Amt Ccy="GBP">45.25</Amt><CdtDbtInd>CRDT</CdtDbtInd><Sts>BOOK</Sts><BookgDt><Dt>2018-09-20</Dt></BookgDt><BkTxCd><Prtry><Cd>SIP UKBA CR 40269</Cd></Prtry></BkTxCd><TxDtls><Refs><EndToEndId>PPWD00000000AOOF6I</EndToEndId><TxId>PPWD00000000AOOF6I</TxId></Refs><RltdPties><Dbtr><Nm>PayPal</Nm><PstlAdr><AdrLine>2211 N 1st Street San Jose CA 95131</AdrLine><Ctry/></PstlAdr></Dbtr><DbtrAcct><Id><PrtryAcct><Id>23526278959595</Id></PrtryAcct></Id></DbtrAcct><Cdtr><Nm>Ola Akingbogun</Nm><PstlAdr><AdrLine>York Road</AdrLine><Ctry/></PstlAdr></Cdtr><CdtrAcct><Id><PrtryAcct><Id>23008200294917</Id></PrtryAcct></Id></CdtrAcct><Prtry><Tp>PPWDL488J2AL85CUPJ</Tp><Pty/></Prtry></RltdPties><RmtInf><Strd><RfrdDocInf><RfrdDocTp><Prtry>002</Prtry></RfrdDocTp></RfrdDocInf><AddtlRmtInf>NO REF</AddtlRmtInf></Strd><Strd><AddtlRmtInf>PayPal//PPWDL488J2AL85CUPJ</AddtlRmtInf></Strd></RmtInf><RltdDts><TxDtTm>2018-09-19T23:27:20</TxDtTm></RltdDts><AddtlTxInf>PPWD00000000AOOF6I1020180919826235262</AddtlTxInf></TxDtls><AddtlNtryInf>COMPLETE//0000//003//CREDIT</AddtlNtryInf></Ntry></Ntfctn></BkToCstmrDbtCdtNtfctnV01></Document>