<?xml version="1.0" encoding="UTF-8"?><Document xmlns:xsi="http://www.w3.org/2001/XMLSchema-instance" xmlns="urn:iso:std:iso:20022:tech:xsd:camt.054.001.01"><BkToCstmrDbtCdtNtfctnV01><GrpHdr><MsgId>80309K//12971</MsgId><CreDtTm>2018-09-17T15:00:00</CreDtTm></GrpHdr><Ntfctn><Id>80309K//12971//1</Id><CreDtTm>2018-09-17T15:00:00</CreDtTm><Acct><Id><PrtryAcct><Id>20594233939774</Id></PrtryAcct></Id><Ccy>GBP</Ccy></Acct><TxsSummry><TtlNtries><NbOfNtries>10</NbOfNtries><Sum>2630.15</Sum></TtlNtries><TtlCdtNtries><NbOfNtries>10</NbOfNtries><Sum>2630.15</Sum></TtlCdtNtries><TtlDbtNtries><NbOfNtries>0</NbOfNtries><Sum>0.00</Sum></TtlDbtNtries></TxsSummry><Ntry><Amt Ccy="GBP">396.64</Amt><CdtDbtInd>CRDT</CdtDbtInd><Sts>BOOK</Sts><BookgDt><Dt>2018-09-17</Dt></BookgDt><BkTxCd><Prtry><Cd>SIP UKBA CR 40269</Cd></Prtry></BkTxCd><TxDtls><Refs><EndToEndId>BAILEYSAGY/WAGES</EndToEndId><TxId>61143824078744000N</TxId><Prtry><Tp>STO REF</Tp><Ref>0000</Ref></Prtry></Refs><RltdPties><Dbtr><Nm>BAILEYS PERMANENT</Nm></Dbtr><DbtrAcct><Id><PrtryAcct><Id>55701378395461</Id></PrtryAcct></Id></DbtrAcct><Cdtr><Nm>MR COLIN LAYHE</Nm></Cdtr><CdtrAcct><Id><PrtryAcct><Id>23008200389163</Id></PrtryAcct></Id></CdtrAcct><Prtry><Tp>BAILEYSAGY/WAGES</Tp><Pty/></Prtry></RltdPties><RmtInf><Strd><AddtlRmtInf>BAILEYS PERMANENT BAILEYSAGY/WAGES  VIA ONLINE - PYMT</AddtlRmtInf></Strd><Strd><AddtlRmtInf>BAILEYS PERMANENT//BAILEYSAGY/WAGES</AddtlRmtInf></Strd></RmtInf><RltdDts><TxDtTm>2018-09-17T14:38:24</TxDtTm></RltdDts><AddtlTxInf>61143824078744000N1020180917826557013</AddtlTxInf></TxDtls><AddtlNtryInf>COMPLETE//0000//002//CREDIT</AddtlNtryInf></Ntry><Ntry><Amt Ccy="GBP">315.00</Amt><CdtDbtInd>CRDT</CdtDbtInd><Sts>BOOK</Sts><BookgDt><Dt>2018-09-17</Dt></BookgDt><BkTxCd><Prtry><Cd>SIP UKBA CR 40269</Cd></Prtry></BkTxCd><TxDtls><Refs><EndToEndId>NOREF</EndToEndId><TxId>100000000387840102</TxId></Refs><RltdPties><Dbtr><Nm>E Ehis Sam</Nm></Dbtr><DbtrAcct><Id><PrtryAcct><Id>77912944084260</Id></PrtryAcct></Id></DbtrAcct><Cdtr><Nm>CLASSIC DIFFERENCE</Nm></Cdtr><CdtrAcct><Id><PrtryAcct><Id>23008200042452</Id></PrtryAcct></Id></CdtrAcct><Prtry><Tp>JULIET</Tp><Pty/></Prtry></RltdPties><RmtInf><Strd><AddtlRmtInf>NO REF</AddtlRmtInf></Strd><Strd><AddtlRmtInf>E Ehis Sam//JULIET</AddtlRmtInf></Strd></RmtInf><RltdDts><TxDtTm>2018-09-17T14:40:37</TxDtTm></RltdDts><AddtlTxInf>1000000003878401021020180917826779129</AddtlTxInf></TxDtls><AddtlNtryInf>COMPLETE//0000//002//CREDIT</AddtlNtryInf></Ntry><Ntry><Amt Ccy="GBP">40.00</Amt><CdtDbtInd>CRDT</CdtDbtInd><Sts>BOOK</Sts><BookgDt><Dt>2018-09-17</Dt></BookgDt><BkTxCd><Prtry><Cd>SIP UKBA CR 40269</Cd></Prtry></BkTxCd><TxDtls><Refs><EndToEndId>NOREF</EndToEndId><TxId>RP4679961591028500</TxId></Refs><RltdPties><Dbtr><Nm>NWOKA C A</Nm></Dbtr><DbtrAcct><Id><PrtryAcct><Id>20925403758257</Id></PrtryAcct></Id></DbtrAcct><Cdtr><Nm>GEMMA</Nm></Cdtr><CdtrAcct><Id><PrtryAcct><Id>23008200023722</Id></PrtryAcct></Id></CdtrAcct><Prtry><Tp>CRUZ</Tp><Pty/></Prtry></RltdPties><RmtInf><Strd><AddtlRmtInf>NO REF</AddtlRmtInf></Strd><Strd><AddtlRmtInf>NWOKA C A//CRUZ</AddtlRmtInf></Strd></RmtInf><RltdDts><TxDtTm>2018-09-17T14:48:37</TxDtTm></RltdDts><AddtlTxInf>RP46799615910285001020180917826200026</AddtlTxInf></TxDtls><AddtlNtryInf>COMPLETE//0000//002//CREDIT</AddtlNtryInf></Ntry><Ntry><Amt Ccy="GBP">840.00</Amt><CdtDbtInd>CRDT</CdtDbtInd><Sts>BOOK</Sts><BookgDt><Dt>2018-09-17</Dt></BookgDt><BkTxCd><Prtry><Cd>SIP UKBA CR 40269</Cd></Prtry></BkTxCd><TxDtls><Refs><EndToEndId>00156527632BLZHXDS</EndToEndId><TxId>00156527632BLZHXDS</TxId></Refs><RltdPties><Dbtr><Nm>EXPRESS GLOBAL SOLUTIONS LIMITED</Nm></Dbtr><DbtrAcct><Id><PrtryAcct><Id>09015469531983</Id></PrtryAcct></Id></DbtrAcct><Cdtr><Nm>ky worldwide ltd</Nm></Cdtr><CdtrAcct><Id><PrtryAcct><Id>23008200225126</Id></PrtryAcct></Id></CdtrAcct><Prtry><Tp>dpd serv</Tp><Pty/></Prtry></RltdPties><RmtInf><Strd><AddtlRmtInf>NO REF</AddtlRmtInf></Strd><Strd><AddtlRmtInf>EXPRESS GLOBAL SOL//dpd serv</AddtlRmtInf></Strd></RmtInf><RltdDts><TxDtTm>2018-09-17T14:51:04</TxDtTm></RltdDts><AddtlTxInf>00156527632BLZHXDS1020180917826090154</AddtlTxInf></TxDtls><AddtlNtryInf>COMPLETE//0000//002//CREDIT</AddtlNtryInf></Ntry><Ntry><Amt Ccy="GBP">58.00</Amt><CdtDbtInd>CRDT</CdtDbtInd><Sts>BOOK</Sts><BookgDt><Dt>2018-09-17</Dt></BookgDt><BkTxCd><Prtry><Cd>SIP UKBA CR 40269</Cd></Prtry></BkTxCd><TxDtls><Refs><EndToEndId>NOREF</EndToEndId><TxId>200000000387835420</TxId></Refs><RltdPties><Dbtr><Nm>O Oluwasemo</Nm></Dbtr><DbtrAcct><Id><PrtryAcct><Id>11023611571063</Id></PrtryAcct></Id></DbtrAcct><Cdtr><Nm>JEDIDIAH GLOBAL LO</Nm></Cdtr><CdtrAcct><Id><PrtryAcct><Id>23008200032558</Id></PrtryAcct></Id></CdtrAcct><Prtry><Tp>PASTOR OLUWASEMO</Tp><Pty/></Prtry></RltdPties><RmtInf><Strd><AddtlRmtInf>NO REF</AddtlRmtInf></Strd><Strd><AddtlRmtInf>O Oluwasemo//PASTOR OLUWASEMO</AddtlRmtInf></Strd></RmtInf><RltdDts><TxDtTm>2018-09-17T14:51:11</TxDtTm></RltdDts><AddtlTxInf>2000000003878354201020180917826110236</AddtlTxInf></TxDtls><AddtlNtryInf>COMPLETE//0000//002//CREDIT</AddtlNtryInf></Ntry><Ntry><Amt Ccy="GBP">102.59</Amt><CdtDbtInd>CRDT</CdtDbtInd><Sts>BOOK</Sts><BookgDt><Dt>2018-09-17</Dt></BookgDt><BkTxCd><Prtry><Cd>SIP UKBA CR 40269</Cd></Prtry></BkTxCd><TxDtls><Refs><EndToEndId>NOREF</EndToEndId><TxId>RP4659984731810900</TxId></Refs><RltdPties><Dbtr><Nm>USEDCAR4LESS LTD</Nm></Dbtr><DbtrAcct><Id><PrtryAcct><Id>20184713818381</Id></PrtryAcct></Id></DbtrAcct><Cdtr><Nm>HILL SIDE GARAGE B</Nm></Cdtr><CdtrAcct><Id><PrtryAcct><Id>23008200043324</Id></PrtryAcct></Id></CdtrAcct><Prtry><Tp>USEDCARS4LESS</Tp><Pty/></Prtry></RltdPties><RmtInf><Strd><AddtlRmtInf>NO REF</AddtlRmtInf></Strd><Strd><AddtlRmtInf>USEDCAR4LESS LTD//USEDCARS4LESS</AddtlRmtInf></Strd></RmtInf><RltdDts><TxDtTm>2018-09-17T14:51:31</TxDtTm></RltdDts><AddtlTxInf>RP46599847318109001020180917826200026</AddtlTxInf></TxDtls><AddtlNtryInf>COMPLETE//0000//002//CREDIT</AddtlNtryInf></Ntry><Ntry><Amt Ccy="GBP">56.42</Amt><CdtDbtInd>CRDT</CdtDbtInd><Sts>BOOK</Sts><BookgDt><Dt>2018-09-17</Dt></BookgDt><BkTxCd><Prtry><Cd>SIP UKBA CR 40269</Cd></Prtry></BkTxCd><TxDtls><Refs><EndToEndId>NOREF</EndToEndId><TxId>RP4659984731855500</TxId></Refs><RltdPties><Dbtr><Nm>USEDCAR4LESS LTD</Nm></Dbtr><DbtrAcct><Id><PrtryAcct><Id>20184713818381</Id></PrtryAcct></Id></DbtrAcct><Cdtr><Nm>HILL SIDE GARAGE B</Nm></Cdtr><CdtrAcct><Id><PrtryAcct><Id>23008200043324</Id></PrtryAcct></Id></CdtrAcct><Prtry><Tp>USEDCARS4LESS</Tp><Pty/></Prtry></RltdPties><RmtInf><Strd><AddtlRmtInf>NO REF</AddtlRmtInf></Strd><Strd><AddtlRmtInf>USEDCAR4LESS LTD//USEDCARS4LESS</AddtlRmtInf></Strd></RmtInf><RltdDts><TxDtTm>2018-09-17T14:52:06</TxDtTm></RltdDts><AddtlTxInf>RP46599847318555001020180917826200026</AddtlTxInf></TxDtls><AddtlNtryInf>COMPLETE//0000//002//CREDIT</AddtlNtryInf></Ntry><Ntry><Amt Ccy="GBP">1.50</Amt><CdtDbtInd>CRDT</CdtDbtInd><Sts>BOOK</Sts><BookgDt><Dt>2018-09-17</Dt></BookgDt><BkTxCd><Prtry><Cd>DCA UKBA CR 40269</Cd></Prtry></BkTxCd><TxDtls><Refs><EndToEndId>NOREF</EndToEndId><TxId>000000013583840501</TxId><Prtry><Tp>STO REF</Tp><Ref>2870</Ref></Prtry></Refs><RltdPties><Dbtr><Nm>- IVAYLO FANTASTIC</Nm></Dbtr><DbtrAcct><Id><PrtryAcct><Id>20035373152596</Id></PrtryAcct></Id></DbtrAcct><Cdtr><Nm>I CHAKAR</Nm></Cdtr><CdtrAcct><Id><PrtryAcct><Id>23008200039961</Id></PrtryAcct></Id></CdtrAcct><Prtry><Tp>OTRARRO</Tp><Pty/></Prtry></RltdPties><RmtInf><Strd><AddtlRmtInf>NO REF</AddtlRmtInf></Strd><Strd><AddtlRmtInf>- IVAYLO FANTASTIC//OTRARRO</AddtlRmtInf></Strd></RmtInf><RltdDts><TxDtTm>2018-09-17T14:52:21</TxDtTm></RltdDts><AddtlTxInf>0000000135838405015020180917826200353</AddtlTxInf></TxDtls><AddtlNtryInf>COMPLETE//0000//002//CREDIT</AddtlNtryInf></Ntry><Ntry><Amt Ccy="GBP">70.00</Amt><CdtDbtInd>CRDT</CdtDbtInd><Sts>BOOK</Sts><BookgDt><Dt>2018-09-17</Dt></BookgDt><BkTxCd><Prtry><Cd>SIP UKBA CR 40269</Cd></Prtry></BkTxCd><TxDtls><Refs><EndToEndId>NOREF</EndToEndId><TxId>600000000389217179</TxId></Refs><RltdPties><Dbtr><Nm>K Mann</Nm></Dbtr><DbtrAcct><Id><PrtryAcct><Id>30935435778960</Id></PrtryAcct></Id></DbtrAcct><Cdtr><Nm>MICKEY</Nm></Cdtr><CdtrAcct><Id><PrtryAcct><Id>23008200329547</Id></PrtryAcct></Id></CdtrAcct><Prtry><Tp>MONEY I OWE</Tp><Pty/></Prtry></RltdPties><RmtInf><Strd><AddtlRmtInf>NO REF</AddtlRmtInf></Strd><Strd><AddtlRmtInf>K Mann//MONEY I OWE</AddtlRmtInf></Strd></RmtInf><RltdDts><TxDtTm>2018-09-17T14:55:26</TxDtTm></RltdDts><AddtlTxInf>6000000003892171791020180917826309354</AddtlTxInf></TxDtls><AddtlNtryInf>COMPLETE//0000//002//CREDIT</AddtlNtryInf></Ntry><Ntry><Amt Ccy="GBP">750.00</Amt><CdtDbtInd>CRDT</CdtDbtInd><Sts>BOOK</Sts><BookgDt><Dt>2018-09-17</Dt></BookgDt><BkTxCd><Prtry><Cd>SIP UKBA CR 40269</Cd></Prtry></BkTxCd><TxDtls><Refs><EndToEndId>NOREF</EndToEndId><TxId>180917145629636608</TxId></Refs><RltdPties><Dbtr><Nm>Ion Cazacu</Nm></Dbtr><DbtrAcct><Id><PrtryAcct><Id>77706104175860</Id></PrtryAcct></Id></DbtrAcct><Cdtr><Nm>passplus727</Nm></Cdtr><CdtrAcct><Id><PrtryAcct><Id>23008200448094</Id></PrtryAcct></Id></CdtrAcct><Prtry><Tp>Ion Cazacu</Tp><Pty/></Prtry></RltdPties><RmtInf><Strd><AddtlRmtInf>NO REF</AddtlRmtInf></Strd><Strd><AddtlRmtInf>Ion Cazacu//Ion Cazacu</AddtlRmtInf></Strd></RmtInf><RltdDts><TxDtTm>2018-09-17T14:56:27</TxDtTm></RltdDts><AddtlTxInf>1809171456296366081020180917826777061</AddtlTxInf></TxDtls><AddtlNtryInf>COMPLETE//0000//002//CREDIT</AddtlNtryInf></Ntry></Ntfctn></BkToCstmrDbtCdtNtfctnV01></Document>