<?xml version="1.0" encoding="UTF-8"?><Document xmlns:xsi="http://www.w3.org/2001/XMLSchema-instance" xmlns="urn:iso:std:iso:20022:tech:xsd:camt.054.001.01"><BkToCstmrDbtCdtNtfctnV01><GrpHdr><MsgId>80309K//12561</MsgId><CreDtTm>2018-09-07T21:00:00</CreDtTm></GrpHdr><Ntfctn><Id>80309K//12561//1</Id><CreDtTm>2018-09-07T21:00:00</CreDtTm><Acct><Id><PrtryAcct><Id>20594233939774</Id></PrtryAcct></Id><Ccy>GBP</Ccy></Acct><TxsSummry><TtlNtries><NbOfNtries>7</NbOfNtries><Sum>1588.75</Sum></TtlNtries><TtlCdtNtries><NbOfNtries>7</NbOfNtries><Sum>1588.75</Sum></TtlCdtNtries><TtlDbtNtries><NbOfNtries>0</NbOfNtries><Sum>0.00</Sum></TtlDbtNtries></TxsSummry><Ntry><Amt Ccy="GBP">99.75</Amt><CdtDbtInd>CRDT</CdtDbtInd><Sts>BOOK</Sts><BookgDt><Dt>2018-09-10</Dt></BookgDt><BkTxCd><Prtry><Cd>SIP UKBA CR 40269</Cd></Prtry></BkTxCd><TxDtls><Refs><EndToEndId>NOREF</EndToEndId><TxId>RP4679960890587400</TxId></Refs><RltdPties><Dbtr><Nm>SECURITY MAN LTD</Nm></Dbtr><DbtrAcct><Id><PrtryAcct><Id>20294153455238</Id></PrtryAcct></Id></DbtrAcct><Cdtr><Nm>AGNE   KISIELIUTE</Nm></Cdtr><CdtrAcct><Id><PrtryAcct><Id>23008200327703</Id></PrtryAcct></Id></CdtrAcct><Prtry><Tp>WEEK 20-26.08.2018</Tp><Pty/></Prtry></RltdPties><RmtInf><Strd><AddtlRmtInf>NO REF</AddtlRmtInf></Strd><Strd><AddtlRmtInf>SECURITY MAN LTD//WEEK 20-26.08.2018</AddtlRmtInf></Strd></RmtInf><RltdDts><TxDtTm>2018-09-07T20:38:52</TxDtTm></RltdDts><AddtlTxInf>RP46799608905874001020180907826200026</AddtlTxInf></TxDtls><AddtlNtryInf>COMPLETE//0000//003//CREDIT</AddtlNtryInf></Ntry><Ntry><Amt Ccy="GBP">20.00</Amt><CdtDbtInd>CRDT</CdtDbtInd><Sts>BOOK</Sts><BookgDt><Dt>2018-09-10</Dt></BookgDt><BkTxCd><Prtry><Cd>SIP UKBA CR 40269</Cd></Prtry></BkTxCd><TxDtls><Refs><EndToEndId>NOREF</EndToEndId><TxId>RP4679960890593500</TxId></Refs><RltdPties><Dbtr><Nm>WHITE CHRISTOPHE</Nm></Dbtr><DbtrAcct><Id><PrtryAcct><Id>20709483520781</Id></PrtryAcct></Id></DbtrAcct><Cdtr><Nm>CHRISTOPHER WHITE</Nm></Cdtr><CdtrAcct><Id><PrtryAcct><Id>23008200292739</Id></PrtryAcct></Id></CdtrAcct><Prtry><Tp>MONEY</Tp><Pty/></Prtry></RltdPties><RmtInf><Strd><AddtlRmtInf>NO REF</AddtlRmtInf></Strd><Strd><AddtlRmtInf>WHITE CHRISTOPHE//MONEY</AddtlRmtInf></Strd></RmtInf><RltdDts><TxDtTm>2018-09-07T20:39:07</TxDtTm></RltdDts><AddtlTxInf>RP46799608905935001020180907826200026</AddtlTxInf></TxDtls><AddtlNtryInf>COMPLETE//0000//003//CREDIT</AddtlNtryInf></Ntry><Ntry><Amt Ccy="GBP">30.00</Amt><CdtDbtInd>CRDT</CdtDbtInd><Sts>BOOK</Sts><BookgDt><Dt>2018-09-10</Dt></BookgDt><BkTxCd><Prtry><Cd>SIP UKBA CR 40269</Cd></Prtry></BkTxCd><TxDtls><Refs><EndToEndId>NOREF</EndToEndId><TxId>RP4679960890699400</TxId></Refs><RltdPties><Dbtr><Nm>DE ATH T J</Nm></Dbtr><DbtrAcct><Id><PrtryAcct><Id>20797363106748</Id></PrtryAcct></Id></DbtrAcct><Cdtr><Nm>JAYCEE WEST</Nm></Cdtr><CdtrAcct><Id><PrtryAcct><Id>23008200427464</Id></PrtryAcct></Id></CdtrAcct><Prtry><Tp>OWED</Tp><Pty/></Prtry></RltdPties><RmtInf><Strd><AddtlRmtInf>NO REF</AddtlRmtInf></Strd><Strd><AddtlRmtInf>DE ATH T J//OWED</AddtlRmtInf></Strd></RmtInf><RltdDts><TxDtTm>2018-09-07T20:40:53</TxDtTm></RltdDts><AddtlTxInf>RP46799608906994001020180907826200026</AddtlTxInf></TxDtls><AddtlNtryInf>COMPLETE//0000//003//CREDIT</AddtlNtryInf></Ntry><Ntry><Amt Ccy="GBP">300.00</Amt><CdtDbtInd>CRDT</CdtDbtInd><Sts>BOOK</Sts><BookgDt><Dt>2018-09-10</Dt></BookgDt><BkTxCd><Prtry><Cd>SIP UKBA CR 40269</Cd></Prtry></BkTxCd><TxDtls><Refs><EndToEndId>00153425632BVXTCFL</EndToEndId><TxId>00153425632BVXTCFL</TxId></Refs><RltdPties><Dbtr><Nm>SVETLANA VASILEVA</Nm></Dbtr><DbtrAcct><Id><PrtryAcct><Id>09012838850672</Id></PrtryAcct></Id></DbtrAcct><Cdtr><Nm>Vangeliya Karada</Nm></Cdtr><CdtrAcct><Id><PrtryAcct><Id>23008200100691</Id></PrtryAcct></Id></CdtrAcct><Prtry><Tp>0609671001</Tp><Pty/></Prtry></RltdPties><RmtInf><Strd><AddtlRmtInf>NO REF</AddtlRmtInf></Strd><Strd><AddtlRmtInf>SVETLANA VASILEVA//0609671001</AddtlRmtInf></Strd></RmtInf><RltdDts><TxDtTm>2018-09-07T20:43:52</TxDtTm></RltdDts><AddtlTxInf>00153425632BVXTCFL1020180907826090128</AddtlTxInf></TxDtls><AddtlNtryInf>COMPLETE//0000//003//CREDIT</AddtlNtryInf></Ntry><Ntry><Amt Ccy="GBP">120.00</Amt><CdtDbtInd>CRDT</CdtDbtInd><Sts>BOOK</Sts><BookgDt><Dt>2018-09-10</Dt></BookgDt><BkTxCd><Prtry><Cd>SIP UKBA CR 40269</Cd></Prtry></BkTxCd><TxDtls><Refs><EndToEndId>NOREF</EndToEndId><TxId>RP4659984103328900</TxId></Refs><RltdPties><Dbtr><Nm>HOUGH S</Nm></Dbtr><DbtrAcct><Id><PrtryAcct><Id>20240953569934</Id></PrtryAcct></Id></DbtrAcct><Cdtr><Nm>PAUL JONES</Nm></Cdtr><CdtrAcct><Id><PrtryAcct><Id>23008200434517</Id></PrtryAcct></Id></CdtrAcct><Prtry><Tp>PETER HOUGH BOOKIN</Tp><Pty/></Prtry></RltdPties><RmtInf><Strd><AddtlRmtInf>NO REF</AddtlRmtInf></Strd><Strd><AddtlRmtInf>HOUGH S//PETER HOUGH BOOKIN</AddtlRmtInf></Strd></RmtInf><RltdDts><TxDtTm>2018-09-07T20:47:06</TxDtTm></RltdDts><AddtlTxInf>RP46599841033289001020180907826200026</AddtlTxInf></TxDtls><AddtlNtryInf>COMPLETE//0000//003//CREDIT</AddtlNtryInf></Ntry><Ntry><Amt Ccy="GBP">184.00</Amt><CdtDbtInd>CRDT</CdtDbtInd><Sts>BOOK</Sts><BookgDt><Dt>2018-09-10</Dt></BookgDt><BkTxCd><Prtry><Cd>SIP UKBA CR 40269</Cd></Prtry></BkTxCd><TxDtls><Refs><EndToEndId>NOREF</EndToEndId><TxId>FP18250O14491874</TxId></Refs><RltdPties><Dbtr><Nm>Sulev Milen</Nm></Dbtr><DbtrAcct><Id><PrtryAcct><Id>07043628301471</Id></PrtryAcct></Id></DbtrAcct><Cdtr><Nm>MARIAN KAMLE</Nm></Cdtr><CdtrAcct><Id><PrtryAcct><Id>23008200413249</Id></PrtryAcct></Id></CdtrAcct><Prtry><Tp>LOAN</Tp><Pty/></Prtry></RltdPties><RmtInf><Strd><AddtlRmtInf>NO REF</AddtlRmtInf></Strd><Strd><AddtlRmtInf>Sulev Milen//LOAN</AddtlRmtInf></Strd></RmtInf><RltdDts><TxDtTm>2018-09-07T20:54:44</TxDtTm></RltdDts><AddtlTxInf>FP18250O14491874  1020180907826070436</AddtlTxInf></TxDtls><AddtlNtryInf>COMPLETE//0000//003//CREDIT</AddtlNtryInf></Ntry><Ntry><Amt Ccy="GBP">835.00</Amt><CdtDbtInd>CRDT</CdtDbtInd><Sts>BOOK</Sts><BookgDt><Dt>2018-09-10</Dt></BookgDt><BkTxCd><Prtry><Cd>SIP UKBA CR 40269</Cd></Prtry></BkTxCd><TxDtls><Refs><EndToEndId>NOREF</EndToEndId><TxId>FP18250O14492104</TxId></Refs><RltdPties><Dbtr><Nm>Enache Dumitru</Nm></Dbtr><DbtrAcct><Id><PrtryAcct><Id>07043605010860</Id></PrtryAcct></Id></DbtrAcct><Cdtr><Nm>SOLUTIONS FOR ALL</Nm></Cdtr><CdtrAcct><Id><PrtryAcct><Id>23008200040618</Id></PrtryAcct></Id></CdtrAcct><Prtry><Tp>77 WHITEMOOR</Tp><Pty/></Prtry></RltdPties><RmtInf><Strd><AddtlRmtInf>NO REF</AddtlRmtInf></Strd><Strd><AddtlRmtInf>Enache Dumitru//77 WHITEMOOR</AddtlRmtInf></Strd></RmtInf><RltdDts><TxDtTm>2018-09-07T20:55:06</TxDtTm></RltdDts><AddtlTxInf>FP18250O14492104  1020180907826070436</AddtlTxInf></TxDtls><AddtlNtryInf>COMPLETE//0000//003//CREDIT</AddtlNtryInf></Ntry></Ntfctn></BkToCstmrDbtCdtNtfctnV01></Document>