<?xml version="1.0" encoding="UTF-8"?><Document xmlns:xsi="http://www.w3.org/2001/XMLSchema-instance" xmlns="urn:iso:std:iso:20022:tech:xsd:camt.054.001.01"><BkToCstmrDbtCdtNtfctnV01><GrpHdr><MsgId>80309K//12537</MsgId><CreDtTm>2018-09-07T09:00:00</CreDtTm></GrpHdr><Ntfctn><Id>80309K//12537//1</Id><CreDtTm>2018-09-07T09:00:00</CreDtTm><Acct><Id><PrtryAcct><Id>20594233939774</Id></PrtryAcct></Id><Ccy>GBP</Ccy></Acct><TxsSummry><TtlNtries><NbOfNtries>13</NbOfNtries><Sum>2628.85</Sum></TtlNtries><TtlCdtNtries><NbOfNtries>13</NbOfNtries><Sum>2628.85</Sum></TtlCdtNtries><TtlDbtNtries><NbOfNtries>0</NbOfNtries><Sum>0.00</Sum></TtlDbtNtries></TxsSummry><Ntry><Amt Ccy="GBP">105.00</Amt><CdtDbtInd>CRDT</CdtDbtInd><Sts>BOOK</Sts><BookgDt><Dt>2018-09-07</Dt></BookgDt><BkTxCd><Prtry><Cd>SIP UKBA CR 40269</Cd></Prtry></BkTxCd><TxDtls><Refs><EndToEndId>00151695632BBFNNNW</EndToEndId><TxId>00151695632BBFNNNW</TxId></Refs><RltdPties><Dbtr><Nm>AJIBOLA OWOOLAPO</Nm></Dbtr><DbtrAcct><Id><PrtryAcct><Id>09012895613632</Id></PrtryAcct></Id></DbtrAcct><Cdtr><Nm>BETIKU</Nm></Cdtr><CdtrAcct><Id><PrtryAcct><Id>23008200037283</Id></PrtryAcct></Id></CdtrAcct><Prtry><Tp>epson printer</Tp><Pty/></Prtry></RltdPties><RmtInf><Strd><AddtlRmtInf>NO REF</AddtlRmtInf></Strd><Strd><AddtlRmtInf>AJIBOLA OWOOLAPO//epson printer</AddtlRmtInf></Strd></RmtInf><RltdDts><TxDtTm>2018-09-07T08:32:57</TxDtTm></RltdDts><AddtlTxInf>00151695632BBFNNNW1020180907826090128</AddtlTxInf></TxDtls><AddtlNtryInf>COMPLETE//0000//001//CREDIT</AddtlNtryInf></Ntry><Ntry><Amt Ccy="GBP">176.01</Amt><CdtDbtInd>CRDT</CdtDbtInd><Sts>BOOK</Sts><BookgDt><Dt>2018-09-07</Dt></BookgDt><BkTxCd><Prtry><Cd>SIP UKBA CR 40269</Cd></Prtry></BkTxCd><TxDtls><Refs><EndToEndId>NOREF</EndToEndId><TxId>16083358306126000R</TxId><Prtry><Tp>STO REF</Tp><Ref>0000</Ref></Prtry></Refs><RltdPties><Dbtr><Nm>BROOKSON MEDICAL C</Nm></Dbtr><DbtrAcct><Id><PrtryAcct><Id>16333311266844</Id></PrtryAcct></Id></DbtrAcct><Cdtr><Nm>HEATHER LORRAINE H</Nm></Cdtr><CdtrAcct><Id><PrtryAcct><Id>23008200217865</Id></PrtryAcct></Id></CdtrAcct><Prtry><Tp>BROOKSON MEDICAL C</Tp><Pty/></Prtry></RltdPties><RmtInf><Strd><AddtlRmtInf>BROOKSON MEDICAL CAR</AddtlRmtInf></Strd><Strd><AddtlRmtInf>BROOKSON MEDICAL C//BROOKSON MEDICAL C</AddtlRmtInf></Strd></RmtInf><RltdDts><TxDtTm>2018-09-07T08:33:58</TxDtTm></RltdDts><AddtlTxInf>16083358306126000R1020180907826163333</AddtlTxInf></TxDtls><AddtlNtryInf>COMPLETE//0000//001//CREDIT</AddtlNtryInf></Ntry><Ntry><Amt Ccy="GBP">20.00</Amt><CdtDbtInd>CRDT</CdtDbtInd><Sts>BOOK</Sts><BookgDt><Dt>2018-09-07</Dt></BookgDt><BkTxCd><Prtry><Cd>SIP UKBA CR 40269</Cd></Prtry></BkTxCd><TxDtls><Refs><EndToEndId>NOREF</EndToEndId><TxId>400000000391566611</TxId></Refs><RltdPties><Dbtr><Nm>R Johnson</Nm></Dbtr><DbtrAcct><Id><PrtryAcct><Id>30929945704660</Id></PrtryAcct></Id></DbtrAcct><Cdtr><Nm>RUMAI JOHNSON</Nm></Cdtr><CdtrAcct><Id><PrtryAcct><Id>23008200305584</Id></PrtryAcct></Id></CdtrAcct><Prtry><Tp>top up</Tp><Pty/></Prtry></RltdPties><RmtInf><Strd><AddtlRmtInf>NO REF</AddtlRmtInf></Strd><Strd><AddtlRmtInf>R Johnson//top up</AddtlRmtInf></Strd></RmtInf><RltdDts><TxDtTm>2018-09-07T08:37:14</TxDtTm></RltdDts><AddtlTxInf>4000000003915666111020180907826309299</AddtlTxInf></TxDtls><AddtlNtryInf>COMPLETE//0000//001//CREDIT</AddtlNtryInf></Ntry><Ntry><Amt Ccy="GBP">530.24</Amt><CdtDbtInd>CRDT</CdtDbtInd><Sts>BOOK</Sts><BookgDt><Dt>2018-09-07</Dt></BookgDt><BkTxCd><Prtry><Cd>FDP UKBA CR 40269</Cd></Prtry></BkTxCd><TxDtls><Refs><EndToEndId>PE-BA4HWKAIICGI7VKK683Y0DK6WD7Q</EndToEndId><TxId>PH1000001316603600</TxId></Refs><RltdPties><Dbtr><Nm>Stripe Payments UK Ltd</Nm></Dbtr><DbtrAcct><Id><PrtryAcct><Id>20000023322890</Id></PrtryAcct></Id></DbtrAcct><Cdtr><Nm>ZEPOS LIMITED</Nm><PstlAdr><AdrLine>BRIARTREE MANOR 130 NEWPORT ROAD CA</AdrLine><AdrLine>RDIFF CF24 1DH GB</AdrLine><Ctry/></PstlAdr></Cdtr><CdtrAcct><Id><PrtryAcct><Id>23008200222251</Id></PrtryAcct></Id></CdtrAcct><Prtry><Tp>STRIPE</Tp><Pty/></Prtry></RltdPties><RmtInf><Strd><AddtlRmtInf>NO REF</AddtlRmtInf></Strd><Strd><AddtlRmtInf>Stripe Payments UK//STRIPE</AddtlRmtInf></Strd></RmtInf><RltdDts><TxDtTm>2018-09-07T08:44:02</TxDtTm></RltdDts><AddtlTxInf>PH10000013166036004020180907826203253</AddtlTxInf></TxDtls><AddtlNtryInf>COMPLETE//0000//001//CREDIT</AddtlNtryInf></Ntry><Ntry><Amt Ccy="GBP">15.00</Amt><CdtDbtInd>CRDT</CdtDbtInd><Sts>BOOK</Sts><BookgDt><Dt>2018-09-07</Dt></BookgDt><BkTxCd><Prtry><Cd>SIP UKBA CR 40269</Cd></Prtry></BkTxCd><TxDtls><Refs><EndToEndId>STARLING-65JM4VJ95MYM23K9DZ</EndToEndId><TxId>65JM4VJ95MYM23K9DZ</TxId></Refs><RltdPties><Dbtr><Nm>SKJP TRADERS LTD</Nm></Dbtr><DbtrAcct><Id><PrtryAcct><Id>04001503978079</Id></PrtryAcct></Id></DbtrAcct><Cdtr><Nm>H CHEKURTHI</Nm></Cdtr><CdtrAcct><Id><PrtryAcct><Id>23008200178753</Id></PrtryAcct></Id></CdtrAcct><Prtry><Tp>0709</Tp><Pty/></Prtry></RltdPties><RmtInf><Strd><AddtlRmtInf>NO REF</AddtlRmtInf></Strd><Strd><AddtlRmtInf>SKJP TRADERS LTD//0709</AddtlRmtInf></Strd></RmtInf><RltdDts><TxDtTm>2018-09-07T08:44:09</TxDtTm></RltdDts><AddtlTxInf>65JM4VJ95MYM23K9DZ1020180907826040015</AddtlTxInf></TxDtls><AddtlNtryInf>COMPLETE//0000//001//CREDIT</AddtlNtryInf></Ntry><Ntry><Amt Ccy="GBP">10.00</Amt><CdtDbtInd>CRDT</CdtDbtInd><Sts>BOOK</Sts><BookgDt><Dt>2018-09-07</Dt></BookgDt><BkTxCd><Prtry><Cd>SIP UKBA CR 40269</Cd></Prtry></BkTxCd><TxDtls><Refs><EndToEndId>00151923632BBHVCHD</EndToEndId><TxId>00151923632BBHVCHD</TxId></Refs><RltdPties><Dbtr><Nm>MUTALE CHISASHI</Nm></Dbtr><DbtrAcct><Id><PrtryAcct><Id>09012715651402</Id></PrtryAcct></Id></DbtrAcct><Cdtr><Nm>DRAGON &amp; EAGLE</Nm></Cdtr><CdtrAcct><Id><PrtryAcct><Id>23008200044151</Id></PrtryAcct></Id></CdtrAcct><Prtry><Tp>company</Tp><Pty/></Prtry></RltdPties><RmtInf><Strd><AddtlRmtInf>NO REF</AddtlRmtInf></Strd><Strd><AddtlRmtInf>MUTALE CHISASHI//company</AddtlRmtInf></Strd></RmtInf><RltdDts><TxDtTm>2018-09-07T08:45:51</TxDtTm></RltdDts><AddtlTxInf>00151923632BBHVCHD1020180907826090127</AddtlTxInf></TxDtls><AddtlNtryInf>COMPLETE//0000//001//CREDIT</AddtlNtryInf></Ntry><Ntry><Amt Ccy="GBP">20.00</Amt><CdtDbtInd>CRDT</CdtDbtInd><Sts>BOOK</Sts><BookgDt><Dt>2018-09-07</Dt></BookgDt><BkTxCd><Prtry><Cd>SIP UKBA CR 40269</Cd></Prtry></BkTxCd><TxDtls><Refs><EndToEndId>00153425632BVXNDMW</EndToEndId><TxId>00153425632BVXNDMW</TxId></Refs><RltdPties><Dbtr><Nm>CRISTIAN-ALEXANDRU DUMITRACHE</Nm></Dbtr><DbtrAcct><Id><PrtryAcct><Id>09012928558444</Id></PrtryAcct></Id></DbtrAcct><Cdtr><Nm>Bria Designs ltd</Nm></Cdtr><CdtrAcct><Id><PrtryAcct><Id>23008200223726</Id></PrtryAcct></Id></CdtrAcct><Prtry><Tp>Transport fare</Tp><Pty/></Prtry></RltdPties><RmtInf><Strd><AddtlRmtInf>NO REF</AddtlRmtInf></Strd><Strd><AddtlRmtInf>CRISTIAN-ALEXANDRU//Transport fare</AddtlRmtInf></Strd></RmtInf><RltdDts><TxDtTm>2018-09-07T08:46:24</TxDtTm></RltdDts><AddtlTxInf>00153425632BVXNDMW1020180907826090129</AddtlTxInf></TxDtls><AddtlNtryInf>COMPLETE//0000//001//CREDIT</AddtlNtryInf></Ntry><Ntry><Amt Ccy="GBP">48.00</Amt><CdtDbtInd>CRDT</CdtDbtInd><Sts>BOOK</Sts><BookgDt><Dt>2018-09-07</Dt></BookgDt><BkTxCd><Prtry><Cd>FDP UKBA CR 40269</Cd></Prtry></BkTxCd><TxDtls><Refs><EndToEndId>Y 01S-CTPTNGCMYKLTNMJN7WVBKE3QK</EndToEndId><TxId>PH1000001319674900</TxId></Refs><RltdPties><Dbtr><Nm>Stripe Payments UK Ltd</Nm></Dbtr><DbtrAcct><Id><PrtryAcct><Id>20000023322890</Id></PrtryAcct></Id></DbtrAcct><Cdtr><Nm>DARINA NIKOLOVA</Nm><PstlAdr><AdrLine>50 THORNHILL GARDENS LONDON IG11 9T</AdrLine><AdrLine>X GB</AdrLine><Ctry/></PstlAdr></Cdtr><CdtrAcct><Id><PrtryAcct><Id>23008200016798</Id></PrtryAcct></Id></CdtrAcct><Prtry><Tp>HANDY 01S2IT 0826-</Tp><Pty/></Prtry></RltdPties><RmtInf><Strd><AddtlRmtInf>0902</AddtlRmtInf></Strd><Strd><AddtlRmtInf>Stripe Payments UK//HANDY 01S2IT 0826-</AddtlRmtInf></Strd></RmtInf><RltdDts><TxDtTm>2018-09-07T08:49:14</TxDtTm></RltdDts><AddtlTxInf>PH10000013196749004020180907826203253</AddtlTxInf></TxDtls><AddtlNtryInf>COMPLETE//0000//001//CREDIT</AddtlNtryInf></Ntry><Ntry><Amt Ccy="GBP">211.50</Amt><CdtDbtInd>CRDT</CdtDbtInd><Sts>BOOK</Sts><BookgDt><Dt>2018-09-07</Dt></BookgDt><BkTxCd><Prtry><Cd>FDP UKBA CR 40269</Cd></Prtry></BkTxCd><TxDtls><Refs><EndToEndId>IFY-SXPIQCE7VFGPY8Z8TUNJAUKQSFL</EndToEndId><TxId>PH1000001319570800</TxId></Refs><RltdPties><Dbtr><Nm>Stripe Payments UK Ltd</Nm></Dbtr><DbtrAcct><Id><PrtryAcct><Id>20000023322890</Id></PrtryAcct></Id></DbtrAcct><Cdtr><Nm>GRACE DANIEL THOMAS</Nm><PstlAdr><AdrLine>13 ROTHESAY TERRACE BRADFORD BD7 1Q</AdrLine><AdrLine>E GB</AdrLine><Ctry/></PstlAdr></Cdtr><CdtrAcct><Id><PrtryAcct><Id>23008200409127</Id></PrtryAcct></Id></CdtrAcct><Prtry><Tp>SHOPIFY</Tp><Pty/></Prtry></RltdPties><RmtInf><Strd><AddtlRmtInf>NO REF</AddtlRmtInf></Strd><Strd><AddtlRmtInf>Stripe Payments UK//SHOPIFY</AddtlRmtInf></Strd></RmtInf><RltdDts><TxDtTm>2018-09-07T08:50:09</TxDtTm></RltdDts><AddtlTxInf>PH10000013195708004020180907826203253</AddtlTxInf></TxDtls><AddtlNtryInf>COMPLETE//0000//001//CREDIT</AddtlNtryInf></Ntry><Ntry><Amt Ccy="GBP">240.60</Amt><CdtDbtInd>CRDT</CdtDbtInd><Sts>BOOK</Sts><BookgDt><Dt>2018-09-07</Dt></BookgDt><BkTxCd><Prtry><Cd>SIP UKBA CR 40269</Cd></Prtry></BkTxCd><TxDtls><Refs><EndToEndId>NOREF</EndToEndId><TxId>RP4679960817987200</TxId></Refs><RltdPties><Dbtr><Nm>ELUWANDE S O</Nm></Dbtr><DbtrAcct><Id><PrtryAcct><Id>20296340364223</Id></PrtryAcct></Id></DbtrAcct><Cdtr><Nm>AYODELE KOLADE</Nm></Cdtr><CdtrAcct><Id><PrtryAcct><Id>23008200383381</Id></PrtryAcct></Id></CdtrAcct><Prtry><Tp>ELEYIN</Tp><Pty/></Prtry></RltdPties><RmtInf><Strd><AddtlRmtInf>NO REF</AddtlRmtInf></Strd><Strd><AddtlRmtInf>ELUWANDE S O//ELEYIN</AddtlRmtInf></Strd></RmtInf><RltdDts><TxDtTm>2018-09-07T08:51:51</TxDtTm></RltdDts><AddtlTxInf>RP46799608179872001020180907826200026</AddtlTxInf></TxDtls><AddtlNtryInf>COMPLETE//0000//001//CREDIT</AddtlNtryInf></Ntry><Ntry><Amt Ccy="GBP">2.50</Amt><CdtDbtInd>CRDT</CdtDbtInd><Sts>BOOK</Sts><BookgDt><Dt>2018-09-07</Dt></BookgDt><BkTxCd><Prtry><Cd>DCA UKBA CR 40269</Cd></Prtry></BkTxCd><TxDtls><Refs><EndToEndId>NOREF</EndToEndId><TxId>000000013499780801</TxId><Prtry><Tp>STO REF</Tp><Ref>3883</Ref></Prtry></Refs><RltdPties><Dbtr><Nm>D SZTOMPKA</Nm></Dbtr><DbtrAcct><Id><PrtryAcct><Id>20035373152596</Id></PrtryAcct></Id></DbtrAcct><Cdtr><Nm>DARIUSZ SZTOMPKA</Nm></Cdtr><CdtrAcct><Id><PrtryAcct><Id>23008200412118</Id></PrtryAcct></Id></CdtrAcct><Prtry><Tp>DARIUSZ SZTOMPKA</Tp><Pty/></Prtry></RltdPties><RmtInf><Strd><AddtlRmtInf>NO REF</AddtlRmtInf></Strd><Strd><AddtlRmtInf>D SZTOMPKA//DARIUSZ SZTOMPKA</AddtlRmtInf></Strd></RmtInf><RltdDts><TxDtTm>2018-09-07T08:51:59</TxDtTm></RltdDts><AddtlTxInf>0000000134997808015020180907826200353</AddtlTxInf></TxDtls><AddtlNtryInf>COMPLETE//0000//001//CREDIT</AddtlNtryInf></Ntry><Ntry><Amt Ccy="GBP">1000.00</Amt><CdtDbtInd>CRDT</CdtDbtInd><Sts>BOOK</Sts><BookgDt><Dt>2018-09-07</Dt></BookgDt><BkTxCd><Prtry><Cd>SIP UKBA CR 40269</Cd></Prtry></BkTxCd><TxDtls><Refs><EndToEndId>NOREF</EndToEndId><TxId>RP4679960818029200</TxId></Refs><RltdPties><Dbtr><Nm>KUMUYI BA</Nm></Dbtr><DbtrAcct><Id><PrtryAcct><Id>20691510038377</Id></PrtryAcct></Id></DbtrAcct><Cdtr><Nm>EXPORT SOLUTIONS</Nm></Cdtr><CdtrAcct><Id><PrtryAcct><Id>23008200044254</Id></PrtryAcct></Id></CdtrAcct><Prtry><Tp>ABBEY</Tp><Pty/></Prtry></RltdPties><RmtInf><Strd><AddtlRmtInf>NO REF</AddtlRmtInf></Strd><Strd><AddtlRmtInf>KUMUYI BA//ABBEY</AddtlRmtInf></Strd></RmtInf><RltdDts><TxDtTm>2018-09-07T08:52:22</TxDtTm></RltdDts><AddtlTxInf>RP46799608180292001020180907826200026</AddtlTxInf></TxDtls><AddtlNtryInf>COMPLETE//0000//001//CREDIT</AddtlNtryInf></Ntry><Ntry><Amt Ccy="GBP">250.00</Amt><CdtDbtInd>CRDT</CdtDbtInd><Sts>BOOK</Sts><BookgDt><Dt>2018-09-07</Dt></BookgDt><BkTxCd><Prtry><Cd>SIP UKBA CR 40269</Cd></Prtry></BkTxCd><TxDtls><Refs><EndToEndId>NOWL1</EndToEndId><TxId>40085705232358000N</TxId><Prtry><Tp>STO REF</Tp><Ref>0000</Ref></Prtry></Refs><RltdPties><Dbtr><Nm>NOWLAN H</Nm></Dbtr><DbtrAcct><Id><PrtryAcct><Id>54212224038385</Id></PrtryAcct></Id></DbtrAcct><Cdtr><Nm>DIGITAL MONSTER LTD</Nm></Cdtr><CdtrAcct><Id><PrtryAcct><Id>23008200041167</Id></PrtryAcct></Id></CdtrAcct><Prtry><Tp>NOWL1</Tp><Pty/></Prtry></RltdPties><RmtInf><Strd><AddtlRmtInf>NOWLAN H          NOWL1             VIA MOBILE - LVP</AddtlRmtInf></Strd><Strd><AddtlRmtInf>NOWLAN H//NOWL1</AddtlRmtInf></Strd></RmtInf><RltdDts><TxDtTm>2018-09-07T08:57:05</TxDtTm></RltdDts><AddtlTxInf>40085705232358000N1020180907826542122</AddtlTxInf></TxDtls><AddtlNtryInf>COMPLETE//0000//001//CREDIT</AddtlNtryInf></Ntry></Ntfctn></BkToCstmrDbtCdtNtfctnV01></Document>