<?xml version="1.0" encoding="UTF-8"?><Document xmlns:xsi="http://www.w3.org/2001/XMLSchema-instance" xmlns="urn:iso:std:iso:20022:tech:xsd:camt.054.001.01"><BkToCstmrDbtCdtNtfctnV01><GrpHdr><MsgId>80309K//12947</MsgId><CreDtTm>2018-09-17T01:30:00</CreDtTm></GrpHdr><Ntfctn><Id>80309K//12947//1</Id><CreDtTm>2018-09-17T01:30:00</CreDtTm><Acct><Id><PrtryAcct><Id>20594233939774</Id></PrtryAcct></Id><Ccy>GBP</Ccy></Acct><TxsSummry><TtlNtries><NbOfNtries>3</NbOfNtries><Sum>80.00</Sum></TtlNtries><TtlCdtNtries><NbOfNtries>3</NbOfNtries><Sum>80.00</Sum></TtlCdtNtries><TtlDbtNtries><NbOfNtries>0</NbOfNtries><Sum>0.00</Sum></TtlDbtNtries></TxsSummry><Ntry><Amt Ccy="GBP">10.00</Amt><CdtDbtInd>CRDT</CdtDbtInd><Sts>BOOK</Sts><BookgDt><Dt>2018-09-17</Dt></BookgDt><BkTxCd><Prtry><Cd>STO UKBA CR 40267</Cd></Prtry></BkTxCd><TxDtls><Refs><EndToEndId>NOREF</EndToEndId><TxId>FP18259O55024265</TxId></Refs><RltdPties><Dbtr><Nm>Paradise Alan</Nm></Dbtr><DbtrAcct><Id><PrtryAcct><Id>07011631332978</Id></PrtryAcct></Id></DbtrAcct><Cdtr><Nm>MR ALAN PARADISE</Nm></Cdtr><CdtrAcct><Id><PrtryAcct><Id>23008200288376</Id></PrtryAcct></Id></CdtrAcct><Prtry><Tp>NEW BANK</Tp><Pty/></Prtry></RltdPties><RmtInf><Strd><AddtlRmtInf>NO REF</AddtlRmtInf></Strd><Strd><AddtlRmtInf>Paradise Alan//NEW BANK</AddtlRmtInf></Strd></RmtInf><RltdDts><TxDtTm>2018-09-17T01:02:20</TxDtTm></RltdDts><AddtlTxInf>FP18259O55024265  3020180917826070116</AddtlTxInf></TxDtls><AddtlNtryInf>COMPLETE//0000//003//CREDIT</AddtlNtryInf></Ntry><Ntry><Amt Ccy="GBP">20.00</Amt><CdtDbtInd>CRDT</CdtDbtInd><Sts>BOOK</Sts><BookgDt><Dt>2018-09-17</Dt></BookgDt><BkTxCd><Prtry><Cd>SIP UKBA CR 40269</Cd></Prtry></BkTxCd><TxDtls><Refs><EndToEndId>NOREF</EndToEndId><TxId>600000000388954455</TxId></Refs><RltdPties><Dbtr><Nm>C Lockett</Nm></Dbtr><DbtrAcct><Id><PrtryAcct><Id>11133110924968</Id></PrtryAcct></Id></DbtrAcct><Cdtr><Nm>DAVID MEADOWCROFT</Nm></Cdtr><CdtrAcct><Id><PrtryAcct><Id>23008200051788</Id></PrtryAcct></Id></CdtrAcct></RltdPties><RmtInf><Strd><AddtlRmtInf>NO REF</AddtlRmtInf></Strd><Strd><AddtlRmtInf>C Lockett//</AddtlRmtInf></Strd></RmtInf><RltdDts><TxDtTm>2018-09-17T01:02:46</TxDtTm></RltdDts><AddtlTxInf>6000000003889544551020180917826111331</AddtlTxInf></TxDtls><AddtlNtryInf>COMPLETE//0000//003//CREDIT</AddtlNtryInf></Ntry><Ntry><Amt Ccy="GBP">50.00</Amt><CdtDbtInd>CRDT</CdtDbtInd><Sts>BOOK</Sts><BookgDt><Dt>2018-09-17</Dt></BookgDt><BkTxCd><Prtry><Cd>STO UKBA CR 40267</Cd></Prtry></BkTxCd><TxDtls><Refs><EndToEndId>NOREF</EndToEndId><TxId>RP4670962872310300</TxId></Refs><RltdPties><Dbtr><Nm>LANCE CL</Nm></Dbtr><DbtrAcct><Id><PrtryAcct><Id>20113960053996</Id></PrtryAcct></Id></DbtrAcct><Cdtr><Nm>TRUDIE KITCHEN</Nm></Cdtr><CdtrAcct><Id><PrtryAcct><Id>23008200109348</Id></PrtryAcct></Id></CdtrAcct><Prtry><Tp>TEST</Tp><Pty/></Prtry></RltdPties><RmtInf><Strd><AddtlRmtInf>NO REF</AddtlRmtInf></Strd><Strd><AddtlRmtInf>LANCE CL//TEST</AddtlRmtInf></Strd></RmtInf><RltdDts><TxDtTm>2018-09-17T01:29:48</TxDtTm></RltdDts><AddtlTxInf>RP46709628723103003020180917826200026</AddtlTxInf></TxDtls><AddtlNtryInf>COMPLETE//0000//003//CREDIT</AddtlNtryInf></Ntry></Ntfctn></BkToCstmrDbtCdtNtfctnV01></Document>