<?xml version="1.0" encoding="UTF-8"?><Document xmlns:xsi="http://www.w3.org/2001/XMLSchema-instance" xmlns="urn:iso:std:iso:20022:tech:xsd:camt.054.001.01"><BkToCstmrDbtCdtNtfctnV01><GrpHdr><MsgId>80309K//12780</MsgId><CreDtTm>2018-09-13T03:30:00</CreDtTm></GrpHdr><Ntfctn><Id>80309K//12780//1</Id><CreDtTm>2018-09-13T03:30:00</CreDtTm><Acct><Id><PrtryAcct><Id>20594233939774</Id></PrtryAcct></Id><Ccy>GBP</Ccy></Acct><TxsSummry><TtlNtries><NbOfNtries>5</NbOfNtries><Sum>1133.39</Sum></TtlNtries><TtlCdtNtries><NbOfNtries>5</NbOfNtries><Sum>1133.39</Sum></TtlCdtNtries><TtlDbtNtries><NbOfNtries>0</NbOfNtries><Sum>0.00</Sum></TtlDbtNtries></TxsSummry><Ntry><Amt Ccy="GBP">223.30</Amt><CdtDbtInd>CRDT</CdtDbtInd><Sts>BOOK</Sts><BookgDt><Dt>2018-09-13</Dt></BookgDt><BkTxCd><Prtry><Cd>FDP UKBA CR 40269</Cd></Prtry></BkTxCd><TxDtls><Refs><EndToEndId>NOREF</EndToEndId><TxId>37030059325717000N</TxId><Prtry><Tp>STO REF</Tp><Ref>0000</Ref></Prtry></Refs><RltdPties><Dbtr><Nm>GLEN FOUNDRY LIMIT</Nm></Dbtr><DbtrAcct><Id><PrtryAcct><Id>60154278309840</Id></PrtryAcct></Id></DbtrAcct><Cdtr><Nm>C WOODROW</Nm></Cdtr><CdtrAcct><Id><PrtryAcct><Id>23008200393103</Id></PrtryAcct></Id></CdtrAcct><Prtry><Tp>ANDERSON STEWART C</Tp><Pty/></Prtry></RltdPties><RmtInf><Strd><AddtlRmtInf>ANDERSON STEWART C</AddtlRmtInf></Strd><Strd><AddtlRmtInf>GLEN FOUNDRY LIMIT//ANDERSON STEWART C</AddtlRmtInf></Strd></RmtInf><RltdDts><TxDtTm>2018-09-13T03:01:09</TxDtTm></RltdDts><AddtlTxInf>37030059325717000N4020180913826601542</AddtlTxInf></TxDtls><AddtlNtryInf>COMPLETE//0000//003//CREDIT</AddtlNtryInf></Ntry><Ntry><Amt Ccy="GBP">24.70</Amt><CdtDbtInd>CRDT</CdtDbtInd><Sts>BOOK</Sts><BookgDt><Dt>2018-09-13</Dt></BookgDt><BkTxCd><Prtry><Cd>FDP UKBA CR 40269</Cd></Prtry></BkTxCd><TxDtls><Refs><EndToEndId>NO REF</EndToEndId><TxId>MF0401396125302700</TxId></Refs><RltdPties><Dbtr><Nm>RESP RECR LTD</Nm></Dbtr><DbtrAcct><Id><PrtryAcct><Id>20930270519634</Id></PrtryAcct></Id></DbtrAcct><Cdtr><Nm>MARIUS FIRTALA</Nm></Cdtr><CdtrAcct><Id><PrtryAcct><Id>23008200054370</Id></PrtryAcct></Id></CdtrAcct><Prtry><Tp>NO REF</Tp><Pty/></Prtry></RltdPties><RmtInf><Strd><RfrdDocInf><RfrdDocTp><Prtry>002</Prtry></RfrdDocTp></RfrdDocInf><AddtlRmtInf>NO REF</AddtlRmtInf></Strd><Strd><AddtlRmtInf>RESP RECR LTD//NO REF</AddtlRmtInf></Strd></RmtInf><RltdDts><TxDtTm>2018-09-13T03:15:40</TxDtTm></RltdDts><AddtlTxInf>MF04013961253027004020180913826200000</AddtlTxInf></TxDtls><AddtlNtryInf>COMPLETE//0000//003//CREDIT</AddtlNtryInf></Ntry><Ntry><Amt Ccy="GBP">280.28</Amt><CdtDbtInd>CRDT</CdtDbtInd><Sts>BOOK</Sts><BookgDt><Dt>2018-09-13</Dt></BookgDt><BkTxCd><Prtry><Cd>FDP UKBA CR 40269</Cd></Prtry></BkTxCd><TxDtls><Refs><EndToEndId>NO REF</EndToEndId><TxId>MF0600396125302700</TxId></Refs><RltdPties><Dbtr><Nm>RESP RECR LTD</Nm></Dbtr><DbtrAcct><Id><PrtryAcct><Id>20930270519634</Id></PrtryAcct></Id></DbtrAcct><Cdtr><Nm>TATIANA DURBACA</Nm></Cdtr><CdtrAcct><Id><PrtryAcct><Id>23008200359228</Id></PrtryAcct></Id></CdtrAcct><Prtry><Tp>NO REF</Tp><Pty/></Prtry></RltdPties><RmtInf><Strd><RfrdDocInf><RfrdDocTp><Prtry>002</Prtry></RfrdDocTp></RfrdDocInf><AddtlRmtInf>NO REF</AddtlRmtInf></Strd><Strd><AddtlRmtInf>RESP RECR LTD//NO REF</AddtlRmtInf></Strd></RmtInf><RltdDts><TxDtTm>2018-09-13T03:15:50</TxDtTm></RltdDts><AddtlTxInf>MF06003961253027004020180913826200000</AddtlTxInf></TxDtls><AddtlNtryInf>COMPLETE//0000//003//CREDIT</AddtlNtryInf></Ntry><Ntry><Amt Ccy="GBP">26.00</Amt><CdtDbtInd>CRDT</CdtDbtInd><Sts>BOOK</Sts><BookgDt><Dt>2018-09-13</Dt></BookgDt><BkTxCd><Prtry><Cd>SIP UKBA CR 40269</Cd></Prtry></BkTxCd><TxDtls><Refs><EndToEndId>PPWD00000000AMX79A</EndToEndId><TxId>PPWD00000000AMX79A</TxId></Refs><RltdPties><Dbtr><Nm>PayPal</Nm><PstlAdr><AdrLine>2211 N 1st Street San Jose CA 95131</AdrLine><Ctry/></PstlAdr></Dbtr><DbtrAcct><Id><PrtryAcct><Id>23526278959595</Id></PrtryAcct></Id></DbtrAcct><Cdtr><Nm>shaun rowley</Nm><PstlAdr><AdrLine>18 Chaucer Road</AdrLine><Ctry/></PstlAdr></Cdtr><CdtrAcct><Id><PrtryAcct><Id>23008200195443</Id></PrtryAcct></Id></CdtrAcct><Prtry><Tp>PPWDL5RP22AKZH6X7Y</Tp><Pty/></Prtry></RltdPties><RmtInf><Strd><RfrdDocInf><RfrdDocTp><Prtry>002</Prtry></RfrdDocTp></RfrdDocInf><AddtlRmtInf>NO REF</AddtlRmtInf></Strd><Strd><AddtlRmtInf>PayPal//PPWDL5RP22AKZH6X7Y</AddtlRmtInf></Strd></RmtInf><RltdDts><TxDtTm>2018-09-13T03:16:47</TxDtTm></RltdDts><AddtlTxInf>PPWD00000000AMX79A1020180913826235262</AddtlTxInf></TxDtls><AddtlNtryInf>COMPLETE//0000//003//CREDIT</AddtlNtryInf></Ntry><Ntry><Amt Ccy="GBP">579.11</Amt><CdtDbtInd>CRDT</CdtDbtInd><Sts>BOOK</Sts><BookgDt><Dt>2018-09-13</Dt></BookgDt><BkTxCd><Prtry><Cd>FDP UKBA CR 40269</Cd></Prtry></BkTxCd><TxDtls><Refs><EndToEndId>00155988632BCHXWHQ</EndToEndId><TxId>00155988632BCHXWHQ</TxId></Refs><RltdPties><Dbtr><Nm>ADDINGTON (FORMWORK) LIMITED</Nm></Dbtr><DbtrAcct><Id><PrtryAcct><Id>09022210225022</Id></PrtryAcct></Id></DbtrAcct><Cdtr><Nm>G SINGH</Nm></Cdtr><CdtrAcct><Id><PrtryAcct><Id>23008200063664</Id></PrtryAcct></Id></CdtrAcct><Prtry><Tp>ADDINGTON FORMWORK</Tp><Pty/></Prtry></RltdPties><RmtInf><Strd><AddtlRmtInf>NO REF</AddtlRmtInf></Strd><Strd><AddtlRmtInf>ADDINGTON (FORMWOR//ADDINGTON FORMWORK</AddtlRmtInf></Strd></RmtInf><RltdDts><TxDtTm>2018-09-13T03:27:35</TxDtTm></RltdDts><AddtlTxInf>00155988632BCHXWHQ4020180913826090222</AddtlTxInf></TxDtls><AddtlNtryInf>COMPLETE//0000//003//CREDIT</AddtlNtryInf></Ntry></Ntfctn></BkToCstmrDbtCdtNtfctnV01></Document>