<?xml version="1.0" encoding="UTF-8"?><Document xmlns:xsi="http://www.w3.org/2001/XMLSchema-instance" xmlns="urn:iso:std:iso:20022:tech:xsd:camt.054.001.01"><BkToCstmrDbtCdtNtfctnV01><GrpHdr><MsgId>80309K//12445</MsgId><CreDtTm>2018-09-05T10:00:00</CreDtTm></GrpHdr><Ntfctn><Id>80309K//12445//1</Id><CreDtTm>2018-09-05T10:00:00</CreDtTm><Acct><Id><PrtryAcct><Id>20594233939774</Id></PrtryAcct></Id><Ccy>GBP</Ccy></Acct><TxsSummry><TtlNtries><NbOfNtries>6</NbOfNtries><Sum>1614.63</Sum></TtlNtries><TtlCdtNtries><NbOfNtries>6</NbOfNtries><Sum>1614.63</Sum></TtlCdtNtries><TtlDbtNtries><NbOfNtries>0</NbOfNtries><Sum>0.00</Sum></TtlDbtNtries></TxsSummry><Ntry><Amt Ccy="GBP">1.94</Amt><CdtDbtInd>CRDT</CdtDbtInd><Sts>BOOK</Sts><BookgDt><Dt>2018-09-05</Dt></BookgDt><BkTxCd><Prtry><Cd>SIP UKBA CR 40269</Cd></Prtry></BkTxCd><TxDtls><Refs><EndToEndId>NOREF</EndToEndId><TxId>600000000385853217</TxId></Refs><RltdPties><Dbtr><Nm>C Brady</Nm></Dbtr><DbtrAcct><Id><PrtryAcct><Id>30946158666860</Id></PrtryAcct></Id></DbtrAcct><Cdtr><Nm>PREPAID CARD</Nm></Cdtr><CdtrAcct><Id><PrtryAcct><Id>23008200219863</Id></PrtryAcct></Id></CdtrAcct><Prtry><Tp>Arro</Tp><Pty/></Prtry></RltdPties><RmtInf><Strd><AddtlRmtInf>NO REF</AddtlRmtInf></Strd><Strd><AddtlRmtInf>C Brady//Arro</AddtlRmtInf></Strd></RmtInf><RltdDts><TxDtTm>2018-09-05T09:32:50</TxDtTm></RltdDts><AddtlTxInf>6000000003858532171020180905826309461</AddtlTxInf></TxDtls><AddtlNtryInf>COMPLETE//0000//001//CREDIT</AddtlNtryInf></Ntry><Ntry><Amt Ccy="GBP">702.00</Amt><CdtDbtInd>CRDT</CdtDbtInd><Sts>BOOK</Sts><BookgDt><Dt>2018-09-05</Dt></BookgDt><BkTxCd><Prtry><Cd>SIP UKBA CR 40269</Cd></Prtry></BkTxCd><TxDtls><Refs><EndToEndId>ALAN FEE</EndToEndId><TxId>10093418511803000R</TxId><Prtry><Tp>STO REF</Tp><Ref>0000</Ref></Prtry></Refs><RltdPties><Dbtr><Nm>MARQ MILLIONS LTD</Nm></Dbtr><DbtrAcct><Id><PrtryAcct><Id>16001810123776</Id></PrtryAcct></Id></DbtrAcct><Cdtr><Nm>A WILSON - ARRO</Nm></Cdtr><CdtrAcct><Id><PrtryAcct><Id>23008200004571</Id></PrtryAcct></Id></CdtrAcct><Prtry><Tp>ALAN FEE</Tp><Pty/></Prtry></RltdPties><RmtInf><Strd><AddtlRmtInf>MARQ MILLIONS LTD ALAN FEE          VIA MOBILE - PYMT</AddtlRmtInf></Strd><Strd><AddtlRmtInf>MARQ MILLIONS LTD//ALAN FEE</AddtlRmtInf></Strd></RmtInf><RltdDts><TxDtTm>2018-09-05T09:34:18</TxDtTm></RltdDts><AddtlTxInf>10093418511803000R1020180905826160018</AddtlTxInf></TxDtls><AddtlNtryInf>COMPLETE//0000//001//CREDIT</AddtlNtryInf></Ntry><Ntry><Amt Ccy="GBP">20.00</Amt><CdtDbtInd>CRDT</CdtDbtInd><Sts>BOOK</Sts><BookgDt><Dt>2018-09-05</Dt></BookgDt><BkTxCd><Prtry><Cd>SIP UKBA CR 40269</Cd></Prtry></BkTxCd><TxDtls><Refs><EndToEndId>NOREF</EndToEndId><TxId>200000000384470969</TxId></Refs><RltdPties><Dbtr><Nm>I West</Nm></Dbtr><DbtrAcct><Id><PrtryAcct><Id>30961202343020</Id></PrtryAcct></Id></DbtrAcct><Cdtr><Nm>BAEMMS LTD</Nm></Cdtr><CdtrAcct><Id><PrtryAcct><Id>23008200223303</Id></PrtryAcct></Id></CdtrAcct></RltdPties><RmtInf><Strd><AddtlRmtInf>NO REF</AddtlRmtInf></Strd><Strd><AddtlRmtInf>I West//</AddtlRmtInf></Strd></RmtInf><RltdDts><TxDtTm>2018-09-05T09:38:53</TxDtTm></RltdDts><AddtlTxInf>2000000003844709691020180905826309612</AddtlTxInf></TxDtls><AddtlNtryInf>COMPLETE//0000//001//CREDIT</AddtlNtryInf></Ntry><Ntry><Amt Ccy="GBP">0.01</Amt><CdtDbtInd>CRDT</CdtDbtInd><Sts>BOOK</Sts><BookgDt><Dt>2018-09-05</Dt></BookgDt><BkTxCd><Prtry><Cd>SIP UKBA CR 40269</Cd></Prtry></BkTxCd><TxDtls><Refs><EndToEndId>PPRD00000000AKXRHW</EndToEndId><TxId>PPRD00000000AKXRHW</TxId></Refs><RltdPties><Dbtr><Nm>PAYPAL CODE 7862</Nm><PstlAdr><AdrLine>2211 N 1st Street San Jose CA 95131</AdrLine><Ctry/></PstlAdr></Dbtr><DbtrAcct><Id><PrtryAcct><Id>23526285010101</Id></PrtryAcct></Id></DbtrAcct><Cdtr><Nm>Richard Christopher McVitty</Nm><PstlAdr><AdrLine>20 Colburn Avenue</AdrLine><Ctry/></PstlAdr></Cdtr><CdtrAcct><Id><PrtryAcct><Id>23008200223901</Id></PrtryAcct></Id></CdtrAcct><Prtry><Tp>PAYPAL CODE 7862</Tp><Pty/></Prtry></RltdPties><RmtInf><Strd><RfrdDocInf><RfrdDocTp><Prtry>002</Prtry></RfrdDocTp></RfrdDocInf><AddtlRmtInf>NO REF</AddtlRmtInf></Strd><Strd><AddtlRmtInf>PAYPAL CODE 7862//PAYPAL CODE 7862</AddtlRmtInf></Strd></RmtInf><RltdDts><TxDtTm>2018-09-05T09:41:36</TxDtTm></RltdDts><AddtlTxInf>PPRD00000000AKXRHW1020180905826235262</AddtlTxInf></TxDtls><AddtlNtryInf>COMPLETE//0000//001//CREDIT</AddtlNtryInf></Ntry><Ntry><Amt Ccy="GBP">875.68</Amt><CdtDbtInd>CRDT</CdtDbtInd><Sts>BOOK</Sts><BookgDt><Dt>2018-09-05</Dt></BookgDt><BkTxCd><Prtry><Cd>SIP UKBA CR 40269</Cd></Prtry></BkTxCd><TxDtls><Refs><EndToEndId>NOREF</EndToEndId><TxId>116513527490509001</TxId><Prtry><Tp>STO REF</Tp><Ref>0000</Ref></Prtry></Refs><RltdPties><Dbtr><Nm>TEDDTOWN NO 2</Nm></Dbtr><DbtrAcct><Id><PrtryAcct><Id>40444661052896</Id></PrtryAcct></Id></DbtrAcct><Cdtr><Nm>MORRANT GROUP LTD</Nm></Cdtr><CdtrAcct><Id><PrtryAcct><Id>23008200427427</Id></PrtryAcct></Id></CdtrAcct><Prtry><Tp>TEDDINGTON TOWN CC</Tp><Pty/></Prtry></RltdPties><RmtInf><Strd><AddtlRmtInf>NO REF</AddtlRmtInf></Strd><Strd><AddtlRmtInf>TEDDTOWN NO 2//TEDDINGTON TOWN CC</AddtlRmtInf></Strd></RmtInf><RltdDts><TxDtTm>2018-09-05T09:47:25</TxDtTm></RltdDts><AddtlTxInf>1165135274905090011020180905826404446</AddtlTxInf></TxDtls><AddtlNtryInf>COMPLETE//0000//001//CREDIT</AddtlNtryInf></Ntry><Ntry><Amt Ccy="GBP">15.00</Amt><CdtDbtInd>CRDT</CdtDbtInd><Sts>BOOK</Sts><BookgDt><Dt>2018-09-05</Dt></BookgDt><BkTxCd><Prtry><Cd>SIP UKBA CR 40269</Cd></Prtry></BkTxCd><TxDtls><Refs><EndToEndId>NOREF</EndToEndId><TxId>FP18248O12071172</TxId></Refs><RltdPties><Dbtr><Nm>Goodridge Lara</Nm></Dbtr><DbtrAcct><Id><PrtryAcct><Id>07043602337583</Id></PrtryAcct></Id></DbtrAcct><Cdtr><Nm>FIRST KUT LIMITED</Nm></Cdtr><CdtrAcct><Id><PrtryAcct><Id>23008200033266</Id></PrtryAcct></Id></CdtrAcct><Prtry><Tp>NICOLE</Tp><Pty/></Prtry></RltdPties><RmtInf><Strd><AddtlRmtInf>NO REF</AddtlRmtInf></Strd><Strd><AddtlRmtInf>Goodridge Lara//NICOLE</AddtlRmtInf></Strd></RmtInf><RltdDts><TxDtTm>2018-09-05T09:50:12</TxDtTm></RltdDts><AddtlTxInf>FP18248O12071172  1020180905826070436</AddtlTxInf></TxDtls><AddtlNtryInf>COMPLETE//0000//001//CREDIT</AddtlNtryInf></Ntry></Ntfctn></BkToCstmrDbtCdtNtfctnV01></Document>