<?xml version="1.0" encoding="UTF-8"?><Document xmlns:xsi="http://www.w3.org/2001/XMLSchema-instance" xmlns="urn:iso:std:iso:20022:tech:xsd:camt.054.001.01"><BkToCstmrDbtCdtNtfctnV01><GrpHdr><MsgId>80309K//12613</MsgId><CreDtTm>2018-09-09T02:30:00</CreDtTm></GrpHdr><Ntfctn><Id>80309K//12613//1</Id><CreDtTm>2018-09-09T02:30:00</CreDtTm><Acct><Id><PrtryAcct><Id>20594233939774</Id></PrtryAcct></Id><Ccy>GBP</Ccy></Acct><TxsSummry><TtlNtries><NbOfNtries>1</NbOfNtries><Sum>10.00</Sum></TtlNtries><TtlCdtNtries><NbOfNtries>1</NbOfNtries><Sum>10.00</Sum></TtlCdtNtries><TtlDbtNtries><NbOfNtries>0</NbOfNtries><Sum>0.00</Sum></TtlDbtNtries></TxsSummry><Ntry><Amt Ccy="GBP">10.00</Amt><CdtDbtInd>CRDT</CdtDbtInd><Sts>BOOK</Sts><BookgDt><Dt>2018-09-10</Dt></BookgDt><BkTxCd><Prtry><Cd>SIP UKBA CR 40269</Cd></Prtry></BkTxCd><TxDtls><Refs><EndToEndId>NOREF</EndToEndId><TxId>400000000392008344</TxId></Refs><RltdPties><Dbtr><Nm>L Soganic</Nm></Dbtr><DbtrAcct><Id><PrtryAcct><Id>30926814109268</Id></PrtryAcct></Id></DbtrAcct><Cdtr><Nm>JULIUS</Nm></Cdtr><CdtrAcct><Id><PrtryAcct><Id>23008200378098</Id></PrtryAcct></Id></CdtrAcct></RltdPties><RmtInf><Strd><AddtlRmtInf>NO REF</AddtlRmtInf></Strd><Strd><AddtlRmtInf>L Soganic//</AddtlRmtInf></Strd></RmtInf><RltdDts><TxDtTm>2018-09-09T02:25:28</TxDtTm></RltdDts><AddtlTxInf>4000000003920083441020180909826309268</AddtlTxInf></TxDtls><AddtlNtryInf>COMPLETE//0000//003//CREDIT</AddtlNtryInf></Ntry></Ntfctn></BkToCstmrDbtCdtNtfctnV01></Document>