<?xml version="1.0" encoding="UTF-8"?><Document xmlns:xsi="http://www.w3.org/2001/XMLSchema-instance" xmlns="urn:iso:std:iso:20022:tech:xsd:camt.054.001.01"><BkToCstmrDbtCdtNtfctnV01><GrpHdr><MsgId>80309K//13226</MsgId><CreDtTm>2018-09-23T13:30:00</CreDtTm></GrpHdr><Ntfctn><Id>80309K//13226//1</Id><CreDtTm>2018-09-23T13:30:00</CreDtTm><Acct><Id><PrtryAcct><Id>20594233939774</Id></PrtryAcct></Id><Ccy>GBP</Ccy></Acct><TxsSummry><TtlNtries><NbOfNtries>4</NbOfNtries><Sum>1898.00</Sum></TtlNtries><TtlCdtNtries><NbOfNtries>4</NbOfNtries><Sum>1898.00</Sum></TtlCdtNtries><TtlDbtNtries><NbOfNtries>0</NbOfNtries><Sum>0.00</Sum></TtlDbtNtries></TxsSummry><Ntry><Amt Ccy="GBP">1500.00</Amt><CdtDbtInd>CRDT</CdtDbtInd><Sts>BOOK</Sts><BookgDt><Dt>2018-09-24</Dt></BookgDt><BkTxCd><Prtry><Cd>SIP UKBA CR 40269</Cd></Prtry></BkTxCd><TxDtls><Refs><EndToEndId>00156371632BBFVTMH</EndToEndId><TxId>00156371632BBFVTMH</TxId></Refs><RltdPties><Dbtr><Nm>DEBORAH FAKEYE</Nm></Dbtr><DbtrAcct><Id><PrtryAcct><Id>09013280098707</Id></PrtryAcct></Id></DbtrAcct><Cdtr><Nm>Jedidiah Glo Log</Nm></Cdtr><CdtrAcct><Id><PrtryAcct><Id>23008200032558</Id></PrtryAcct></Id></CdtrAcct><Prtry><Tp>Fakeye Seafreight</Tp><Pty/></Prtry></RltdPties><RmtInf><Strd><AddtlRmtInf>NO REF</AddtlRmtInf></Strd><Strd><AddtlRmtInf>DEBORAH FAKEYE//Fakeye Seafreight</AddtlRmtInf></Strd></RmtInf><RltdDts><TxDtTm>2018-09-23T13:10:05</TxDtTm></RltdDts><AddtlTxInf>00156371632BBFVTMH1020180923826090132</AddtlTxInf></TxDtls><AddtlNtryInf>COMPLETE//0000//003//CREDIT</AddtlNtryInf></Ntry><Ntry><Amt Ccy="GBP">320.00</Amt><CdtDbtInd>CRDT</CdtDbtInd><Sts>BOOK</Sts><BookgDt><Dt>2018-09-24</Dt></BookgDt><BkTxCd><Prtry><Cd>SIP UKBA CR 40269</Cd></Prtry></BkTxCd><TxDtls><Refs><EndToEndId>NOREF</EndToEndId><TxId>RP4679962045204000</TxId></Refs><RltdPties><Dbtr><Nm>ATTWOOD MT</Nm></Dbtr><DbtrAcct><Id><PrtryAcct><Id>20542580523410</Id></PrtryAcct></Id></DbtrAcct><Cdtr><Nm>DIGITAL MONSTER LT</Nm></Cdtr><CdtrAcct><Id><PrtryAcct><Id>23008200041167</Id></PrtryAcct></Id></CdtrAcct><Prtry><Tp>ATTW11</Tp><Pty/></Prtry></RltdPties><RmtInf><Strd><AddtlRmtInf>NO REF</AddtlRmtInf></Strd><Strd><AddtlRmtInf>ATTWOOD MT//ATTW11</AddtlRmtInf></Strd></RmtInf><RltdDts><TxDtTm>2018-09-23T13:14:52</TxDtTm></RltdDts><AddtlTxInf>RP46799620452040001020180923826200026</AddtlTxInf></TxDtls><AddtlNtryInf>COMPLETE//0000//003//CREDIT</AddtlNtryInf></Ntry><Ntry><Amt Ccy="GBP">48.00</Amt><CdtDbtInd>CRDT</CdtDbtInd><Sts>BOOK</Sts><BookgDt><Dt>2018-09-24</Dt></BookgDt><BkTxCd><Prtry><Cd>SIP UKBA CR 40269</Cd></Prtry></BkTxCd><TxDtls><Refs><EndToEndId>CONCIERGE SERVICE</EndToEndId><TxId>02132743965504000N</TxId><Prtry><Tp>STO REF</Tp><Ref>0000</Ref></Prtry></Refs><RltdPties><Dbtr><Nm>NOTIONAL LOGISTICS</Nm></Dbtr><DbtrAcct><Id><PrtryAcct><Id>50102921789576</Id></PrtryAcct></Id></DbtrAcct><Cdtr><Nm>CHARLES AMROVHE</Nm></Cdtr><CdtrAcct><Id><PrtryAcct><Id>23008200212810</Id></PrtryAcct></Id></CdtrAcct><Prtry><Tp>CONCIERGE SERVICE</Tp><Pty/></Prtry></RltdPties><RmtInf><Strd><AddtlRmtInf>NOTIONAL LOGISTICSCONCIERGE SERVICE VIA ONLINE - PYMT</AddtlRmtInf></Strd><Strd><AddtlRmtInf>NOTIONAL LOGISTICS//CONCIERGE SERVICE</AddtlRmtInf></Strd></RmtInf><RltdDts><TxDtTm>2018-09-23T13:27:44</TxDtTm></RltdDts><AddtlTxInf>02132743965504000N1020180923826501029</AddtlTxInf></TxDtls><AddtlNtryInf>COMPLETE//0000//003//CREDIT</AddtlNtryInf></Ntry><Ntry><Amt Ccy="GBP">30.00</Amt><CdtDbtInd>CRDT</CdtDbtInd><Sts>BOOK</Sts><BookgDt><Dt>2018-09-24</Dt></BookgDt><BkTxCd><Prtry><Cd>SIP UKBA CR 40269</Cd></Prtry></BkTxCd><TxDtls><Refs><EndToEndId>NOREF</EndToEndId><TxId>401543118231329001</TxId><Prtry><Tp>STO REF</Tp><Ref>0000</Ref></Prtry></Refs><RltdPties><Dbtr><Nm>RRUSH&amp;PLACH</Nm></Dbtr><DbtrAcct><Id><PrtryAcct><Id>40064170238198</Id></PrtryAcct></Id></DbtrAcct><Cdtr><Nm>Mariusz</Nm></Cdtr><CdtrAcct><Id><PrtryAcct><Id>23008200330098</Id></PrtryAcct></Id></CdtrAcct><Prtry><Tp>Gift</Tp><Pty/></Prtry></RltdPties><RmtInf><Strd><AddtlRmtInf>NO REF</AddtlRmtInf></Strd><Strd><AddtlRmtInf>RRUSH&amp;PLACH//Gift</AddtlRmtInf></Strd></RmtInf><RltdDts><TxDtTm>2018-09-23T13:28:11</TxDtTm></RltdDts><AddtlTxInf>4015431182313290011020180923826400641</AddtlTxInf></TxDtls><AddtlNtryInf>COMPLETE//0000//003//CREDIT</AddtlNtryInf></Ntry></Ntfctn></BkToCstmrDbtCdtNtfctnV01></Document>