<?xml version="1.0" encoding="UTF-8"?><Document xmlns:xsi="http://www.w3.org/2001/XMLSchema-instance" xmlns="urn:iso:std:iso:20022:tech:xsd:camt.054.001.01"><BkToCstmrDbtCdtNtfctnV01><GrpHdr><MsgId>80309K//13276</MsgId><CreDtTm>2018-09-24T17:30:00</CreDtTm></GrpHdr><Ntfctn><Id>80309K//13276//1</Id><CreDtTm>2018-09-24T17:30:00</CreDtTm><Acct><Id><PrtryAcct><Id>20594233939774</Id></PrtryAcct></Id><Ccy>GBP</Ccy></Acct><TxsSummry><TtlNtries><NbOfNtries>7</NbOfNtries><Sum>1586.50</Sum></TtlNtries><TtlCdtNtries><NbOfNtries>7</NbOfNtries><Sum>1586.50</Sum></TtlCdtNtries><TtlDbtNtries><NbOfNtries>0</NbOfNtries><Sum>0.00</Sum></TtlDbtNtries></TxsSummry><Ntry><Amt Ccy="GBP">10.00</Amt><CdtDbtInd>CRDT</CdtDbtInd><Sts>BOOK</Sts><BookgDt><Dt>2018-09-24</Dt></BookgDt><BkTxCd><Prtry><Cd>SIP UKBA CR 40269</Cd></Prtry></BkTxCd><TxDtls><Refs><EndToEndId>X</EndToEndId><TxId>27170128211530000N</TxId><Prtry><Tp>STO REF</Tp><Ref>0000</Ref></Prtry></Refs><RltdPties><Dbtr><Nm>BRIODY L</Nm></Dbtr><DbtrAcct><Id><PrtryAcct><Id>60302134888802</Id></PrtryAcct></Id></DbtrAcct><Cdtr><Nm>ME</Nm></Cdtr><CdtrAcct><Id><PrtryAcct><Id>23008200170994</Id></PrtryAcct></Id></CdtrAcct><Prtry><Tp>X</Tp><Pty/></Prtry></RltdPties><RmtInf><Strd><AddtlRmtInf>BRIODY L          X                 VIA MOBILE - LVP</AddtlRmtInf></Strd><Strd><AddtlRmtInf>BRIODY L//X</AddtlRmtInf></Strd></RmtInf><RltdDts><TxDtTm>2018-09-24T17:01:28</TxDtTm></RltdDts><AddtlTxInf>27170128211530000N1020180924826603021</AddtlTxInf></TxDtls><AddtlNtryInf>COMPLETE//0000//003//CREDIT</AddtlNtryInf></Ntry><Ntry><Amt Ccy="GBP">19.00</Amt><CdtDbtInd>CRDT</CdtDbtInd><Sts>BOOK</Sts><BookgDt><Dt>2018-09-24</Dt></BookgDt><BkTxCd><Prtry><Cd>SIP UKBA CR 40269</Cd></Prtry></BkTxCd><TxDtls><Refs><EndToEndId>00156356632BBDWHMX</EndToEndId><TxId>00156356632BBDWHMX</TxId></Refs><RltdPties><Dbtr><Nm>TERESITA MARANAN</Nm></Dbtr><DbtrAcct><Id><PrtryAcct><Id>09012811257674</Id></PrtryAcct></Id></DbtrAcct><Cdtr><Nm>mrs maria oddy</Nm></Cdtr><CdtrAcct><Id><PrtryAcct><Id>23008200441427</Id></PrtryAcct></Id></CdtrAcct><Prtry><Tp>cake</Tp><Pty/></Prtry></RltdPties><RmtInf><Strd><AddtlRmtInf>NO REF</AddtlRmtInf></Strd><Strd><AddtlRmtInf>TERESITA MARANAN//cake</AddtlRmtInf></Strd></RmtInf><RltdDts><TxDtTm>2018-09-24T17:01:32</TxDtTm></RltdDts><AddtlTxInf>00156356632BBDWHMX1020180924826090128</AddtlTxInf></TxDtls><AddtlNtryInf>COMPLETE//0000//003//CREDIT</AddtlNtryInf></Ntry><Ntry><Amt Ccy="GBP">37.50</Amt><CdtDbtInd>CRDT</CdtDbtInd><Sts>BOOK</Sts><BookgDt><Dt>2018-09-24</Dt></BookgDt><BkTxCd><Prtry><Cd>SIP UKBA CR 40269</Cd></Prtry></BkTxCd><TxDtls><Refs><EndToEndId>NOREF</EndToEndId><TxId>100000000389791197</TxId></Refs><RltdPties><Dbtr><Nm>A Popescu-Boian</Nm></Dbtr><DbtrAcct><Id><PrtryAcct><Id>30949771447160</Id></PrtryAcct></Id></DbtrAcct><Cdtr><Nm>ALEX</Nm></Cdtr><CdtrAcct><Id><PrtryAcct><Id>23008200223742</Id></PrtryAcct></Id></CdtrAcct><Prtry><Tp>OWN SAVINGS</Tp><Pty/></Prtry></RltdPties><RmtInf><Strd><AddtlRmtInf>NO REF</AddtlRmtInf></Strd><Strd><AddtlRmtInf>A Popescu-Boian//OWN SAVINGS</AddtlRmtInf></Strd></RmtInf><RltdDts><TxDtTm>2018-09-24T17:02:00</TxDtTm></RltdDts><AddtlTxInf>1000000003897911971020180924826309497</AddtlTxInf></TxDtls><AddtlNtryInf>COMPLETE//0000//003//CREDIT</AddtlNtryInf></Ntry><Ntry><Amt Ccy="GBP">100.00</Amt><CdtDbtInd>CRDT</CdtDbtInd><Sts>BOOK</Sts><BookgDt><Dt>2018-09-24</Dt></BookgDt><BkTxCd><Prtry><Cd>SIP UKBA CR 40269</Cd></Prtry></BkTxCd><TxDtls><Refs><EndToEndId>NOREF</EndToEndId><TxId>300000000395096495</TxId></Refs><RltdPties><Dbtr><Nm>Handscom Ltd</Nm></Dbtr><DbtrAcct><Id><PrtryAcct><Id>30945135074760</Id></PrtryAcct></Id></DbtrAcct><Cdtr><Nm>JAMES SELBY</Nm></Cdtr><CdtrAcct><Id><PrtryAcct><Id>23008200164472</Id></PrtryAcct></Id></CdtrAcct><Prtry><Tp>SERVICE PROVIDER</Tp><Pty/></Prtry></RltdPties><RmtInf><Strd><AddtlRmtInf>NO REF</AddtlRmtInf></Strd><Strd><AddtlRmtInf>Handscom Ltd//SERVICE PROVIDER</AddtlRmtInf></Strd></RmtInf><RltdDts><TxDtTm>2018-09-24T17:03:10</TxDtTm></RltdDts><AddtlTxInf>3000000003950964951020180924826309451</AddtlTxInf></TxDtls><AddtlNtryInf>COMPLETE//0000//003//CREDIT</AddtlNtryInf></Ntry><Ntry><Amt Ccy="GBP">220.00</Amt><CdtDbtInd>CRDT</CdtDbtInd><Sts>BOOK</Sts><BookgDt><Dt>2018-09-24</Dt></BookgDt><BkTxCd><Prtry><Cd>SIP UKBA CR 40269</Cd></Prtry></BkTxCd><TxDtls><Refs><EndToEndId>NOREF</EndToEndId><TxId>RP4679962134295500</TxId></Refs><RltdPties><Dbtr><Nm>MORRIS E</Nm></Dbtr><DbtrAcct><Id><PrtryAcct><Id>20574493425649</Id></PrtryAcct></Id></DbtrAcct><Cdtr><Nm>JOMO TRAVELS</Nm></Cdtr><CdtrAcct><Id><PrtryAcct><Id>23008200444638</Id></PrtryAcct></Id></CdtrAcct><Prtry><Tp>EMMANUEL</Tp><Pty/></Prtry></RltdPties><RmtInf><Strd><AddtlRmtInf>NO REF</AddtlRmtInf></Strd><Strd><AddtlRmtInf>MORRIS E//EMMANUEL</AddtlRmtInf></Strd></RmtInf><RltdDts><TxDtTm>2018-09-24T17:10:45</TxDtTm></RltdDts><AddtlTxInf>RP46799621342955001020180924826200026</AddtlTxInf></TxDtls><AddtlNtryInf>COMPLETE//0000//003//CREDIT</AddtlNtryInf></Ntry><Ntry><Amt Ccy="GBP">1000.00</Amt><CdtDbtInd>CRDT</CdtDbtInd><Sts>BOOK</Sts><BookgDt><Dt>2018-09-24</Dt></BookgDt><BkTxCd><Prtry><Cd>SIP UKBA CR 40269</Cd></Prtry></BkTxCd><TxDtls><Refs><EndToEndId>00151529632BBCYRMV</EndToEndId><TxId>00151529632BBCYRMV</TxId></Refs><RltdPties><Dbtr><Nm>MOHAMMED NASSIR</Nm></Dbtr><DbtrAcct><Id><PrtryAcct><Id>09012802775482</Id></PrtryAcct></Id></DbtrAcct><Cdtr><Nm>MOHAMMED NASSIR</Nm></Cdtr><CdtrAcct><Id><PrtryAcct><Id>23008200154975</Id></PrtryAcct></Id></CdtrAcct><Prtry><Tp>test payment</Tp><Pty/></Prtry></RltdPties><RmtInf><Strd><AddtlRmtInf>NO REF</AddtlRmtInf></Strd><Strd><AddtlRmtInf>MOHAMMED NASSIR//test payment</AddtlRmtInf></Strd></RmtInf><RltdDts><TxDtTm>2018-09-24T17:17:45</TxDtTm></RltdDts><AddtlTxInf>00151529632BBCYRMV1020180924826090128</AddtlTxInf></TxDtls><AddtlNtryInf>COMPLETE//0000//003//CREDIT</AddtlNtryInf></Ntry><Ntry><Amt Ccy="GBP">200.00</Amt><CdtDbtInd>CRDT</CdtDbtInd><Sts>BOOK</Sts><BookgDt><Dt>2018-09-24</Dt></BookgDt><BkTxCd><Prtry><Cd>SIP UKBA CR 40269</Cd></Prtry></BkTxCd><TxDtls><Refs><EndToEndId>NOREF</EndToEndId><TxId>600000000391171750</TxId></Refs><RltdPties><Dbtr><Nm>P Hathaway</Nm></Dbtr><DbtrAcct><Id><PrtryAcct><Id>11063011615565</Id></PrtryAcct></Id></DbtrAcct><Cdtr><Nm>BECCA GREENALL</Nm></Cdtr><CdtrAcct><Id><PrtryAcct><Id>23008200464674</Id></PrtryAcct></Id></CdtrAcct><Prtry><Tp>PAIGE HATHAWAY</Tp><Pty/></Prtry></RltdPties><RmtInf><Strd><AddtlRmtInf>NO REF</AddtlRmtInf></Strd><Strd><AddtlRmtInf>P Hathaway//PAIGE HATHAWAY</AddtlRmtInf></Strd></RmtInf><RltdDts><TxDtTm>2018-09-24T17:29:59</TxDtTm></RltdDts><AddtlTxInf>6000000003911717501020180924826110630</AddtlTxInf></TxDtls><AddtlNtryInf>COMPLETE//0000//003//CREDIT</AddtlNtryInf></Ntry></Ntfctn></BkToCstmrDbtCdtNtfctnV01></Document>