<?xml version="1.0" encoding="UTF-8"?><Document xmlns:xsi="http://www.w3.org/2001/XMLSchema-instance" xmlns="urn:iso:std:iso:20022:tech:xsd:camt.054.001.01"><BkToCstmrDbtCdtNtfctnV01><GrpHdr><MsgId>80309K//12896</MsgId><CreDtTm>2018-09-15T19:30:00</CreDtTm></GrpHdr><Ntfctn><Id>80309K//12896//1</Id><CreDtTm>2018-09-15T19:30:00</CreDtTm><Acct><Id><PrtryAcct><Id>20594233939774</Id></PrtryAcct></Id><Ccy>GBP</Ccy></Acct><TxsSummry><TtlNtries><NbOfNtries>6</NbOfNtries><Sum>280.00</Sum></TtlNtries><TtlCdtNtries><NbOfNtries>6</NbOfNtries><Sum>280.00</Sum></TtlCdtNtries><TtlDbtNtries><NbOfNtries>0</NbOfNtries><Sum>0.00</Sum></TtlDbtNtries></TxsSummry><Ntry><Amt Ccy="GBP">10.00</Amt><CdtDbtInd>CRDT</CdtDbtInd><Sts>BOOK</Sts><BookgDt><Dt>2018-09-17</Dt></BookgDt><BkTxCd><Prtry><Cd>SIP UKBA CR 40269</Cd></Prtry></BkTxCd><TxDtls><Refs><EndToEndId>NOREF</EndToEndId><TxId>200000000387386952</TxId></Refs><RltdPties><Dbtr><Nm>C Lockett</Nm></Dbtr><DbtrAcct><Id><PrtryAcct><Id>11133110924968</Id></PrtryAcct></Id></DbtrAcct><Cdtr><Nm>DAVID MEADOWCROFT</Nm></Cdtr><CdtrAcct><Id><PrtryAcct><Id>23008200051788</Id></PrtryAcct></Id></CdtrAcct></RltdPties><RmtInf><Strd><AddtlRmtInf>NO REF</AddtlRmtInf></Strd><Strd><AddtlRmtInf>C Lockett//</AddtlRmtInf></Strd></RmtInf><RltdDts><TxDtTm>2018-09-15T19:08:55</TxDtTm></RltdDts><AddtlTxInf>2000000003873869521020180915826111331</AddtlTxInf></TxDtls><AddtlNtryInf>COMPLETE//0000//003//CREDIT</AddtlNtryInf></Ntry><Ntry><Amt Ccy="GBP">150.00</Amt><CdtDbtInd>CRDT</CdtDbtInd><Sts>BOOK</Sts><BookgDt><Dt>2018-09-17</Dt></BookgDt><BkTxCd><Prtry><Cd>SIP UKBA CR 40269</Cd></Prtry></BkTxCd><TxDtls><Refs><EndToEndId>NOREF</EndToEndId><TxId>RP4679961481503700</TxId></Refs><RltdPties><Dbtr><Nm>ONDO EKIM CHAT S</Nm></Dbtr><DbtrAcct><Id><PrtryAcct><Id>20415073298396</Id></PrtryAcct></Id></DbtrAcct><Cdtr><Nm>MR JOLAYEMI OLAOFE</Nm></Cdtr><CdtrAcct><Id><PrtryAcct><Id>23008200025823</Id></PrtryAcct></Id></CdtrAcct><Prtry><Tp>DEP. 4 EVENTS PLAN</Tp><Pty/></Prtry></RltdPties><RmtInf><Strd><AddtlRmtInf>NO REF</AddtlRmtInf></Strd><Strd><AddtlRmtInf>ONDO EKIM CHAT S//DEP. 4 EVENTS PLAN</AddtlRmtInf></Strd></RmtInf><RltdDts><TxDtTm>2018-09-15T19:11:46</TxDtTm></RltdDts><AddtlTxInf>RP46799614815037001020180915826200026</AddtlTxInf></TxDtls><AddtlNtryInf>COMPLETE//0000//003//CREDIT</AddtlNtryInf></Ntry><Ntry><Amt Ccy="GBP">30.00</Amt><CdtDbtInd>CRDT</CdtDbtInd><Sts>BOOK</Sts><BookgDt><Dt>2018-09-17</Dt></BookgDt><BkTxCd><Prtry><Cd>SIP UKBA CR 40269</Cd></Prtry></BkTxCd><TxDtls><Refs><EndToEndId>NOREF</EndToEndId><TxId>RP4679961481853400</TxId></Refs><RltdPties><Dbtr><Nm>WHITE CHRISTOPHE</Nm></Dbtr><DbtrAcct><Id><PrtryAcct><Id>20709483520781</Id></PrtryAcct></Id></DbtrAcct><Cdtr><Nm>CHRISTOPHER WHITE</Nm></Cdtr><CdtrAcct><Id><PrtryAcct><Id>23008200292739</Id></PrtryAcct></Id></CdtrAcct><Prtry><Tp>MONEY</Tp><Pty/></Prtry></RltdPties><RmtInf><Strd><AddtlRmtInf>NO REF</AddtlRmtInf></Strd><Strd><AddtlRmtInf>WHITE CHRISTOPHE//MONEY</AddtlRmtInf></Strd></RmtInf><RltdDts><TxDtTm>2018-09-15T19:17:37</TxDtTm></RltdDts><AddtlTxInf>RP46799614818534001020180915826200026</AddtlTxInf></TxDtls><AddtlNtryInf>COMPLETE//0000//003//CREDIT</AddtlNtryInf></Ntry><Ntry><Amt Ccy="GBP">20.00</Amt><CdtDbtInd>CRDT</CdtDbtInd><Sts>BOOK</Sts><BookgDt><Dt>2018-09-17</Dt></BookgDt><BkTxCd><Prtry><Cd>SIP UKBA CR 40269</Cd></Prtry></BkTxCd><TxDtls><Refs><EndToEndId>NOREF</EndToEndId><TxId>100000000387396467</TxId></Refs><RltdPties><Dbtr><Nm>J Phillips</Nm></Dbtr><DbtrAcct><Id><PrtryAcct><Id>77040319615360</Id></PrtryAcct></Id></DbtrAcct><Cdtr><Nm>LEE</Nm></Cdtr><CdtrAcct><Id><PrtryAcct><Id>23008200217463</Id></PrtryAcct></Id></CdtrAcct><Prtry><Tp>WORK</Tp><Pty/></Prtry></RltdPties><RmtInf><Strd><AddtlRmtInf>NO REF</AddtlRmtInf></Strd><Strd><AddtlRmtInf>J Phillips//WORK</AddtlRmtInf></Strd></RmtInf><RltdDts><TxDtTm>2018-09-15T19:19:33</TxDtTm></RltdDts><AddtlTxInf>1000000003873964671020180915826770403</AddtlTxInf></TxDtls><AddtlNtryInf>COMPLETE//0000//003//CREDIT</AddtlNtryInf></Ntry><Ntry><Amt Ccy="GBP">20.00</Amt><CdtDbtInd>CRDT</CdtDbtInd><Sts>BOOK</Sts><BookgDt><Dt>2018-09-17</Dt></BookgDt><BkTxCd><Prtry><Cd>SIP UKBA CR 40269</Cd></Prtry></BkTxCd><TxDtls><Refs><EndToEndId>NOREF</EndToEndId><TxId>180915192554446408</TxId></Refs><RltdPties><Dbtr><Nm>Nina Reid</Nm></Dbtr><DbtrAcct><Id><PrtryAcct><Id>87704173889963</Id></PrtryAcct></Id></DbtrAcct><Cdtr><Nm>Mr Anthony ogunlesi</Nm></Cdtr><CdtrAcct><Id><PrtryAcct><Id>23008200375181</Id></PrtryAcct></Id></CdtrAcct></RltdPties><RmtInf><Strd><AddtlRmtInf>NO REF</AddtlRmtInf></Strd><Strd><AddtlRmtInf>Nina Reid//</AddtlRmtInf></Strd></RmtInf><RltdDts><TxDtTm>2018-09-15T19:25:51</TxDtTm></RltdDts><AddtlTxInf>1809151925544464081020180915826877041</AddtlTxInf></TxDtls><AddtlNtryInf>COMPLETE//0000//003//CREDIT</AddtlNtryInf></Ntry><Ntry><Amt Ccy="GBP">50.00</Amt><CdtDbtInd>CRDT</CdtDbtInd><Sts>BOOK</Sts><BookgDt><Dt>2018-09-17</Dt></BookgDt><BkTxCd><Prtry><Cd>SIP UKBA CR 40269</Cd></Prtry></BkTxCd><TxDtls><Refs><EndToEndId>NOREF</EndToEndId><TxId>180915192705954221</TxId></Refs><RltdPties><Dbtr><Nm>Florin Jinga</Nm></Dbtr><DbtrAcct><Id><PrtryAcct><Id>30934400000653</Id></PrtryAcct></Id></DbtrAcct><Cdtr><Nm>Florin Jinga</Nm></Cdtr><CdtrAcct><Id><PrtryAcct><Id>23008200221683</Id></PrtryAcct></Id></CdtrAcct><Prtry><Tp>Jinga arro</Tp><Pty/></Prtry></RltdPties><RmtInf><Strd><AddtlRmtInf>NO REF</AddtlRmtInf></Strd><Strd><AddtlRmtInf>Florin Jinga//Jinga arro</AddtlRmtInf></Strd></RmtInf><RltdDts><TxDtTm>2018-09-15T19:27:03</TxDtTm></RltdDts><AddtlTxInf>1809151927059542211020180915826309344</AddtlTxInf></TxDtls><AddtlNtryInf>COMPLETE//0000//003//CREDIT</AddtlNtryInf></Ntry></Ntfctn></BkToCstmrDbtCdtNtfctnV01></Document>