<?xml version="1.0" encoding="UTF-8"?><Document xmlns:xsi="http://www.w3.org/2001/XMLSchema-instance" xmlns="urn:iso:std:iso:20022:tech:xsd:camt.054.001.01"><BkToCstmrDbtCdtNtfctnV01><GrpHdr><MsgId>80309K//13264</MsgId><CreDtTm>2018-09-24T11:30:00</CreDtTm></GrpHdr><Ntfctn><Id>80309K//13264//1</Id><CreDtTm>2018-09-24T11:30:00</CreDtTm><Acct><Id><PrtryAcct><Id>20594233939774</Id></PrtryAcct></Id><Ccy>GBP</Ccy></Acct><TxsSummry><TtlNtries><NbOfNtries>14</NbOfNtries><Sum>5399.72</Sum></TtlNtries><TtlCdtNtries><NbOfNtries>11</NbOfNtries><Sum>838.50</Sum></TtlCdtNtries><TtlDbtNtries><NbOfNtries>3</NbOfNtries><Sum>4561.22</Sum></TtlDbtNtries></TxsSummry><Ntry><Amt Ccy="GBP">0.50</Amt><CdtDbtInd>CRDT</CdtDbtInd><Sts>BOOK</Sts><BookgDt><Dt>2018-09-24</Dt></BookgDt><BkTxCd><Prtry><Cd>SIP UKBA CR 40269</Cd></Prtry></BkTxCd><TxDtls><Refs><EndToEndId>00157435632BBCVNQQ</EndToEndId><TxId>00157435632BBCVNQQ</TxId></Refs><RltdPties><Dbtr><Nm>KATIE JOLLY</Nm></Dbtr><DbtrAcct><Id><PrtryAcct><Id>09012745359059</Id></PrtryAcct></Id></DbtrAcct><Cdtr><Nm>hay</Nm></Cdtr><CdtrAcct><Id><PrtryAcct><Id>23008200463527</Id></PrtryAcct></Id></CdtrAcct><Prtry><Tp>wwowoworwormwormwo</Tp><Pty/></Prtry></RltdPties><RmtInf><Strd><AddtlRmtInf>NO REF</AddtlRmtInf></Strd><Strd><AddtlRmtInf>KATIE JOLLY//wwowoworwormwormwo</AddtlRmtInf></Strd></RmtInf><RltdDts><TxDtTm>2018-09-24T11:01:01</TxDtTm></RltdDts><AddtlTxInf>00157435632BBCVNQQ1020180924826090127</AddtlTxInf></TxDtls><AddtlNtryInf>COMPLETE//0000//001//CREDIT</AddtlNtryInf></Ntry><Ntry><Amt Ccy="GBP">20.00</Amt><CdtDbtInd>CRDT</CdtDbtInd><Sts>BOOK</Sts><BookgDt><Dt>2018-09-24</Dt></BookgDt><BkTxCd><Prtry><Cd>SIP UKBA CR 40269</Cd></Prtry></BkTxCd><TxDtls><Refs><EndToEndId>NOREF</EndToEndId><TxId>RP4679962100747900</TxId></Refs><RltdPties><Dbtr><Nm>ONIFADE T M</Nm></Dbtr><DbtrAcct><Id><PrtryAcct><Id>20530483984532</Id></PrtryAcct></Id></DbtrAcct><Cdtr><Nm>FESTUS</Nm></Cdtr><CdtrAcct><Id><PrtryAcct><Id>23008200043882</Id></PrtryAcct></Id></CdtrAcct><Prtry><Tp>TOPSY</Tp><Pty/></Prtry></RltdPties><RmtInf><Strd><AddtlRmtInf>NO REF</AddtlRmtInf></Strd><Strd><AddtlRmtInf>ONIFADE T M//TOPSY</AddtlRmtInf></Strd></RmtInf><RltdDts><TxDtTm>2018-09-24T11:01:17</TxDtTm></RltdDts><AddtlTxInf>RP46799621007479001020180924826200026</AddtlTxInf></TxDtls><AddtlNtryInf>COMPLETE//0000//001//CREDIT</AddtlNtryInf></Ntry><Ntry><Amt Ccy="GBP">2667.70</Amt><CdtDbtInd>DBIT</CdtDbtInd><Sts>BOOK</Sts><BookgDt><Dt>2018-09-24</Dt></BookgDt><BkTxCd><Prtry><Cd>AUT UKBA DR 30278</Cd></Prtry></BkTxCd><TxDtls><Refs><TxId>000000000337698100</TxId></Refs><RltdPties><DbtrAcct><Id><PrtryAcct><Id>20594233939774</Id></PrtryAcct></Id></DbtrAcct></RltdPties><RmtInf><Strd><AddtlRmtInf>NO REF</AddtlRmtInf></Strd><Strd><AddtlRmtInf>20180924A44639//7S      F123E87549</AddtlRmtInf></Strd></RmtInf><RltdDts><TxDtTm>2018-09-24T11:01:35</TxDtTm></RltdDts><AddtlTxInf>0000000003376981000020180924826205942</AddtlTxInf></TxDtls><AddtlNtryInf>AUTHSENT//0000//001//DEBIT</AddtlNtryInf></Ntry><Ntry><Amt Ccy="GBP">30.00</Amt><CdtDbtInd>CRDT</CdtDbtInd><Sts>BOOK</Sts><BookgDt><Dt>2018-09-24</Dt></BookgDt><BkTxCd><Prtry><Cd>DCA UKBA CR 40269</Cd></Prtry></BkTxCd><TxDtls><Refs><EndToEndId>NOREF</EndToEndId><TxId>000000013645902101</TxId><Prtry><Tp>STO REF</Tp><Ref>0000</Ref></Prtry></Refs><RltdPties><Dbtr><Nm>23008200050559</Nm></Dbtr><DbtrAcct><Id><PrtryAcct><Id>20594233939774</Id></PrtryAcct></Id></DbtrAcct><Cdtr><Nm>SEAN HARVEY</Nm></Cdtr><CdtrAcct><Id><PrtryAcct><Id>23008200007668</Id></PrtryAcct></Id></CdtrAcct><Prtry><Tp>PETROL</Tp><Pty/></Prtry></RltdPties><RmtInf><Strd><AddtlRmtInf>NO REF</AddtlRmtInf></Strd><Strd><AddtlRmtInf>23008200050559//PETROL</AddtlRmtInf></Strd></RmtInf><RltdDts><TxDtTm>2018-09-24T11:01:38</TxDtTm></RltdDts><AddtlTxInf>0000000136459021015020180924826205942</AddtlTxInf></TxDtls><AddtlNtryInf>COMPLETE//0000//001//CREDIT</AddtlNtryInf></Ntry><Ntry><Amt Ccy="GBP">323.52</Amt><CdtDbtInd>DBIT</CdtDbtInd><Sts>BOOK</Sts><BookgDt><Dt>2018-09-24</Dt></BookgDt><BkTxCd><Prtry><Cd>AUT UKBA DR 30278</Cd></Prtry></BkTxCd><TxDtls><Refs><TxId>000000000337698200</TxId></Refs><RltdPties><DbtrAcct><Id><PrtryAcct><Id>20594233939774</Id></PrtryAcct></Id></DbtrAcct></RltdPties><RmtInf><Strd><AddtlRmtInf>NO REF</AddtlRmtInf></Strd><Strd><AddtlRmtInf>20180924A44639//7S      F123DJ8547</AddtlRmtInf></Strd></RmtInf><RltdDts><TxDtTm>2018-09-24T11:01:47</TxDtTm></RltdDts><AddtlTxInf>0000000003376982000020180924826205942</AddtlTxInf></TxDtls><AddtlNtryInf>AUTHSENT//0000//001//DEBIT</AddtlNtryInf></Ntry><Ntry><Amt Ccy="GBP">1570.00</Amt><CdtDbtInd>DBIT</CdtDbtInd><Sts>BOOK</Sts><BookgDt><Dt>2018-09-24</Dt></BookgDt><BkTxCd><Prtry><Cd>AUT UKBA DR 30278</Cd></Prtry></BkTxCd><TxDtls><Refs><TxId>000000000337698400</TxId></Refs><RltdPties><DbtrAcct><Id><PrtryAcct><Id>20594233939774</Id></PrtryAcct></Id></DbtrAcct></RltdPties><RmtInf><Strd><AddtlRmtInf>NO REF</AddtlRmtInf></Strd><Strd><AddtlRmtInf>20180924A44639//7S      F121JPL545</AddtlRmtInf></Strd></RmtInf><RltdDts><TxDtTm>2018-09-24T11:01:59</TxDtTm></RltdDts><AddtlTxInf>0000000003376984000020180924826205942</AddtlTxInf></TxDtls><AddtlNtryInf>AUTHSENT//0000//001//DEBIT</AddtlNtryInf></Ntry><Ntry><Amt Ccy="GBP">20.00</Amt><CdtDbtInd>CRDT</CdtDbtInd><Sts>BOOK</Sts><BookgDt><Dt>2018-09-24</Dt></BookgDt><BkTxCd><Prtry><Cd>SIP UKBA CR 40269</Cd></Prtry></BkTxCd><TxDtls><Refs><EndToEndId>NOREF</EndToEndId><TxId>180924110416647624</TxId></Refs><RltdPties><Dbtr><Nm>Daniel Anderson</Nm></Dbtr><DbtrAcct><Id><PrtryAcct><Id>77682201288068</Id></PrtryAcct></Id></DbtrAcct><Cdtr><Nm>Daniel Howe</Nm></Cdtr><CdtrAcct><Id><PrtryAcct><Id>23008200211562</Id></PrtryAcct></Id></CdtrAcct></RltdPties><RmtInf><Strd><AddtlRmtInf>NO REF</AddtlRmtInf></Strd><Strd><AddtlRmtInf>Daniel Anderson//</AddtlRmtInf></Strd></RmtInf><RltdDts><TxDtTm>2018-09-24T11:04:13</TxDtTm></RltdDts><AddtlTxInf>1809241104166476241020180924826776822</AddtlTxInf></TxDtls><AddtlNtryInf>COMPLETE//0000//001//CREDIT</AddtlNtryInf></Ntry><Ntry><Amt Ccy="GBP">100.00</Amt><CdtDbtInd>CRDT</CdtDbtInd><Sts>BOOK</Sts><BookgDt><Dt>2018-09-24</Dt></BookgDt><BkTxCd><Prtry><Cd>SIP UKBA CR 40269</Cd></Prtry></BkTxCd><TxDtls><Refs><EndToEndId>NOREF</EndToEndId><TxId>FP18267O06899960</TxId></Refs><RltdPties><Dbtr><Nm>Lenton Janet</Nm></Dbtr><DbtrAcct><Id><PrtryAcct><Id>07024608985947</Id></PrtryAcct></Id></DbtrAcct><Cdtr><Nm>REBECCA GREENALL</Nm></Cdtr><CdtrAcct><Id><PrtryAcct><Id>23008200451347</Id></PrtryAcct></Id></CdtrAcct><Prtry><Tp>JANET LENTON</Tp><Pty/></Prtry></RltdPties><RmtInf><Strd><AddtlRmtInf>NO REF</AddtlRmtInf></Strd><Strd><AddtlRmtInf>Lenton Janet//JANET LENTON</AddtlRmtInf></Strd></RmtInf><RltdDts><TxDtTm>2018-09-24T11:04:48</TxDtTm></RltdDts><AddtlTxInf>FP18267O06899960  1020180924826070246</AddtlTxInf></TxDtls><AddtlNtryInf>COMPLETE//0000//001//CREDIT</AddtlNtryInf></Ntry><Ntry><Amt Ccy="GBP">154.00</Amt><CdtDbtInd>CRDT</CdtDbtInd><Sts>BOOK</Sts><BookgDt><Dt>2018-09-24</Dt></BookgDt><BkTxCd><Prtry><Cd>SIP UKBA CR 40269</Cd></Prtry></BkTxCd><TxDtls><Refs><EndToEndId>INV-0001</EndToEndId><TxId>52110519547992000N</TxId><Prtry><Tp>STO REF</Tp><Ref>0000</Ref></Prtry></Refs><RltdPties><Dbtr><Nm>TAB X TAB LIMITED</Nm></Dbtr><DbtrAcct><Id><PrtryAcct><Id>60020860965711</Id></PrtryAcct></Id></DbtrAcct><Cdtr><Nm>TUSCUN GROUP LTD</Nm></Cdtr><CdtrAcct><Id><PrtryAcct><Id>23008200039884</Id></PrtryAcct></Id></CdtrAcct><Prtry><Tp>INV-0001</Tp><Pty/></Prtry></RltdPties><RmtInf><Strd><AddtlRmtInf>TAB X TAB LIMITED INV-0001          VIA ONLINE - PYMT</AddtlRmtInf></Strd><Strd><AddtlRmtInf>TAB X TAB LIMITED//INV-0001</AddtlRmtInf></Strd></RmtInf><RltdDts><TxDtTm>2018-09-24T11:05:19</TxDtTm></RltdDts><AddtlTxInf>52110519547992000N1020180924826600208</AddtlTxInf></TxDtls><AddtlNtryInf>COMPLETE//0000//001//CREDIT</AddtlNtryInf></Ntry><Ntry><Amt Ccy="GBP">120.00</Amt><CdtDbtInd>CRDT</CdtDbtInd><Sts>BOOK</Sts><BookgDt><Dt>2018-09-24</Dt></BookgDt><BkTxCd><Prtry><Cd>DCA UKBA CR 40269</Cd></Prtry></BkTxCd><TxDtls><Refs><EndToEndId>NOREF</EndToEndId><TxId>000000013645972701</TxId><Prtry><Tp>STO REF</Tp><Ref>0000</Ref></Prtry></Refs><RltdPties><Dbtr><Nm>23630701345086</Nm></Dbtr><DbtrAcct><Id><PrtryAcct><Id>20594243523659</Id></PrtryAcct></Id></DbtrAcct><Cdtr><Nm>NICHOLAS BENTLEY</Nm></Cdtr><CdtrAcct><Id><PrtryAcct><Id>23008200293503</Id></PrtryAcct></Id></CdtrAcct><Prtry><Tp>OK</Tp><Pty/></Prtry></RltdPties><RmtInf><Strd><AddtlRmtInf>NO REF</AddtlRmtInf></Strd><Strd><AddtlRmtInf>23630701345086//OK</AddtlRmtInf></Strd></RmtInf><RltdDts><TxDtTm>2018-09-24T11:17:00</TxDtTm></RltdDts><AddtlTxInf>0000000136459727015020180924826205942</AddtlTxInf></TxDtls><AddtlNtryInf>COMPLETE//0000//001//CREDIT</AddtlNtryInf></Ntry><Ntry><Amt Ccy="GBP">60.00</Amt><CdtDbtInd>CRDT</CdtDbtInd><Sts>BOOK</Sts><BookgDt><Dt>2018-09-24</Dt></BookgDt><BkTxCd><Prtry><Cd>SIP UKBA CR 40269</Cd></Prtry></BkTxCd><TxDtls><Refs><EndToEndId>00151161632BBCWZKQ</EndToEndId><TxId>00151161632BBCWZKQ</TxId></Refs><RltdPties><Dbtr><Nm>X12491030</Nm></Dbtr><DbtrAcct><Id><PrtryAcct><Id>09000000050005</Id></PrtryAcct></Id></DbtrAcct><Cdtr><Nm>BAEMMS</Nm></Cdtr><CdtrAcct><Id><PrtryAcct><Id>23008200223303</Id></PrtryAcct></Id></CdtrAcct><Prtry><Tp>sarah bauer</Tp><Pty/></Prtry></RltdPties><RmtInf><Strd><AddtlRmtInf>NO REF</AddtlRmtInf></Strd><Strd><AddtlRmtInf>X12491030//sarah bauer</AddtlRmtInf></Strd></RmtInf><RltdDts><TxDtTm>2018-09-24T11:23:22</TxDtTm></RltdDts><AddtlTxInf>00151161632BBCWZKQ1020180924826090000</AddtlTxInf></TxDtls><AddtlNtryInf>COMPLETE//0000//001//CREDIT</AddtlNtryInf></Ntry><Ntry><Amt Ccy="GBP">200.00</Amt><CdtDbtInd>CRDT</CdtDbtInd><Sts>BOOK</Sts><BookgDt><Dt>2018-09-24</Dt></BookgDt><BkTxCd><Prtry><Cd>SIP UKBA CR 40269</Cd></Prtry></BkTxCd><TxDtls><Refs><EndToEndId>NOREF</EndToEndId><TxId>300000000395000974</TxId></Refs><RltdPties><Dbtr><Nm>M Olatunji</Nm></Dbtr><DbtrAcct><Id><PrtryAcct><Id>11171311814166</Id></PrtryAcct></Id></DbtrAcct><Cdtr><Nm>TANNES LTD</Nm></Cdtr><CdtrAcct><Id><PrtryAcct><Id>23008200220991</Id></PrtryAcct></Id></CdtrAcct><Prtry><Tp>MICHAEL</Tp><Pty/></Prtry></RltdPties><RmtInf><Strd><AddtlRmtInf>NO REF</AddtlRmtInf></Strd><Strd><AddtlRmtInf>M Olatunji//MICHAEL</AddtlRmtInf></Strd></RmtInf><RltdDts><TxDtTm>2018-09-24T11:24:45</TxDtTm></RltdDts><AddtlTxInf>3000000003950009741020180924826111713</AddtlTxInf></TxDtls><AddtlNtryInf>COMPLETE//0000//001//CREDIT</AddtlNtryInf></Ntry><Ntry><Amt Ccy="GBP">70.00</Amt><CdtDbtInd>CRDT</CdtDbtInd><Sts>BOOK</Sts><BookgDt><Dt>2018-09-24</Dt></BookgDt><BkTxCd><Prtry><Cd>SIP UKBA CR 40269</Cd></Prtry></BkTxCd><TxDtls><Refs><EndToEndId>00151137632BBFFPZL</EndToEndId><TxId>00151137632BBFFPZL</TxId></Refs><RltdPties><Dbtr><Nm>AYSE AYDINLI</Nm></Dbtr><DbtrAcct><Id><PrtryAcct><Id>09012872107352</Id></PrtryAcct></Id></DbtrAcct><Cdtr><Nm>MRS A L AYDINLI</Nm></Cdtr><CdtrAcct><Id><PrtryAcct><Id>23008200025169</Id></PrtryAcct></Id></CdtrAcct><Prtry><Tp>ARRA</Tp><Pty/></Prtry></RltdPties><RmtInf><Strd><AddtlRmtInf>NO REF</AddtlRmtInf></Strd><Strd><AddtlRmtInf>AYSE AYDINLI//ARRA</AddtlRmtInf></Strd></RmtInf><RltdDts><TxDtTm>2018-09-24T11:27:06</TxDtTm></RltdDts><AddtlTxInf>00151137632BBFFPZL1020180924826090128</AddtlTxInf></TxDtls><AddtlNtryInf>COMPLETE//0000//001//CREDIT</AddtlNtryInf></Ntry><Ntry><Amt Ccy="GBP">64.00</Amt><CdtDbtInd>CRDT</CdtDbtInd><Sts>BOOK</Sts><BookgDt><Dt>2018-09-24</Dt></BookgDt><BkTxCd><Prtry><Cd>SIP UKBA CR 40269</Cd></Prtry></BkTxCd><TxDtls><Refs><EndToEndId>NOREF</EndToEndId><TxId>RP4679962103425100</TxId></Refs><RltdPties><Dbtr><Nm>BUCHANAN J</Nm></Dbtr><DbtrAcct><Id><PrtryAcct><Id>20270523764079</Id></PrtryAcct></Id></DbtrAcct><Cdtr><Nm>MR  D ELLIS</Nm></Cdtr><CdtrAcct><Id><PrtryAcct><Id>23008200463429</Id></PrtryAcct></Id></CdtrAcct><Prtry><Tp>DAVID LTD</Tp><Pty/></Prtry></RltdPties><RmtInf><Strd><AddtlRmtInf>NO REF</AddtlRmtInf></Strd><Strd><AddtlRmtInf>BUCHANAN J//DAVID LTD</AddtlRmtInf></Strd></RmtInf><RltdDts><TxDtTm>2018-09-24T11:29:09</TxDtTm></RltdDts><AddtlTxInf>RP46799621034251001020180924826200026</AddtlTxInf></TxDtls><AddtlNtryInf>COMPLETE//0000//001//CREDIT</AddtlNtryInf></Ntry></Ntfctn></BkToCstmrDbtCdtNtfctnV01></Document>