<?xml version="1.0" encoding="UTF-8"?><Document xmlns:xsi="http://www.w3.org/2001/XMLSchema-instance" xmlns="urn:iso:std:iso:20022:tech:xsd:camt.054.001.01"><BkToCstmrDbtCdtNtfctnV01><GrpHdr><MsgId>80309K//12579</MsgId><CreDtTm>2018-09-08T08:30:00</CreDtTm></GrpHdr><Ntfctn><Id>80309K//12579//1</Id><CreDtTm>2018-09-08T08:30:00</CreDtTm><Acct><Id><PrtryAcct><Id>20594233939774</Id></PrtryAcct></Id><Ccy>GBP</Ccy></Acct><TxsSummry><TtlNtries><NbOfNtries>6</NbOfNtries><Sum>928.99</Sum></TtlNtries><TtlCdtNtries><NbOfNtries>6</NbOfNtries><Sum>928.99</Sum></TtlCdtNtries><TtlDbtNtries><NbOfNtries>0</NbOfNtries><Sum>0.00</Sum></TtlDbtNtries></TxsSummry><Ntry><Amt Ccy="GBP">760.00</Amt><CdtDbtInd>CRDT</CdtDbtInd><Sts>BOOK</Sts><BookgDt><Dt>2018-09-10</Dt></BookgDt><BkTxCd><Prtry><Cd>FDP UKBA CR 40269</Cd></Prtry></BkTxCd><TxDtls><Refs><EndToEndId>NOREF</EndToEndId><TxId>044914307170809001</TxId><Prtry><Tp>STO REF</Tp><Ref>0000</Ref></Prtry></Refs><RltdPties><Dbtr><Nm>Ellis S</Nm></Dbtr><DbtrAcct><Id><PrtryAcct><Id>40252731571443</Id></PrtryAcct></Id></DbtrAcct><Cdtr><Nm>JASON ALPHONFO</Nm></Cdtr><CdtrAcct><Id><PrtryAcct><Id>23008200427485</Id></PrtryAcct></Id></CdtrAcct></RltdPties><RmtInf><Strd><AddtlRmtInf>NO REF</AddtlRmtInf></Strd><Strd><AddtlRmtInf>Ellis S//</AddtlRmtInf></Strd></RmtInf><RltdDts><TxDtTm>2018-09-08T08:00:02</TxDtTm></RltdDts><AddtlTxInf>0449143071708090014020180908826402527</AddtlTxInf></TxDtls><AddtlNtryInf>COMPLETE//0000//003//CREDIT</AddtlNtryInf></Ntry><Ntry><Amt Ccy="GBP">20.00</Amt><CdtDbtInd>CRDT</CdtDbtInd><Sts>BOOK</Sts><BookgDt><Dt>2018-09-10</Dt></BookgDt><BkTxCd><Prtry><Cd>SIP UKBA CR 40269</Cd></Prtry></BkTxCd><TxDtls><Refs><EndToEndId>PPWD00000000ALP8EC</EndToEndId><TxId>PPWD00000000ALP8EC</TxId></Refs><RltdPties><Dbtr><Nm>PayPal</Nm><PstlAdr><AdrLine>2211 N 1st Street San Jose CA 95131</AdrLine><Ctry/></PstlAdr></Dbtr><DbtrAcct><Id><PrtryAcct><Id>23526278959595</Id></PrtryAcct></Id></DbtrAcct><Cdtr><Nm>Soulful Records Ltd</Nm><PstlAdr><AdrLine>27 Commercial Street</AdrLine><Ctry/></PstlAdr></Cdtr><CdtrAcct><Id><PrtryAcct><Id>23008200035140</Id></PrtryAcct></Id></CdtrAcct><Prtry><Tp>PPWDL5FNJ2AKW97G7J</Tp><Pty/></Prtry></RltdPties><RmtInf><Strd><RfrdDocInf><RfrdDocTp><Prtry>002</Prtry></RfrdDocTp></RfrdDocInf><AddtlRmtInf>NO REF</AddtlRmtInf></Strd><Strd><AddtlRmtInf>PayPal//PPWDL5FNJ2AKW97G7J</AddtlRmtInf></Strd></RmtInf><RltdDts><TxDtTm>2018-09-08T08:01:37</TxDtTm></RltdDts><AddtlTxInf>PPWD00000000ALP8EC1020180908826235262</AddtlTxInf></TxDtls><AddtlNtryInf>COMPLETE//0000//003//CREDIT</AddtlNtryInf></Ntry><Ntry><Amt Ccy="GBP">10.00</Amt><CdtDbtInd>CRDT</CdtDbtInd><Sts>BOOK</Sts><BookgDt><Dt>2018-09-10</Dt></BookgDt><BkTxCd><Prtry><Cd>SIP UKBA CR 40269</Cd></Prtry></BkTxCd><TxDtls><Refs><EndToEndId>NOREF</EndToEndId><TxId>000000000127476477</TxId></Refs><RltdPties><Dbtr><Nm>MR L A NEED</Nm></Dbtr><DbtrAcct><Id><PrtryAcct><Id>08910314185050</Id></PrtryAcct></Id></DbtrAcct><Cdtr><Nm>MR L NEED SAVING</Nm></Cdtr><CdtrAcct><Id><PrtryAcct><Id>23008200338418</Id></PrtryAcct></Id></CdtrAcct></RltdPties><RmtInf><Strd><AddtlRmtInf>NO REF</AddtlRmtInf></Strd><Strd><AddtlRmtInf>MR L A NEED//</AddtlRmtInf></Strd></RmtInf><RltdDts><TxDtTm>2018-09-08T08:13:21</TxDtTm></RltdDts><AddtlTxInf>0000000001274764771020180908826089103</AddtlTxInf></TxDtls><AddtlNtryInf>COMPLETE//0000//003//CREDIT</AddtlNtryInf></Ntry><Ntry><Amt Ccy="GBP">74.99</Amt><CdtDbtInd>CRDT</CdtDbtInd><Sts>BOOK</Sts><BookgDt><Dt>2018-09-10</Dt></BookgDt><BkTxCd><Prtry><Cd>FDP UKBA CR 40269</Cd></Prtry></BkTxCd><TxDtls><Refs><EndToEndId>NOREF</EndToEndId><TxId>63080606292175000N</TxId><Prtry><Tp>STO REF</Tp><Ref>0000</Ref></Prtry></Refs><RltdPties><Dbtr><Nm>COS AOSHUK MAIN</Nm></Dbtr><DbtrAcct><Id><PrtryAcct><Id>60071701880861</Id></PrtryAcct></Id></DbtrAcct><Cdtr><Nm>VAN DEN BERG LAURE</Nm></Cdtr><CdtrAcct><Id><PrtryAcct><Id>23008200321087</Id></PrtryAcct></Id></CdtrAcct><Prtry><Tp>ALLOWANCES</Tp><Pty/></Prtry></RltdPties><RmtInf><Strd><AddtlRmtInf>ALLOWANCES</AddtlRmtInf></Strd><Strd><AddtlRmtInf>COS AOSHUK MAIN//ALLOWANCES</AddtlRmtInf></Strd></RmtInf><RltdDts><TxDtTm>2018-09-08T08:21:14</TxDtTm></RltdDts><AddtlTxInf>63080606292175000N4020180908826600717</AddtlTxInf></TxDtls><AddtlNtryInf>COMPLETE//0000//003//CREDIT</AddtlNtryInf></Ntry><Ntry><Amt Ccy="GBP">1.00</Amt><CdtDbtInd>CRDT</CdtDbtInd><Sts>BOOK</Sts><BookgDt><Dt>2018-09-10</Dt></BookgDt><BkTxCd><Prtry><Cd>DCA UKBA CR 40269</Cd></Prtry></BkTxCd><TxDtls><Refs><EndToEndId>NOREF</EndToEndId><TxId>000000013512353401</TxId><Prtry><Tp>STO REF</Tp><Ref>6697</Ref></Prtry></Refs><RltdPties><Dbtr><Nm>EMIL KIS</Nm></Dbtr><DbtrAcct><Id><PrtryAcct><Id>20035373152596</Id></PrtryAcct></Id></DbtrAcct><Cdtr><Nm>23008200388011</Nm></Cdtr><CdtrAcct><Id><PrtryAcct><Id>20594233939774</Id></PrtryAcct></Id></CdtrAcct><Prtry><Tp>NULL</Tp><Pty/></Prtry></RltdPties><RmtInf><Strd><AddtlRmtInf>NO REF</AddtlRmtInf></Strd><Strd><AddtlRmtInf>EMIL KIS//NULL</AddtlRmtInf></Strd></RmtInf><RltdDts><TxDtTm>2018-09-08T08:21:55</TxDtTm></RltdDts><AddtlTxInf>0000000135123534015020180908826200353</AddtlTxInf></TxDtls><AddtlNtryInf>COMPLETE//0000//003//CREDIT</AddtlNtryInf></Ntry><Ntry><Amt Ccy="GBP">63.00</Amt><CdtDbtInd>CRDT</CdtDbtInd><Sts>BOOK</Sts><BookgDt><Dt>2018-09-10</Dt></BookgDt><BkTxCd><Prtry><Cd>SIP UKBA CR 40269</Cd></Prtry></BkTxCd><TxDtls><Refs><EndToEndId>NOREF</EndToEndId><TxId>433412917280809001</TxId><Prtry><Tp>STO REF</Tp><Ref>0000</Ref></Prtry></Refs><RltdPties><Dbtr><Nm>PUTHENPUR</Nm></Dbtr><DbtrAcct><Id><PrtryAcct><Id>40452511437704</Id></PrtryAcct></Id></DbtrAcct><Cdtr><Nm>SUNEJ SASIDHARAN</Nm></Cdtr><CdtrAcct><Id><PrtryAcct><Id>23008200030679</Id></PrtryAcct></Id></CdtrAcct><Prtry><Tp>THANK YOU</Tp><Pty/></Prtry></RltdPties><RmtInf><Strd><AddtlRmtInf>NO REF</AddtlRmtInf></Strd><Strd><AddtlRmtInf>PUTHENPUR//THANK YOU</AddtlRmtInf></Strd></RmtInf><RltdDts><TxDtTm>2018-09-08T08:27:19</TxDtTm></RltdDts><AddtlTxInf>4334129172808090011020180908826404525</AddtlTxInf></TxDtls><AddtlNtryInf>COMPLETE//0000//003//CREDIT</AddtlNtryInf></Ntry></Ntfctn></BkToCstmrDbtCdtNtfctnV01></Document>