<?xml version="1.0" encoding="UTF-8"?><Document xmlns:xsi="http://www.w3.org/2001/XMLSchema-instance" xmlns="urn:iso:std:iso:20022:tech:xsd:camt.054.001.01"><BkToCstmrDbtCdtNtfctnV01><GrpHdr><MsgId>80309K//12860</MsgId><CreDtTm>2018-09-14T21:30:00</CreDtTm></GrpHdr><Ntfctn><Id>80309K//12860//1</Id><CreDtTm>2018-09-14T21:30:00</CreDtTm><Acct><Id><PrtryAcct><Id>20594233939774</Id></PrtryAcct></Id><Ccy>GBP</Ccy></Acct><TxsSummry><TtlNtries><NbOfNtries>5</NbOfNtries><Sum>537.42</Sum></TtlNtries><TtlCdtNtries><NbOfNtries>5</NbOfNtries><Sum>537.42</Sum></TtlCdtNtries><TtlDbtNtries><NbOfNtries>0</NbOfNtries><Sum>0.00</Sum></TtlDbtNtries></TxsSummry><Ntry><Amt Ccy="GBP">100.00</Amt><CdtDbtInd>CRDT</CdtDbtInd><Sts>BOOK</Sts><BookgDt><Dt>2018-09-17</Dt></BookgDt><BkTxCd><Prtry><Cd>SIP UKBA CR 40269</Cd></Prtry></BkTxCd><TxDtls><Refs><EndToEndId>NOREF</EndToEndId><TxId>RP4679961419305600</TxId></Refs><RltdPties><Dbtr><Nm>WILES N</Nm></Dbtr><DbtrAcct><Id><PrtryAcct><Id>20709430706434</Id></PrtryAcct></Id></DbtrAcct><Cdtr><Nm>GILL</Nm></Cdtr><CdtrAcct><Id><PrtryAcct><Id>23008200446811</Id></PrtryAcct></Id></CdtrAcct><Prtry><Tp>TASHA WILES</Tp><Pty/></Prtry></RltdPties><RmtInf><Strd><AddtlRmtInf>NO REF</AddtlRmtInf></Strd><Strd><AddtlRmtInf>WILES N//TASHA WILES</AddtlRmtInf></Strd></RmtInf><RltdDts><TxDtTm>2018-09-14T21:00:41</TxDtTm></RltdDts><AddtlTxInf>RP46799614193056001020180914826200026</AddtlTxInf></TxDtls><AddtlNtryInf>COMPLETE//0000//003//CREDIT</AddtlNtryInf></Ntry><Ntry><Amt Ccy="GBP">150.00</Amt><CdtDbtInd>CRDT</CdtDbtInd><Sts>BOOK</Sts><BookgDt><Dt>2018-09-17</Dt></BookgDt><BkTxCd><Prtry><Cd>SIP UKBA CR 40269</Cd></Prtry></BkTxCd><TxDtls><Refs><EndToEndId>NOREF</EndToEndId><TxId>300000000392537871</TxId></Refs><RltdPties><Dbtr><Nm>S Majeed</Nm></Dbtr><DbtrAcct><Id><PrtryAcct><Id>77010140411460</Id></PrtryAcct></Id></DbtrAcct><Cdtr><Nm>Jill Ellis</Nm></Cdtr><CdtrAcct><Id><PrtryAcct><Id>23008200446811</Id></PrtryAcct></Id></CdtrAcct><Prtry><Tp>Saima Majeed</Tp><Pty/></Prtry></RltdPties><RmtInf><Strd><AddtlRmtInf>NO REF</AddtlRmtInf></Strd><Strd><AddtlRmtInf>S Majeed//Saima Majeed</AddtlRmtInf></Strd></RmtInf><RltdDts><TxDtTm>2018-09-14T21:17:34</TxDtTm></RltdDts><AddtlTxInf>3000000003925378711020180914826770101</AddtlTxInf></TxDtls><AddtlNtryInf>COMPLETE//0000//003//CREDIT</AddtlNtryInf></Ntry><Ntry><Amt Ccy="GBP">85.00</Amt><CdtDbtInd>CRDT</CdtDbtInd><Sts>BOOK</Sts><BookgDt><Dt>2018-09-17</Dt></BookgDt><BkTxCd><Prtry><Cd>DCA UKBA CR 40269</Cd></Prtry></BkTxCd><TxDtls><Refs><EndToEndId>NOREF</EndToEndId><TxId>000000013575605101</TxId><Prtry><Tp>STO REF</Tp><Ref>6347</Ref></Prtry></Refs><RltdPties><Dbtr><Nm>D BYBA</Nm></Dbtr><DbtrAcct><Id><PrtryAcct><Id>20035373152596</Id></PrtryAcct></Id></DbtrAcct><Cdtr><Nm>A. SZCZUREK</Nm></Cdtr><CdtrAcct><Id><PrtryAcct><Id>23008200244618</Id></PrtryAcct></Id></CdtrAcct><Prtry><Tp>AGNIESZKA  SZCZURE</Tp><Pty/></Prtry></RltdPties><RmtInf><Strd><AddtlRmtInf>NO REF</AddtlRmtInf></Strd><Strd><AddtlRmtInf>D BYBA//AGNIESZKA  SZCZURE</AddtlRmtInf></Strd></RmtInf><RltdDts><TxDtTm>2018-09-14T21:17:46</TxDtTm></RltdDts><AddtlTxInf>0000000135756051015020180914826200353</AddtlTxInf></TxDtls><AddtlNtryInf>COMPLETE//0000//003//CREDIT</AddtlNtryInf></Ntry><Ntry><Amt Ccy="GBP">2.42</Amt><CdtDbtInd>CRDT</CdtDbtInd><Sts>BOOK</Sts><BookgDt><Dt>2018-09-17</Dt></BookgDt><BkTxCd><Prtry><Cd>SIP UKBA CR 40269</Cd></Prtry></BkTxCd><TxDtls><Refs><EndToEndId>PPWD00000000ANEIY2</EndToEndId><TxId>PPWD00000000ANEIY2</TxId></Refs><RltdPties><Dbtr><Nm>PayPal</Nm><PstlAdr><AdrLine>2211 N 1st Street San Jose CA 95131</AdrLine><Ctry/></PstlAdr></Dbtr><DbtrAcct><Id><PrtryAcct><Id>23526278959595</Id></PrtryAcct></Id></DbtrAcct><Cdtr><Nm>adrian bennett</Nm><PstlAdr><AdrLine>70</AdrLine><Ctry/></PstlAdr></Cdtr><CdtrAcct><Id><PrtryAcct><Id>23008200377203</Id></PrtryAcct></Id></CdtrAcct><Prtry><Tp>PPWDL4NPJ2AL3VTNJY</Tp><Pty/></Prtry></RltdPties><RmtInf><Strd><RfrdDocInf><RfrdDocTp><Prtry>002</Prtry></RfrdDocTp></RfrdDocInf><AddtlRmtInf>NO REF</AddtlRmtInf></Strd><Strd><AddtlRmtInf>PayPal//PPWDL4NPJ2AL3VTNJY</AddtlRmtInf></Strd></RmtInf><RltdDts><TxDtTm>2018-09-14T21:21:55</TxDtTm></RltdDts><AddtlTxInf>PPWD00000000ANEIY21020180914826235262</AddtlTxInf></TxDtls><AddtlNtryInf>COMPLETE//0000//003//CREDIT</AddtlNtryInf></Ntry><Ntry><Amt Ccy="GBP">200.00</Amt><CdtDbtInd>CRDT</CdtDbtInd><Sts>BOOK</Sts><BookgDt><Dt>2018-09-17</Dt></BookgDt><BkTxCd><Prtry><Cd>SIP UKBA CR 40269</Cd></Prtry></BkTxCd><TxDtls><Refs><EndToEndId>NOREF</EndToEndId><TxId>61212301576485000N</TxId><Prtry><Tp>STO REF</Tp><Ref>0000</Ref></Prtry></Refs><RltdPties><Dbtr><Nm>AZEEZ TM</Nm></Dbtr><DbtrAcct><Id><PrtryAcct><Id>60110115553833</Id></PrtryAcct></Id></DbtrAcct><Cdtr><Nm>OLUSEGUN ADEYINKA</Nm></Cdtr><CdtrAcct><Id><PrtryAcct><Id>23008200151981</Id></PrtryAcct></Id></CdtrAcct></RltdPties><RmtInf><Strd><AddtlRmtInf>AZEEZ TM</AddtlRmtInf></Strd><Strd><AddtlRmtInf>AZEEZ TM//</AddtlRmtInf></Strd></RmtInf><RltdDts><TxDtTm>2018-09-14T21:23:02</TxDtTm></RltdDts><AddtlTxInf>61212301576485000N1020180914826601101</AddtlTxInf></TxDtls><AddtlNtryInf>COMPLETE//0000//003//CREDIT</AddtlNtryInf></Ntry></Ntfctn></BkToCstmrDbtCdtNtfctnV01></Document>