<?xml version="1.0" encoding="UTF-8"?><Document xmlns:xsi="http://www.w3.org/2001/XMLSchema-instance" xmlns="urn:iso:std:iso:20022:tech:xsd:camt.054.001.01"><BkToCstmrDbtCdtNtfctnV01><GrpHdr><MsgId>80309K//12916</MsgId><CreDtTm>2018-09-16T09:30:00</CreDtTm></GrpHdr><Ntfctn><Id>80309K//12916//1</Id><CreDtTm>2018-09-16T09:30:00</CreDtTm><Acct><Id><PrtryAcct><Id>20594233939774</Id></PrtryAcct></Id><Ccy>GBP</Ccy></Acct><TxsSummry><TtlNtries><NbOfNtries>3</NbOfNtries><Sum>416.77</Sum></TtlNtries><TtlCdtNtries><NbOfNtries>3</NbOfNtries><Sum>416.77</Sum></TtlCdtNtries><TtlDbtNtries><NbOfNtries>0</NbOfNtries><Sum>0.00</Sum></TtlDbtNtries></TxsSummry><Ntry><Amt Ccy="GBP">299.00</Amt><CdtDbtInd>CRDT</CdtDbtInd><Sts>BOOK</Sts><BookgDt><Dt>2018-09-17</Dt></BookgDt><BkTxCd><Prtry><Cd>SIP UKBA CR 40269</Cd></Prtry></BkTxCd><TxDtls><Refs><EndToEndId>NOREF</EndToEndId><TxId>RP4659984649811700</TxId></Refs><RltdPties><Dbtr><Nm>MARR G BPO</Nm></Dbtr><DbtrAcct><Id><PrtryAcct><Id>20184760603090</Id></PrtryAcct></Id></DbtrAcct><Cdtr><Nm>KJR LINE</Nm></Cdtr><CdtrAcct><Id><PrtryAcct><Id>23008200223382</Id></PrtryAcct></Id></CdtrAcct><Prtry><Tp>12743</Tp><Pty/></Prtry></RltdPties><RmtInf><Strd><AddtlRmtInf>NO REF</AddtlRmtInf></Strd><Strd><AddtlRmtInf>MARR G BPO//12743</AddtlRmtInf></Strd></RmtInf><RltdDts><TxDtTm>2018-09-16T09:04:50</TxDtTm></RltdDts><AddtlTxInf>RP46599846498117001020180916826200026</AddtlTxInf></TxDtls><AddtlNtryInf>COMPLETE//0000//003//CREDIT</AddtlNtryInf></Ntry><Ntry><Amt Ccy="GBP">92.77</Amt><CdtDbtInd>CRDT</CdtDbtInd><Sts>BOOK</Sts><BookgDt><Dt>2018-09-17</Dt></BookgDt><BkTxCd><Prtry><Cd>SIP UKBA CR 40269</Cd></Prtry></BkTxCd><TxDtls><Refs><EndToEndId>PPWD00000000ANNV5K</EndToEndId><TxId>PPWD00000000ANNV5K</TxId></Refs><RltdPties><Dbtr><Nm>PayPal</Nm><PstlAdr><AdrLine>2211 N 1st Street San Jose CA 95131</AdrLine><Ctry/></PstlAdr></Dbtr><DbtrAcct><Id><PrtryAcct><Id>23526278959595</Id></PrtryAcct></Id></DbtrAcct><Cdtr><Nm>Paul Johnson</Nm><PstlAdr><AdrLine>7 Coney Lane</AdrLine><Ctry/></PstlAdr></Cdtr><CdtrAcct><Id><PrtryAcct><Id>23008200445986</Id></PrtryAcct></Id></CdtrAcct><Prtry><Tp>PPWDL4KXJ2AL4CGCBQ</Tp><Pty/></Prtry></RltdPties><RmtInf><Strd><RfrdDocInf><RfrdDocTp><Prtry>002</Prtry></RfrdDocTp></RfrdDocInf><AddtlRmtInf>NO REF</AddtlRmtInf></Strd><Strd><AddtlRmtInf>PayPal//PPWDL4KXJ2AL4CGCBQ</AddtlRmtInf></Strd></RmtInf><RltdDts><TxDtTm>2018-09-16T09:09:25</TxDtTm></RltdDts><AddtlTxInf>PPWD00000000ANNV5K1020180916826235262</AddtlTxInf></TxDtls><AddtlNtryInf>COMPLETE//0000//003//CREDIT</AddtlNtryInf></Ntry><Ntry><Amt Ccy="GBP">25.00</Amt><CdtDbtInd>CRDT</CdtDbtInd><Sts>BOOK</Sts><BookgDt><Dt>2018-09-17</Dt></BookgDt><BkTxCd><Prtry><Cd>SIP UKBA CR 40269</Cd></Prtry></BkTxCd><TxDtls><Refs><EndToEndId>00157830632BBFXVGQ</EndToEndId><TxId>00157830632BBFXVGQ</TxId></Refs><RltdPties><Dbtr><Nm>MOBOLAJI DADA</Nm></Dbtr><DbtrAcct><Id><PrtryAcct><Id>09012780878278</Id></PrtryAcct></Id></DbtrAcct><Cdtr><Nm>DAMMY DADA</Nm></Cdtr><CdtrAcct><Id><PrtryAcct><Id>23008200049400</Id></PrtryAcct></Id></CdtrAcct><Prtry><Tp>FROM DAD</Tp><Pty/></Prtry></RltdPties><RmtInf><Strd><AddtlRmtInf>NO REF</AddtlRmtInf></Strd><Strd><AddtlRmtInf>MOBOLAJI DADA//FROM DAD</AddtlRmtInf></Strd></RmtInf><RltdDts><TxDtTm>2018-09-16T09:14:06</TxDtTm></RltdDts><AddtlTxInf>00157830632BBFXVGQ1020180916826090127</AddtlTxInf></TxDtls><AddtlNtryInf>COMPLETE//0000//003//CREDIT</AddtlNtryInf></Ntry></Ntfctn></BkToCstmrDbtCdtNtfctnV01></Document>