<?xml version="1.0" encoding="UTF-8"?><Document xmlns:xsi="http://www.w3.org/2001/XMLSchema-instance" xmlns="urn:iso:std:iso:20022:tech:xsd:camt.054.001.01"><BkToCstmrDbtCdtNtfctnV01><GrpHdr><MsgId>80309K//12644</MsgId><CreDtTm>2018-09-09T22:30:00</CreDtTm></GrpHdr><Ntfctn><Id>80309K//12644//1</Id><CreDtTm>2018-09-09T22:30:00</CreDtTm><Acct><Id><PrtryAcct><Id>20594233939774</Id></PrtryAcct></Id><Ccy>GBP</Ccy></Acct><TxsSummry><TtlNtries><NbOfNtries>2</NbOfNtries><Sum>88.79</Sum></TtlNtries><TtlCdtNtries><NbOfNtries>2</NbOfNtries><Sum>88.79</Sum></TtlCdtNtries><TtlDbtNtries><NbOfNtries>0</NbOfNtries><Sum>0.00</Sum></TtlDbtNtries></TxsSummry><Ntry><Amt Ccy="GBP">77.29</Amt><CdtDbtInd>CRDT</CdtDbtInd><Sts>BOOK</Sts><BookgDt><Dt>2018-09-10</Dt></BookgDt><BkTxCd><Prtry><Cd>SIP UKBA CR 40269</Cd></Prtry></BkTxCd><TxDtls><Refs><EndToEndId>00151092632BBJJBKM</EndToEndId><TxId>00151092632BBJJBKM</TxId></Refs><RltdPties><Dbtr><Nm>HAZEL CORE</Nm></Dbtr><DbtrAcct><Id><PrtryAcct><Id>09012834385390</Id></PrtryAcct></Id></DbtrAcct><Cdtr><Nm>ARRO CARD</Nm></Cdtr><CdtrAcct><Id><PrtryAcct><Id>23008200014496</Id></PrtryAcct></Id></CdtrAcct><Prtry><Tp>phone bill</Tp><Pty/></Prtry></RltdPties><RmtInf><Strd><AddtlRmtInf>NO REF</AddtlRmtInf></Strd><Strd><AddtlRmtInf>HAZEL CORE//phone bill</AddtlRmtInf></Strd></RmtInf><RltdDts><TxDtTm>2018-09-09T22:20:26</TxDtTm></RltdDts><AddtlTxInf>00151092632BBJJBKM1020180909826090128</AddtlTxInf></TxDtls><AddtlNtryInf>COMPLETE//0000//003//CREDIT</AddtlNtryInf></Ntry><Ntry><Amt Ccy="GBP">11.50</Amt><CdtDbtInd>CRDT</CdtDbtInd><Sts>BOOK</Sts><BookgDt><Dt>2018-09-10</Dt></BookgDt><BkTxCd><Prtry><Cd>SIP UKBA CR 40269</Cd></Prtry></BkTxCd><TxDtls><Refs><EndToEndId>00151017632BBDGYGM</EndToEndId><TxId>00151017632BBDGYGM</TxId></Refs><RltdPties><Dbtr><Nm>CORRAL BLAKE</Nm></Dbtr><DbtrAcct><Id><PrtryAcct><Id>09012840304064</Id></PrtryAcct></Id></DbtrAcct><Cdtr><Nm>MISS BLAKE</Nm></Cdtr><CdtrAcct><Id><PrtryAcct><Id>23008200287007</Id></PrtryAcct></Id></CdtrAcct><Prtry><Tp>Blake</Tp><Pty/></Prtry></RltdPties><RmtInf><Strd><AddtlRmtInf>NO REF</AddtlRmtInf></Strd><Strd><AddtlRmtInf>CORRAL BLAKE//Blake</AddtlRmtInf></Strd></RmtInf><RltdDts><TxDtTm>2018-09-09T22:29:07</TxDtTm></RltdDts><AddtlTxInf>00151017632BBDGYGM1020180909826090128</AddtlTxInf></TxDtls><AddtlNtryInf>COMPLETE//0000//003//CREDIT</AddtlNtryInf></Ntry></Ntfctn></BkToCstmrDbtCdtNtfctnV01></Document>