<?xml version="1.0" encoding="UTF-8"?><Document xmlns:xsi="http://www.w3.org/2001/XMLSchema-instance" xmlns="urn:iso:std:iso:20022:tech:xsd:camt.054.001.01"><BkToCstmrDbtCdtNtfctnV01><GrpHdr><MsgId>80309K//12427</MsgId><CreDtTm>2018-09-04T22:00:00</CreDtTm></GrpHdr><Ntfctn><Id>80309K//12427//1</Id><CreDtTm>2018-09-04T22:00:00</CreDtTm><Acct><Id><PrtryAcct><Id>20594233939774</Id></PrtryAcct></Id><Ccy>GBP</Ccy></Acct><TxsSummry><TtlNtries><NbOfNtries>3</NbOfNtries><Sum>60.66</Sum></TtlNtries><TtlCdtNtries><NbOfNtries>3</NbOfNtries><Sum>60.66</Sum></TtlCdtNtries><TtlDbtNtries><NbOfNtries>0</NbOfNtries><Sum>0.00</Sum></TtlDbtNtries></TxsSummry><Ntry><Amt Ccy="GBP">5.66</Amt><CdtDbtInd>CRDT</CdtDbtInd><Sts>BOOK</Sts><BookgDt><Dt>2018-09-05</Dt></BookgDt><BkTxCd><Prtry><Cd>SIP UKBA CR 40269</Cd></Prtry></BkTxCd><TxDtls><Refs><EndToEndId>NOREF</EndToEndId><TxId>RP4659983856998000</TxId></Refs><RltdPties><Dbtr><Nm>PENALVER S A</Nm></Dbtr><DbtrAcct><Id><PrtryAcct><Id>20980783275760</Id></PrtryAcct></Id></DbtrAcct><Cdtr><Nm>SPENCER ARRO</Nm></Cdtr><CdtrAcct><Id><PrtryAcct><Id>23008200129940</Id></PrtryAcct></Id></CdtrAcct><Prtry><Tp>SAFIA</Tp><Pty/></Prtry></RltdPties><RmtInf><Strd><AddtlRmtInf>NO REF</AddtlRmtInf></Strd><Strd><AddtlRmtInf>PENALVER S A//SAFIA</AddtlRmtInf></Strd></RmtInf><RltdDts><TxDtTm>2018-09-04T21:30:14</TxDtTm></RltdDts><AddtlTxInf>RP46599838569980001020180904826200026</AddtlTxInf></TxDtls><AddtlNtryInf>COMPLETE//0000//003//CREDIT</AddtlNtryInf></Ntry><Ntry><Amt Ccy="GBP">35.00</Amt><CdtDbtInd>CRDT</CdtDbtInd><Sts>BOOK</Sts><BookgDt><Dt>2018-09-05</Dt></BookgDt><BkTxCd><Prtry><Cd>SIP UKBA CR 40269</Cd></Prtry></BkTxCd><TxDtls><Refs><EndToEndId>NOREF</EndToEndId><TxId>YBBPI2131242058507</TxId></Refs><RltdPties><Dbtr><Nm>CHARMAINE GALLI</Nm></Dbtr><DbtrAcct><Id><PrtryAcct><Id>05002011310718</Id></PrtryAcct></Id></DbtrAcct><Cdtr><Nm>my arro</Nm></Cdtr><CdtrAcct><Id><PrtryAcct><Id>23008200303446</Id></PrtryAcct></Id></CdtrAcct><Prtry><Tp>my arro</Tp><Pty/></Prtry></RltdPties><RmtInf><Strd><RfrdDocInf><RfrdDocTp><Prtry>002</Prtry></RfrdDocTp></RfrdDocInf><AddtlRmtInf>NO REF</AddtlRmtInf></Strd><Strd><AddtlRmtInf>CHARMAINE GALLI//my arro</AddtlRmtInf></Strd></RmtInf><RltdDts><TxDtTm>2018-09-04T21:31:25</TxDtTm></RltdDts><AddtlTxInf>YBBPI21312420585071020180904826050020</AddtlTxInf></TxDtls><AddtlNtryInf>COMPLETE//0000//003//CREDIT</AddtlNtryInf></Ntry><Ntry><Amt Ccy="GBP">20.00</Amt><CdtDbtInd>CRDT</CdtDbtInd><Sts>BOOK</Sts><BookgDt><Dt>2018-09-05</Dt></BookgDt><BkTxCd><Prtry><Cd>SIP UKBA CR 40269</Cd></Prtry></BkTxCd><TxDtls><Refs><EndToEndId>NOREF</EndToEndId><TxId>180904213517407383</TxId></Refs><RltdPties><Dbtr><Nm>Moshood Bello</Nm></Dbtr><DbtrAcct><Id><PrtryAcct><Id>30934420455960</Id></PrtryAcct></Id></DbtrAcct><Cdtr><Nm>mr m bello arro</Nm></Cdtr><CdtrAcct><Id><PrtryAcct><Id>23008200193961</Id></PrtryAcct></Id></CdtrAcct></RltdPties><RmtInf><Strd><AddtlRmtInf>NO REF</AddtlRmtInf></Strd><Strd><AddtlRmtInf>Moshood Bello//</AddtlRmtInf></Strd></RmtInf><RltdDts><TxDtTm>2018-09-04T21:35:14</TxDtTm></RltdDts><AddtlTxInf>1809042135174073831020180904826309344</AddtlTxInf></TxDtls><AddtlNtryInf>COMPLETE//0000//003//CREDIT</AddtlNtryInf></Ntry></Ntfctn></BkToCstmrDbtCdtNtfctnV01></Document>