<?xml version="1.0" encoding="UTF-8"?><Document xmlns:xsi="http://www.w3.org/2001/XMLSchema-instance" xmlns="urn:iso:std:iso:20022:tech:xsd:camt.054.001.01"><BkToCstmrDbtCdtNtfctnV01><GrpHdr><MsgId>80309K//12544</MsgId><CreDtTm>2018-09-07T12:30:00</CreDtTm></GrpHdr><Ntfctn><Id>80309K//12544//1</Id><CreDtTm>2018-09-07T12:30:00</CreDtTm><Acct><Id><PrtryAcct><Id>20594233939774</Id></PrtryAcct></Id><Ccy>GBP</Ccy></Acct><TxsSummry><TtlNtries><NbOfNtries>17</NbOfNtries><Sum>13706.61</Sum></TtlNtries><TtlCdtNtries><NbOfNtries>17</NbOfNtries><Sum>13706.61</Sum></TtlCdtNtries><TtlDbtNtries><NbOfNtries>0</NbOfNtries><Sum>0.00</Sum></TtlDbtNtries></TxsSummry><Ntry><Amt Ccy="GBP">890.00</Amt><CdtDbtInd>CRDT</CdtDbtInd><Sts>BOOK</Sts><BookgDt><Dt>2018-09-07</Dt></BookgDt><BkTxCd><Prtry><Cd>FDP UKBA CR 40269</Cd></Prtry></BkTxCd><TxDtls><Refs><EndToEndId>NOREF</EndToEndId><TxId>212196226301709001</TxId><Prtry><Tp>STO REF</Tp><Ref>0000</Ref></Prtry></Refs><RltdPties><Dbtr><Nm>AGARWAL S</Nm></Dbtr><DbtrAcct><Id><PrtryAcct><Id>40100021664875</Id></PrtryAcct></Id></DbtrAcct><Cdtr><Nm>Shikha Agarwal</Nm></Cdtr><CdtrAcct><Id><PrtryAcct><Id>23008200235721</Id></PrtryAcct></Id></CdtrAcct><Prtry><Tp>Optician</Tp><Pty/></Prtry></RltdPties><RmtInf><Strd><AddtlRmtInf>NO REF</AddtlRmtInf></Strd><Strd><AddtlRmtInf>AGARWAL S//Optician</AddtlRmtInf></Strd></RmtInf><RltdDts><TxDtTm>2018-09-07T12:00:10</TxDtTm></RltdDts><AddtlTxInf>2121962263017090014020180907826401000</AddtlTxInf></TxDtls><AddtlNtryInf>COMPLETE//0000//001//CREDIT</AddtlNtryInf></Ntry><Ntry><Amt Ccy="GBP">115.00</Amt><CdtDbtInd>CRDT</CdtDbtInd><Sts>BOOK</Sts><BookgDt><Dt>2018-09-07</Dt></BookgDt><BkTxCd><Prtry><Cd>SIP UKBA CR 40269</Cd></Prtry></BkTxCd><TxDtls><Refs><EndToEndId>NOREF</EndToEndId><TxId>44120239722848000N</TxId><Prtry><Tp>STO REF</Tp><Ref>0000</Ref></Prtry></Refs><RltdPties><Dbtr><Nm>STEPHEN MORETON</Nm><PstlAdr><AdrLine>APS COTTONS CENTRE SE1 2QG</AdrLine><Ctry/></PstlAdr></Dbtr><DbtrAcct><Id><PrtryAcct><Id>08719945849872</Id></PrtryAcct></Id></DbtrAcct><Cdtr><Nm>STEPHEN MORETON</Nm></Cdtr><CdtrAcct><Id><PrtryAcct><Id>23008200085500</Id></PrtryAcct></Id></CdtrAcct><Prtry><Tp>STEVE</Tp><Pty/></Prtry></RltdPties><RmtInf><Strd><AddtlRmtInf>STEVE</AddtlRmtInf></Strd><Strd><AddtlRmtInf>STEPHEN MORETON//STEVE</AddtlRmtInf></Strd></RmtInf><RltdDts><TxDtTm>2018-09-07T12:02:40</TxDtTm></RltdDts><AddtlTxInf>44120239722848000N1020180907826087199</AddtlTxInf></TxDtls><AddtlNtryInf>COMPLETE//0000//001//CREDIT</AddtlNtryInf></Ntry><Ntry><Amt Ccy="GBP">90.00</Amt><CdtDbtInd>CRDT</CdtDbtInd><Sts>BOOK</Sts><BookgDt><Dt>2018-09-07</Dt></BookgDt><BkTxCd><Prtry><Cd>SIP UKBA CR 40269</Cd></Prtry></BkTxCd><TxDtls><Refs><EndToEndId>TRACEY COOPER</EndToEndId><TxId>28120437531418000N</TxId><Prtry><Tp>STO REF</Tp><Ref>0000</Ref></Prtry></Refs><RltdPties><Dbtr><Nm>MORRIS P &amp; T</Nm></Dbtr><DbtrAcct><Id><PrtryAcct><Id>60145561205850</Id></PrtryAcct></Id></DbtrAcct><Cdtr><Nm>BAEMMS</Nm></Cdtr><CdtrAcct><Id><PrtryAcct><Id>23008200223303</Id></PrtryAcct></Id></CdtrAcct><Prtry><Tp>TRACEY COOPER</Tp><Pty/></Prtry></RltdPties><RmtInf><Strd><AddtlRmtInf>MORRIS P &amp; T      TRACEY COOPER     VIA MOBILE - LVP</AddtlRmtInf></Strd><Strd><AddtlRmtInf>MORRIS P &amp; T//TRACEY COOPER</AddtlRmtInf></Strd></RmtInf><RltdDts><TxDtTm>2018-09-07T12:04:37</TxDtTm></RltdDts><AddtlTxInf>28120437531418000N1020180907826601455</AddtlTxInf></TxDtls><AddtlNtryInf>COMPLETE//0000//001//CREDIT</AddtlNtryInf></Ntry><Ntry><Amt Ccy="GBP">3750.00</Amt><CdtDbtInd>CRDT</CdtDbtInd><Sts>BOOK</Sts><BookgDt><Dt>2018-09-07</Dt></BookgDt><BkTxCd><Prtry><Cd>SIP UKBA CR 40269</Cd></Prtry></BkTxCd><TxDtls><Refs><EndToEndId>NOREF</EndToEndId><TxId>3852952180217090HN</TxId><Prtry><Tp>STO REF</Tp><Ref>0000</Ref></Prtry></Refs><RltdPties><Dbtr><Nm>PEAK CASHFLOW LIMITED</Nm></Dbtr><DbtrAcct><Id><PrtryAcct><Id>40182292022249</Id></PrtryAcct></Id></DbtrAcct><Cdtr><Nm>ROAD WISE TRAFFIC MANAGEMENT LTD</Nm></Cdtr><CdtrAcct><Id><PrtryAcct><Id>23008200223263</Id></PrtryAcct></Id></CdtrAcct></RltdPties><RmtInf><Strd><AddtlRmtInf>NO REF</AddtlRmtInf></Strd><Strd><AddtlRmtInf>PEAK CASHFLOW LIMI//</AddtlRmtInf></Strd></RmtInf><RltdDts><TxDtTm>2018-09-07T12:08:12</TxDtTm></RltdDts><AddtlTxInf>3852952180217090HN1020180907826401822</AddtlTxInf></TxDtls><AddtlNtryInf>COMPLETE//0000//001//CREDIT</AddtlNtryInf></Ntry><Ntry><Amt Ccy="GBP">254.00</Amt><CdtDbtInd>CRDT</CdtDbtInd><Sts>BOOK</Sts><BookgDt><Dt>2018-09-07</Dt></BookgDt><BkTxCd><Prtry><Cd>SIP UKBA CR 40269</Cd></Prtry></BkTxCd><TxDtls><Refs><EndToEndId>PPWD00000000ALIMGM</EndToEndId><TxId>PPWD00000000ALIMGM</TxId></Refs><RltdPties><Dbtr><Nm>PayPal</Nm><PstlAdr><AdrLine>2211 N 1st Street San Jose CA 95131</AdrLine><Ctry/></PstlAdr></Dbtr><DbtrAcct><Id><PrtryAcct><Id>23526278959595</Id></PrtryAcct></Id></DbtrAcct><Cdtr><Nm>Enrico Manichino</Nm><PstlAdr><AdrLine>43 South Hill Road</AdrLine><Ctry/></PstlAdr></Cdtr><CdtrAcct><Id><PrtryAcct><Id>23008200432236</Id></PrtryAcct></Id></CdtrAcct><Prtry><Tp>PPWDL5WS22AKVD7CWN</Tp><Pty/></Prtry></RltdPties><RmtInf><Strd><RfrdDocInf><RfrdDocTp><Prtry>002</Prtry></RfrdDocTp></RfrdDocInf><AddtlRmtInf>NO REF</AddtlRmtInf></Strd><Strd><AddtlRmtInf>PayPal//PPWDL5WS22AKVD7CWN</AddtlRmtInf></Strd></RmtInf><RltdDts><TxDtTm>2018-09-07T12:11:29</TxDtTm></RltdDts><AddtlTxInf>PPWD00000000ALIMGM1020180907826235262</AddtlTxInf></TxDtls><AddtlNtryInf>COMPLETE//0000//001//CREDIT</AddtlNtryInf></Ntry><Ntry><Amt Ccy="GBP">2000.00</Amt><CdtDbtInd>CRDT</CdtDbtInd><Sts>BOOK</Sts><BookgDt><Dt>2018-09-07</Dt></BookgDt><BkTxCd><Prtry><Cd>SIP UKBA CR 40269</Cd></Prtry></BkTxCd><TxDtls><Refs><EndToEndId>NOREF</EndToEndId><TxId>RP4659984056030800</TxId></Refs><RltdPties><Dbtr><Nm>KARAU-TONACK G</Nm></Dbtr><DbtrAcct><Id><PrtryAcct><Id>20844133697398</Id></PrtryAcct></Id></DbtrAcct><Cdtr><Nm>OKOTCHA AUSTIN</Nm></Cdtr><CdtrAcct><Id><PrtryAcct><Id>23008200289804</Id></PrtryAcct></Id></CdtrAcct><Prtry><Tp>AU</Tp><Pty/></Prtry></RltdPties><RmtInf><Strd><AddtlRmtInf>NO REF</AddtlRmtInf></Strd><Strd><AddtlRmtInf>KARAU-TONACK G//AU</AddtlRmtInf></Strd></RmtInf><RltdDts><TxDtTm>2018-09-07T12:11:30</TxDtTm></RltdDts><AddtlTxInf>RP46599840560308001020180907826200026</AddtlTxInf></TxDtls><AddtlNtryInf>COMPLETE//0000//001//CREDIT</AddtlNtryInf></Ntry><Ntry><Amt Ccy="GBP">892.58</Amt><CdtDbtInd>CRDT</CdtDbtInd><Sts>BOOK</Sts><BookgDt><Dt>2018-09-07</Dt></BookgDt><BkTxCd><Prtry><Cd>SIP UKBA CR 40269</Cd></Prtry></BkTxCd><TxDtls><Refs><EndToEndId>NOREF</EndToEndId><TxId>06121243167864000N</TxId><Prtry><Tp>STO REF</Tp><Ref>0000</Ref></Prtry></Refs><RltdPties><Dbtr><Nm>DWP GB FP LP FUNDI</Nm></Dbtr><DbtrAcct><Id><PrtryAcct><Id>60708010028668</Id></PrtryAcct></Id></DbtrAcct><Cdtr><Nm>IAN BURROWS</Nm></Cdtr><CdtrAcct><Id><PrtryAcct><Id>23008200430595</Id></PrtryAcct></Id></CdtrAcct><Prtry><Tp>JP017429B DWP UC</Tp><Pty/></Prtry></RltdPties><RmtInf><Strd><AddtlRmtInf>JP017429B DWP UC</AddtlRmtInf></Strd><Strd><AddtlRmtInf>DWP GB FP LP FUNDI//JP017429B DWP UC</AddtlRmtInf></Strd></RmtInf><RltdDts><TxDtTm>2018-09-07T12:12:43</TxDtTm></RltdDts><AddtlTxInf>06121243167864000N1020180907826607080</AddtlTxInf></TxDtls><AddtlNtryInf>COMPLETE//0000//001//CREDIT</AddtlNtryInf></Ntry><Ntry><Amt Ccy="GBP">300.00</Amt><CdtDbtInd>CRDT</CdtDbtInd><Sts>BOOK</Sts><BookgDt><Dt>2018-09-07</Dt></BookgDt><BkTxCd><Prtry><Cd>SIP UKBA CR 40269</Cd></Prtry></BkTxCd><TxDtls><Refs><EndToEndId>TRANSFER</EndToEndId><TxId>27121253382373000R</TxId><Prtry><Tp>STO REF</Tp><Ref>0000</Ref></Prtry></Refs><RltdPties><Dbtr><Nm>MCINTEE MR J CA</Nm></Dbtr><DbtrAcct><Id><PrtryAcct><Id>83212700796982</Id></PrtryAcct></Id></DbtrAcct><Cdtr><Nm>J MCINTEE</Nm></Cdtr><CdtrAcct><Id><PrtryAcct><Id>23008200414391</Id></PrtryAcct></Id></CdtrAcct><Prtry><Tp>TRANSFER</Tp><Pty/></Prtry></RltdPties><RmtInf><Strd><AddtlRmtInf>MCINTEE MR J CA   TRANSFER          VIA ONLINE - PYMT</AddtlRmtInf></Strd><Strd><AddtlRmtInf>MCINTEE MR J CA//TRANSFER</AddtlRmtInf></Strd></RmtInf><RltdDts><TxDtTm>2018-09-07T12:12:53</TxDtTm></RltdDts><AddtlTxInf>27121253382373000R1020180907826832127</AddtlTxInf></TxDtls><AddtlNtryInf>COMPLETE//0000//001//CREDIT</AddtlNtryInf></Ntry><Ntry><Amt Ccy="GBP">180.00</Amt><CdtDbtInd>CRDT</CdtDbtInd><Sts>BOOK</Sts><BookgDt><Dt>2018-09-07</Dt></BookgDt><BkTxCd><Prtry><Cd>SIP UKBA CR 40269</Cd></Prtry></BkTxCd><TxDtls><Refs><EndToEndId>00151108632BBHBFVQ</EndToEndId><TxId>00151108632BBHBFVQ</TxId></Refs><RltdPties><Dbtr><Nm>AARON ELECTRICAL SERVICES</Nm></Dbtr><DbtrAcct><Id><PrtryAcct><Id>09012850268899</Id></PrtryAcct></Id></DbtrAcct><Cdtr><Nm>John</Nm></Cdtr><CdtrAcct><Id><PrtryAcct><Id>23008200045369</Id></PrtryAcct></Id></CdtrAcct><Prtry><Tp>Aaron</Tp><Pty/></Prtry></RltdPties><RmtInf><Strd><AddtlRmtInf>NO REF</AddtlRmtInf></Strd><Strd><AddtlRmtInf>AARON ELECTRICAL S//Aaron</AddtlRmtInf></Strd></RmtInf><RltdDts><TxDtTm>2018-09-07T12:14:10</TxDtTm></RltdDts><AddtlTxInf>00151108632BBHBFVQ1020180907826090128</AddtlTxInf></TxDtls><AddtlNtryInf>COMPLETE//0000//001//CREDIT</AddtlNtryInf></Ntry><Ntry><Amt Ccy="GBP">2275.00</Amt><CdtDbtInd>CRDT</CdtDbtInd><Sts>BOOK</Sts><BookgDt><Dt>2018-09-07</Dt></BookgDt><BkTxCd><Prtry><Cd>SIP UKBA CR 40269</Cd></Prtry></BkTxCd><TxDtls><Refs><EndToEndId>NOREF</EndToEndId><TxId>RP4679960840774500</TxId></Refs><RltdPties><Dbtr><Nm>TRADE QUEEN T/AS</Nm></Dbtr><DbtrAcct><Id><PrtryAcct><Id>20415013976432</Id></PrtryAcct></Id></DbtrAcct><Cdtr><Nm>G C SERVICE</Nm></Cdtr><CdtrAcct><Id><PrtryAcct><Id>23008200035423</Id></PrtryAcct></Id></CdtrAcct><Prtry><Tp>G C SERVICE</Tp><Pty/></Prtry></RltdPties><RmtInf><Strd><AddtlRmtInf>NO REF</AddtlRmtInf></Strd><Strd><AddtlRmtInf>TRADE QUEEN T/AS//G C SERVICE</AddtlRmtInf></Strd></RmtInf><RltdDts><TxDtTm>2018-09-07T12:16:20</TxDtTm></RltdDts><AddtlTxInf>RP46799608407745001020180907826200026</AddtlTxInf></TxDtls><AddtlNtryInf>COMPLETE//0000//001//CREDIT</AddtlNtryInf></Ntry><Ntry><Amt Ccy="GBP">208.42</Amt><CdtDbtInd>CRDT</CdtDbtInd><Sts>BOOK</Sts><BookgDt><Dt>2018-09-07</Dt></BookgDt><BkTxCd><Prtry><Cd>DCA UKBA CR 40269</Cd></Prtry></BkTxCd><TxDtls><Refs><EndToEndId>NOREF</EndToEndId><TxId>000000013503274801</TxId><Prtry><Tp>STO REF</Tp><Ref>0000</Ref></Prtry></Refs><RltdPties><Dbtr><Nm>23327201934045</Nm></Dbtr><DbtrAcct><Id><PrtryAcct><Id>20594263428524</Id></PrtryAcct></Id></DbtrAcct><Cdtr><Nm>KATHLEEN WILSON</Nm></Cdtr><CdtrAcct><Id><PrtryAcct><Id>23008200329986</Id></PrtryAcct></Id></CdtrAcct><Prtry><Tp>BILL</Tp><Pty/></Prtry></RltdPties><RmtInf><Strd><AddtlRmtInf>NO REF</AddtlRmtInf></Strd><Strd><AddtlRmtInf>23327201934045//BILL</AddtlRmtInf></Strd></RmtInf><RltdDts><TxDtTm>2018-09-07T12:17:06</TxDtTm></RltdDts><AddtlTxInf>0000000135032748015020180907826205942</AddtlTxInf></TxDtls><AddtlNtryInf>COMPLETE//0000//001//CREDIT</AddtlNtryInf></Ntry><Ntry><Amt Ccy="GBP">170.09</Amt><CdtDbtInd>CRDT</CdtDbtInd><Sts>BOOK</Sts><BookgDt><Dt>2018-09-07</Dt></BookgDt><BkTxCd><Prtry><Cd>SIP UKBA CR 40269</Cd></Prtry></BkTxCd><TxDtls><Refs><EndToEndId>NOREF</EndToEndId><TxId>RP4679960841122700</TxId></Refs><RltdPties><Dbtr><Nm>OFFICE AGENT ACCO</Nm></Dbtr><DbtrAcct><Id><PrtryAcct><Id>20240073244814</Id></PrtryAcct></Id></DbtrAcct><Cdtr><Nm>UNIQUE HANDYMAN</Nm></Cdtr><CdtrAcct><Id><PrtryAcct><Id>23008200033441</Id></PrtryAcct></Id></CdtrAcct><Prtry><Tp>INV 01798</Tp><Pty/></Prtry></RltdPties><RmtInf><Strd><AddtlRmtInf>NO REF</AddtlRmtInf></Strd><Strd><AddtlRmtInf>OFFICE AGENT ACCO//INV 01798</AddtlRmtInf></Strd></RmtInf><RltdDts><TxDtTm>2018-09-07T12:19:21</TxDtTm></RltdDts><AddtlTxInf>RP46799608411227001020180907826200026</AddtlTxInf></TxDtls><AddtlNtryInf>COMPLETE//0000//001//CREDIT</AddtlNtryInf></Ntry><Ntry><Amt Ccy="GBP">0.01</Amt><CdtDbtInd>CRDT</CdtDbtInd><Sts>BOOK</Sts><BookgDt><Dt>2018-09-07</Dt></BookgDt><BkTxCd><Prtry><Cd>SIP UKBA CR 40269</Cd></Prtry></BkTxCd><TxDtls><Refs><EndToEndId>PPRD00000000ALIQ0S</EndToEndId><TxId>PPRD00000000ALIQ0S</TxId></Refs><RltdPties><Dbtr><Nm>PAYPAL CODE 3011</Nm><PstlAdr><AdrLine>2211 N 1st Street San Jose CA 95131</AdrLine><Ctry/></PstlAdr></Dbtr><DbtrAcct><Id><PrtryAcct><Id>23526285010101</Id></PrtryAcct></Id></DbtrAcct><Cdtr><Nm>Owen Baily</Nm><PstlAdr><AdrLine>11 Burdell Avenue</AdrLine><Ctry/></PstlAdr></Cdtr><CdtrAcct><Id><PrtryAcct><Id>23008200433584</Id></PrtryAcct></Id></CdtrAcct><Prtry><Tp>PAYPAL CODE 3011</Tp><Pty/></Prtry></RltdPties><RmtInf><Strd><RfrdDocInf><RfrdDocTp><Prtry>002</Prtry></RfrdDocTp></RfrdDocInf><AddtlRmtInf>NO REF</AddtlRmtInf></Strd><Strd><AddtlRmtInf>PAYPAL CODE 3011//PAYPAL CODE 3011</AddtlRmtInf></Strd></RmtInf><RltdDts><TxDtTm>2018-09-07T12:21:11</TxDtTm></RltdDts><AddtlTxInf>PPRD00000000ALIQ0S1020180907826235262</AddtlTxInf></TxDtls><AddtlNtryInf>COMPLETE//0000//001//CREDIT</AddtlNtryInf></Ntry><Ntry><Amt Ccy="GBP">1850.00</Amt><CdtDbtInd>CRDT</CdtDbtInd><Sts>BOOK</Sts><BookgDt><Dt>2018-09-07</Dt></BookgDt><BkTxCd><Prtry><Cd>SIP UKBA CR 40269</Cd></Prtry></BkTxCd><TxDtls><Refs><EndToEndId>NOREF</EndToEndId><TxId>RP4659984057140100</TxId></Refs><RltdPties><Dbtr><Nm>SECURE FM LTD</Nm></Dbtr><DbtrAcct><Id><PrtryAcct><Id>20454550932698</Id></PrtryAcct></Id></DbtrAcct><Cdtr><Nm>RELIEF SECURE</Nm></Cdtr><CdtrAcct><Id><PrtryAcct><Id>23008200017980</Id></PrtryAcct></Id></CdtrAcct><Prtry><Tp>CONSULTANCY</Tp><Pty/></Prtry></RltdPties><RmtInf><Strd><AddtlRmtInf>NO REF</AddtlRmtInf></Strd><Strd><AddtlRmtInf>SECURE FM LTD//CONSULTANCY</AddtlRmtInf></Strd></RmtInf><RltdDts><TxDtTm>2018-09-07T12:21:23</TxDtTm></RltdDts><AddtlTxInf>RP46599840571401001020180907826200026</AddtlTxInf></TxDtls><AddtlNtryInf>COMPLETE//0000//001//CREDIT</AddtlNtryInf></Ntry><Ntry><Amt Ccy="GBP">418.00</Amt><CdtDbtInd>CRDT</CdtDbtInd><Sts>BOOK</Sts><BookgDt><Dt>2018-09-07</Dt></BookgDt><BkTxCd><Prtry><Cd>SIP UKBA CR 40269</Cd></Prtry></BkTxCd><TxDtls><Refs><EndToEndId>NOREF</EndToEndId><TxId>RP4659984057481100</TxId></Refs><RltdPties><Dbtr><Nm>HAMILTON CROSS</Nm></Dbtr><DbtrAcct><Id><PrtryAcct><Id>20262073551709</Id></PrtryAcct></Id></DbtrAcct><Cdtr><Nm>ROLANDA HEALTHCARE</Nm></Cdtr><CdtrAcct><Id><PrtryAcct><Id>23008200222616</Id></PrtryAcct></Id></CdtrAcct><Prtry><Tp>INVOICE 03-09-18</Tp><Pty/></Prtry></RltdPties><RmtInf><Strd><AddtlRmtInf>NO REF</AddtlRmtInf></Strd><Strd><AddtlRmtInf>HAMILTON CROSS//INVOICE 03-09-18</AddtlRmtInf></Strd></RmtInf><RltdDts><TxDtTm>2018-09-07T12:24:31</TxDtTm></RltdDts><AddtlTxInf>RP46599840574811001020180907826200026</AddtlTxInf></TxDtls><AddtlNtryInf>COMPLETE//0000//001//CREDIT</AddtlNtryInf></Ntry><Ntry><Amt Ccy="GBP">0.01</Amt><CdtDbtInd>CRDT</CdtDbtInd><Sts>BOOK</Sts><BookgDt><Dt>2018-09-07</Dt></BookgDt><BkTxCd><Prtry><Cd>SIP UKBA CR 40269</Cd></Prtry></BkTxCd><TxDtls><Refs><EndToEndId>PPRD00000000ALIRIC</EndToEndId><TxId>PPRD00000000ALIRIC</TxId></Refs><RltdPties><Dbtr><Nm>PAYPAL CODE 4105</Nm><PstlAdr><AdrLine>2211 N 1st Street San Jose CA 95131</AdrLine><Ctry/></PstlAdr></Dbtr><DbtrAcct><Id><PrtryAcct><Id>23526285010101</Id></PrtryAcct></Id></DbtrAcct><Cdtr><Nm>Titilayo Idowu</Nm><PstlAdr><AdrLine>26 Acworth House</AdrLine><Ctry/></PstlAdr></Cdtr><CdtrAcct><Id><PrtryAcct><Id>23008200375382</Id></PrtryAcct></Id></CdtrAcct><Prtry><Tp>PAYPAL CODE 4105</Tp><Pty/></Prtry></RltdPties><RmtInf><Strd><RfrdDocInf><RfrdDocTp><Prtry>002</Prtry></RfrdDocTp></RfrdDocInf><AddtlRmtInf>NO REF</AddtlRmtInf></Strd><Strd><AddtlRmtInf>PAYPAL CODE 4105//PAYPAL CODE 4105</AddtlRmtInf></Strd></RmtInf><RltdDts><TxDtTm>2018-09-07T12:25:24</TxDtTm></RltdDts><AddtlTxInf>PPRD00000000ALIRIC1020180907826235262</AddtlTxInf></TxDtls><AddtlNtryInf>COMPLETE//0000//001//CREDIT</AddtlNtryInf></Ntry><Ntry><Amt Ccy="GBP">313.50</Amt><CdtDbtInd>CRDT</CdtDbtInd><Sts>BOOK</Sts><BookgDt><Dt>2018-09-07</Dt></BookgDt><BkTxCd><Prtry><Cd>SIP UKBA CR 40269</Cd></Prtry></BkTxCd><TxDtls><Refs><EndToEndId>NOREF</EndToEndId><TxId>RP4659984057715800</TxId></Refs><RltdPties><Dbtr><Nm>HAMILTON CROSS</Nm></Dbtr><DbtrAcct><Id><PrtryAcct><Id>20262073551709</Id></PrtryAcct></Id></DbtrAcct><Cdtr><Nm>ROLANDA HEALTHCARE</Nm></Cdtr><CdtrAcct><Id><PrtryAcct><Id>23008200222616</Id></PrtryAcct></Id></CdtrAcct><Prtry><Tp>INVOICE 27-08-18</Tp><Pty/></Prtry></RltdPties><RmtInf><Strd><AddtlRmtInf>NO REF</AddtlRmtInf></Strd><Strd><AddtlRmtInf>HAMILTON CROSS//INVOICE 27-08-18</AddtlRmtInf></Strd></RmtInf><RltdDts><TxDtTm>2018-09-07T12:26:48</TxDtTm></RltdDts><AddtlTxInf>RP46599840577158001020180907826200026</AddtlTxInf></TxDtls><AddtlNtryInf>COMPLETE//0000//001//CREDIT</AddtlNtryInf></Ntry></Ntfctn></BkToCstmrDbtCdtNtfctnV01></Document>