<?xml version="1.0" encoding="UTF-8"?><Document xmlns:xsi="http://www.w3.org/2001/XMLSchema-instance" xmlns="urn:iso:std:iso:20022:tech:xsd:camt.054.001.01"><BkToCstmrDbtCdtNtfctnV01><GrpHdr><MsgId>80309K//13315</MsgId><CreDtTm>2018-09-25T14:00:00</CreDtTm></GrpHdr><Ntfctn><Id>80309K//13315//1</Id><CreDtTm>2018-09-25T14:00:00</CreDtTm><Acct><Id><PrtryAcct><Id>20594233939774</Id></PrtryAcct></Id><Ccy>GBP</Ccy></Acct><TxsSummry><TtlNtries><NbOfNtries>11</NbOfNtries><Sum>2628.05</Sum></TtlNtries><TtlCdtNtries><NbOfNtries>11</NbOfNtries><Sum>2628.05</Sum></TtlCdtNtries><TtlDbtNtries><NbOfNtries>0</NbOfNtries><Sum>0.00</Sum></TtlDbtNtries></TxsSummry><Ntry><Amt Ccy="GBP">500.00</Amt><CdtDbtInd>CRDT</CdtDbtInd><Sts>BOOK</Sts><BookgDt><Dt>2018-09-25</Dt></BookgDt><BkTxCd><Prtry><Cd>SIP UKBA CR 40269</Cd></Prtry></BkTxCd><TxDtls><Refs><EndToEndId>NOREF</EndToEndId><TxId>100000000390065189</TxId></Refs><RltdPties><Dbtr><Nm>z wang</Nm></Dbtr><DbtrAcct><Id><PrtryAcct><Id>77661561067560</Id></PrtryAcct></Id></DbtrAcct><Cdtr><Nm>YUEN YAN LAW</Nm></Cdtr><CdtrAcct><Id><PrtryAcct><Id>23008200225488</Id></PrtryAcct></Id></CdtrAcct><Prtry><Tp>DL</Tp><Pty/></Prtry></RltdPties><RmtInf><Strd><AddtlRmtInf>NO REF</AddtlRmtInf></Strd><Strd><AddtlRmtInf>z wang//DL</AddtlRmtInf></Strd></RmtInf><RltdDts><TxDtTm>2018-09-25T13:30:46</TxDtTm></RltdDts><AddtlTxInf>1000000003900651891020180925826776615</AddtlTxInf></TxDtls><AddtlNtryInf>COMPLETE//0000//002//CREDIT</AddtlNtryInf></Ntry><Ntry><Amt Ccy="GBP">707.34</Amt><CdtDbtInd>CRDT</CdtDbtInd><Sts>BOOK</Sts><BookgDt><Dt>2018-09-25</Dt></BookgDt><BkTxCd><Prtry><Cd>SIP UKBA CR 40269</Cd></Prtry></BkTxCd><TxDtls><Refs><EndToEndId>10100GK6E1</EndToEndId><TxId>780350310200</TxId></Refs><RltdPties><Dbtr><Nm>Roofoods Limited</Nm></Dbtr><DbtrAcct><Id><PrtryAcct><Id>18500818237972</Id></PrtryAcct></Id></DbtrAcct><Cdtr><Nm>Ross Drinkell</Nm></Cdtr><CdtrAcct><Id><PrtryAcct><Id>23008200421201</Id></PrtryAcct></Id></CdtrAcct></RltdPties><RmtInf><Strd><RfrdDocInf><RfrdDocTp><Prtry>002</Prtry></RfrdDocTp></RfrdDocInf><AddtlRmtInf>NO REF</AddtlRmtInf></Strd><Strd><AddtlRmtInf>Roofoods Limited//</AddtlRmtInf></Strd></RmtInf><RltdDts><TxDtTm>2018-09-25T13:39:47</TxDtTm></RltdDts><AddtlTxInf>780350310200      1020180925826185008</AddtlTxInf></TxDtls><AddtlNtryInf>COMPLETE//0000//002//CREDIT</AddtlNtryInf></Ntry><Ntry><Amt Ccy="GBP">6.88</Amt><CdtDbtInd>CRDT</CdtDbtInd><Sts>BOOK</Sts><BookgDt><Dt>2018-09-25</Dt></BookgDt><BkTxCd><Prtry><Cd>SIP UKBA CR 40269</Cd></Prtry></BkTxCd><TxDtls><Refs><EndToEndId>PPWD00000000AQ1H02</EndToEndId><TxId>PPWD00000000AQ1H02</TxId></Refs><RltdPties><Dbtr><Nm>PayPal</Nm><PstlAdr><AdrLine>2211 N 1st Street San Jose CA 95131</AdrLine><Ctry/></PstlAdr></Dbtr><DbtrAcct><Id><PrtryAcct><Id>23526278959595</Id></PrtryAcct></Id></DbtrAcct><Cdtr><Nm>Rachel Best</Nm><PstlAdr><AdrLine>6 Park Road</AdrLine><Ctry/></PstlAdr></Cdtr><CdtrAcct><Id><PrtryAcct><Id>23008200291026</Id></PrtryAcct></Id></CdtrAcct><Prtry><Tp>PPWDL54522ALCKPHGG</Tp><Pty/></Prtry></RltdPties><RmtInf><Strd><RfrdDocInf><RfrdDocTp><Prtry>002</Prtry></RfrdDocTp></RfrdDocInf><AddtlRmtInf>NO REF</AddtlRmtInf></Strd><Strd><AddtlRmtInf>PayPal//PPWDL54522ALCKPHGG</AddtlRmtInf></Strd></RmtInf><RltdDts><TxDtTm>2018-09-25T13:40:32</TxDtTm></RltdDts><AddtlTxInf>PPWD00000000AQ1H021020180925826235262</AddtlTxInf></TxDtls><AddtlNtryInf>COMPLETE//0000//002//CREDIT</AddtlNtryInf></Ntry><Ntry><Amt Ccy="GBP">0.01</Amt><CdtDbtInd>CRDT</CdtDbtInd><Sts>BOOK</Sts><BookgDt><Dt>2018-09-25</Dt></BookgDt><BkTxCd><Prtry><Cd>SIP UKBA CR 40269</Cd></Prtry></BkTxCd><TxDtls><Refs><EndToEndId>PPRD00000000AQ1H2B</EndToEndId><TxId>PPRD00000000AQ1H2B</TxId></Refs><RltdPties><Dbtr><Nm>PAYPAL CODE 8095</Nm><PstlAdr><AdrLine>2211 N 1st Street San Jose CA 95131</AdrLine><Ctry/></PstlAdr></Dbtr><DbtrAcct><Id><PrtryAcct><Id>23526285010101</Id></PrtryAcct></Id></DbtrAcct><Cdtr><Nm>Glenn Leese</Nm><PstlAdr><AdrLine>63 Brampton Lane</AdrLine><Ctry/></PstlAdr></Cdtr><CdtrAcct><Id><PrtryAcct><Id>23008200466511</Id></PrtryAcct></Id></CdtrAcct><Prtry><Tp>PAYPAL CODE 8095</Tp><Pty/></Prtry></RltdPties><RmtInf><Strd><RfrdDocInf><RfrdDocTp><Prtry>002</Prtry></RfrdDocTp></RfrdDocInf><AddtlRmtInf>NO REF</AddtlRmtInf></Strd><Strd><AddtlRmtInf>PAYPAL CODE 8095//PAYPAL CODE 8095</AddtlRmtInf></Strd></RmtInf><RltdDts><TxDtTm>2018-09-25T13:40:40</TxDtTm></RltdDts><AddtlTxInf>PPRD00000000AQ1H2B1020180925826235262</AddtlTxInf></TxDtls><AddtlNtryInf>COMPLETE//0000//002//CREDIT</AddtlNtryInf></Ntry><Ntry><Amt Ccy="GBP">834.29</Amt><CdtDbtInd>CRDT</CdtDbtInd><Sts>BOOK</Sts><BookgDt><Dt>2018-09-25</Dt></BookgDt><BkTxCd><Prtry><Cd>SIP UKBA CR 40269</Cd></Prtry></BkTxCd><TxDtls><Refs><EndToEndId>NOREF</EndToEndId><TxId>27134258492976000N</TxId><Prtry><Tp>STO REF</Tp><Ref>0000</Ref></Prtry></Refs><RltdPties><Dbtr><Nm>LEA J E</Nm></Dbtr><DbtrAcct><Id><PrtryAcct><Id>54101911501758</Id></PrtryAcct></Id></DbtrAcct><Cdtr><Nm>WENDY DIPROSE</Nm></Cdtr><CdtrAcct><Id><PrtryAcct><Id>23008200466119</Id></PrtryAcct></Id></CdtrAcct></RltdPties><RmtInf><Strd><AddtlRmtInf>LEA J E</AddtlRmtInf></Strd><Strd><AddtlRmtInf>LEA J E//</AddtlRmtInf></Strd></RmtInf><RltdDts><TxDtTm>2018-09-25T13:42:58</TxDtTm></RltdDts><AddtlTxInf>27134258492976000N1020180925826541019</AddtlTxInf></TxDtls><AddtlNtryInf>COMPLETE//0000//002//CREDIT</AddtlNtryInf></Ntry><Ntry><Amt Ccy="GBP">25.00</Amt><CdtDbtInd>CRDT</CdtDbtInd><Sts>BOOK</Sts><BookgDt><Dt>2018-09-25</Dt></BookgDt><BkTxCd><Prtry><Cd>SIP UKBA CR 40269</Cd></Prtry></BkTxCd><TxDtls><Refs><EndToEndId>NOREF</EndToEndId><TxId>100000000390069544</TxId></Refs><RltdPties><Dbtr><Nm>I Shafiq</Nm></Dbtr><DbtrAcct><Id><PrtryAcct><Id>30908811564068</Id></PrtryAcct></Id></DbtrAcct><Cdtr><Nm>MIKE DUTTON</Nm></Cdtr><CdtrAcct><Id><PrtryAcct><Id>23008200421264</Id></PrtryAcct></Id></CdtrAcct><Prtry><Tp>IMRAN</Tp><Pty/></Prtry></RltdPties><RmtInf><Strd><AddtlRmtInf>NO REF</AddtlRmtInf></Strd><Strd><AddtlRmtInf>I Shafiq//IMRAN</AddtlRmtInf></Strd></RmtInf><RltdDts><TxDtTm>2018-09-25T13:46:22</TxDtTm></RltdDts><AddtlTxInf>1000000003900695441020180925826309088</AddtlTxInf></TxDtls><AddtlNtryInf>COMPLETE//0000//002//CREDIT</AddtlNtryInf></Ntry><Ntry><Amt Ccy="GBP">348.67</Amt><CdtDbtInd>CRDT</CdtDbtInd><Sts>BOOK</Sts><BookgDt><Dt>2018-09-25</Dt></BookgDt><BkTxCd><Prtry><Cd>SIP UKBA CR 40269</Cd></Prtry></BkTxCd><TxDtls><Refs><EndToEndId>10100GLG81</EndToEndId><TxId>780328630300</TxId></Refs><RltdPties><Dbtr><Nm>Roofoods Limited</Nm></Dbtr><DbtrAcct><Id><PrtryAcct><Id>18500818237972</Id></PrtryAcct></Id></DbtrAcct><Cdtr><Nm>Brahim Benkara</Nm></Cdtr><CdtrAcct><Id><PrtryAcct><Id>23008200067387</Id></PrtryAcct></Id></CdtrAcct></RltdPties><RmtInf><Strd><RfrdDocInf><RfrdDocTp><Prtry>002</Prtry></RfrdDocTp></RfrdDocInf><AddtlRmtInf>NO REF</AddtlRmtInf></Strd><Strd><AddtlRmtInf>Roofoods Limited//</AddtlRmtInf></Strd></RmtInf><RltdDts><TxDtTm>2018-09-25T13:46:30</TxDtTm></RltdDts><AddtlTxInf>780328630300      1020180925826185008</AddtlTxInf></TxDtls><AddtlNtryInf>COMPLETE//0000//002//CREDIT</AddtlNtryInf></Ntry><Ntry><Amt Ccy="GBP">135.00</Amt><CdtDbtInd>CRDT</CdtDbtInd><Sts>BOOK</Sts><BookgDt><Dt>2018-09-25</Dt></BookgDt><BkTxCd><Prtry><Cd>SIP UKBA CR 40269</Cd></Prtry></BkTxCd><TxDtls><Refs><EndToEndId>NOREF</EndToEndId><TxId>RP4659985284873200</TxId></Refs><RltdPties><Dbtr><Nm>KOTLAR J</Nm></Dbtr><DbtrAcct><Id><PrtryAcct><Id>20236063632059</Id></PrtryAcct></Id></DbtrAcct><Cdtr><Nm>PETER SKOP</Nm></Cdtr><CdtrAcct><Id><PrtryAcct><Id>23008200371905</Id></PrtryAcct></Id></CdtrAcct><Prtry><Tp>J KOTLAR</Tp><Pty/></Prtry></RltdPties><RmtInf><Strd><AddtlRmtInf>NO REF</AddtlRmtInf></Strd><Strd><AddtlRmtInf>KOTLAR J//J KOTLAR</AddtlRmtInf></Strd></RmtInf><RltdDts><TxDtTm>2018-09-25T13:48:46</TxDtTm></RltdDts><AddtlTxInf>RP46599852848732001020180925826200026</AddtlTxInf></TxDtls><AddtlNtryInf>COMPLETE//0000//002//CREDIT</AddtlNtryInf></Ntry><Ntry><Amt Ccy="GBP">35.86</Amt><CdtDbtInd>CRDT</CdtDbtInd><Sts>BOOK</Sts><BookgDt><Dt>2018-09-25</Dt></BookgDt><BkTxCd><Prtry><Cd>SIP UKBA CR 40269</Cd></Prtry></BkTxCd><TxDtls><Refs><EndToEndId>10100GLAS1</EndToEndId><TxId>780350447900</TxId></Refs><RltdPties><Dbtr><Nm>Roofoods Limited</Nm></Dbtr><DbtrAcct><Id><PrtryAcct><Id>18500818237972</Id></PrtryAcct></Id></DbtrAcct><Cdtr><Nm>Carlos Eduardo pereira de paula</Nm></Cdtr><CdtrAcct><Id><PrtryAcct><Id>23008200443306</Id></PrtryAcct></Id></CdtrAcct></RltdPties><RmtInf><Strd><RfrdDocInf><RfrdDocTp><Prtry>002</Prtry></RfrdDocTp></RfrdDocInf><AddtlRmtInf>NO REF</AddtlRmtInf></Strd><Strd><AddtlRmtInf>Roofoods Limited//</AddtlRmtInf></Strd></RmtInf><RltdDts><TxDtTm>2018-09-25T13:50:11</TxDtTm></RltdDts><AddtlTxInf>780350447900      1020180925826185008</AddtlTxInf></TxDtls><AddtlNtryInf>COMPLETE//0000//002//CREDIT</AddtlNtryInf></Ntry><Ntry><Amt Ccy="GBP">15.00</Amt><CdtDbtInd>CRDT</CdtDbtInd><Sts>BOOK</Sts><BookgDt><Dt>2018-09-25</Dt></BookgDt><BkTxCd><Prtry><Cd>STO UKBA CR 40267</Cd></Prtry></BkTxCd><TxDtls><Refs><EndToEndId>NOREF</EndToEndId><TxId>59135257966876000N</TxId><Prtry><Tp>STO REF</Tp><Ref>0002</Ref></Prtry></Refs><RltdPties><Dbtr><Nm>MISS JOANNE L WALK</Nm></Dbtr><DbtrAcct><Id><PrtryAcct><Id>60045313518798</Id></PrtryAcct></Id></DbtrAcct><Cdtr><Nm>MISS J L WALKER</Nm></Cdtr><CdtrAcct><Id><PrtryAcct><Id>23008200316937</Id></PrtryAcct></Id></CdtrAcct><Prtry><Tp>ID 0406901002</Tp><Pty/></Prtry></RltdPties><RmtInf><Strd><AddtlRmtInf>MISS JOANNE L WALK</AddtlRmtInf></Strd><Strd><AddtlRmtInf>MISS JOANNE L WALK//ID 0406901002</AddtlRmtInf></Strd></RmtInf><RltdDts><TxDtTm>2018-09-25T13:53:07</TxDtTm></RltdDts><AddtlTxInf>59135257966876000N3020180925826600453</AddtlTxInf></TxDtls><AddtlNtryInf>COMPLETE//0000//002//CREDIT</AddtlNtryInf></Ntry><Ntry><Amt Ccy="GBP">20.00</Amt><CdtDbtInd>CRDT</CdtDbtInd><Sts>BOOK</Sts><BookgDt><Dt>2018-09-25</Dt></BookgDt><BkTxCd><Prtry><Cd>SIP UKBA CR 40269</Cd></Prtry></BkTxCd><TxDtls><Refs><EndToEndId>NOREF</EndToEndId><TxId>180925135714895070</TxId></Refs><RltdPties><Dbtr><Nm>Daniel Anderson</Nm></Dbtr><DbtrAcct><Id><PrtryAcct><Id>77682201288068</Id></PrtryAcct></Id></DbtrAcct><Cdtr><Nm>Daniel Howe</Nm></Cdtr><CdtrAcct><Id><PrtryAcct><Id>23008200211562</Id></PrtryAcct></Id></CdtrAcct></RltdPties><RmtInf><Strd><AddtlRmtInf>NO REF</AddtlRmtInf></Strd><Strd><AddtlRmtInf>Daniel Anderson//</AddtlRmtInf></Strd></RmtInf><RltdDts><TxDtTm>2018-09-25T13:57:12</TxDtTm></RltdDts><AddtlTxInf>1809251357148950701020180925826776822</AddtlTxInf></TxDtls><AddtlNtryInf>COMPLETE//0000//002//CREDIT</AddtlNtryInf></Ntry></Ntfctn></BkToCstmrDbtCdtNtfctnV01></Document>