<?xml version="1.0" encoding="UTF-8"?><Document xmlns:xsi="http://www.w3.org/2001/XMLSchema-instance" xmlns="urn:iso:std:iso:20022:tech:xsd:camt.054.001.01"><BkToCstmrDbtCdtNtfctnV01><GrpHdr><MsgId>80309K//12346</MsgId><CreDtTm>2018-09-03T03:00:00</CreDtTm></GrpHdr><Ntfctn><Id>80309K//12346//1</Id><CreDtTm>2018-09-03T03:00:00</CreDtTm><Acct><Id><PrtryAcct><Id>20594233939774</Id></PrtryAcct></Id><Ccy>GBP</Ccy></Acct><TxsSummry><TtlNtries><NbOfNtries>4</NbOfNtries><Sum>696.99</Sum></TtlNtries><TtlCdtNtries><NbOfNtries>4</NbOfNtries><Sum>696.99</Sum></TtlCdtNtries><TtlDbtNtries><NbOfNtries>0</NbOfNtries><Sum>0.00</Sum></TtlDbtNtries></TxsSummry><Ntry><Amt Ccy="GBP">93.94</Amt><CdtDbtInd>CRDT</CdtDbtInd><Sts>BOOK</Sts><BookgDt><Dt>2018-09-03</Dt></BookgDt><BkTxCd><Prtry><Cd>STO UKBA CR 40267</Cd></Prtry></BkTxCd><TxDtls><Refs><EndToEndId>NOREF</EndToEndId><TxId>YBSOX0231322013608</TxId></Refs><RltdPties><Dbtr><Nm>EDMUND HOUSE CLUB</Nm></Dbtr><DbtrAcct><Id><PrtryAcct><Id>05017111501551</Id></PrtryAcct></Id></DbtrAcct><Cdtr><Nm>DAMIEN ROBINSON</Nm></Cdtr><CdtrAcct><Id><PrtryAcct><Id>23008200098115</Id></PrtryAcct></Id></CdtrAcct><Prtry><Tp>WAGES</Tp><Pty/></Prtry></RltdPties><RmtInf><Strd><RfrdDocInf><RfrdDocTp><Prtry>003</Prtry></RfrdDocTp></RfrdDocInf><AddtlRmtInf>NO REF</AddtlRmtInf></Strd><Strd><AddtlRmtInf>EDMUND HOUSE CLUB//WAGES</AddtlRmtInf></Strd></RmtInf><RltdDts><TxDtTm>2018-09-03T02:31:33</TxDtTm></RltdDts><AddtlTxInf>YBSOX02313220136083020180903826050171</AddtlTxInf></TxDtls><AddtlNtryInf>COMPLETE//0000//003//CREDIT</AddtlNtryInf></Ntry><Ntry><Amt Ccy="GBP">0.05</Amt><CdtDbtInd>CRDT</CdtDbtInd><Sts>BOOK</Sts><BookgDt><Dt>2018-09-03</Dt></BookgDt><BkTxCd><Prtry><Cd>SIP UKBA CR 40269</Cd></Prtry></BkTxCd><TxDtls><Refs><EndToEndId>NOREF</EndToEndId><TxId>400000000390040145</TxId></Refs><RltdPties><Dbtr><Nm>L Miller</Nm></Dbtr><DbtrAcct><Id><PrtryAcct><Id>11020112061560</Id></PrtryAcct></Id></DbtrAcct><Cdtr><Nm>MR JOHN MILES</Nm></Cdtr><CdtrAcct><Id><PrtryAcct><Id>23008200427520</Id></PrtryAcct></Id></CdtrAcct><Prtry><Tp>LOU</Tp><Pty/></Prtry></RltdPties><RmtInf><Strd><AddtlRmtInf>NO REF</AddtlRmtInf></Strd><Strd><AddtlRmtInf>L Miller//LOU</AddtlRmtInf></Strd></RmtInf><RltdDts><TxDtTm>2018-09-03T02:35:05</TxDtTm></RltdDts><AddtlTxInf>4000000003900401451020180903826110201</AddtlTxInf></TxDtls><AddtlNtryInf>COMPLETE//0000//003//CREDIT</AddtlNtryInf></Ntry><Ntry><Amt Ccy="GBP">3.00</Amt><CdtDbtInd>CRDT</CdtDbtInd><Sts>BOOK</Sts><BookgDt><Dt>2018-09-03</Dt></BookgDt><BkTxCd><Prtry><Cd>STO UKBA CR 40267</Cd></Prtry></BkTxCd><TxDtls><Refs><EndToEndId>01</EndToEndId><TxId>180902232402671114</TxId></Refs><RltdPties><Dbtr><Nm>Nicola Anderson</Nm></Dbtr><DbtrAcct><Id><PrtryAcct><Id>77211433558260</Id></PrtryAcct></Id></DbtrAcct><Cdtr><Nm>blankcanvasmission</Nm></Cdtr><CdtrAcct><Id><PrtryAcct><Id>23008200037066</Id></PrtryAcct></Id></CdtrAcct><Prtry><Tp>breakfast</Tp><Pty/></Prtry></RltdPties><RmtInf><Strd><AddtlRmtInf>breakfast</AddtlRmtInf></Strd><Strd><AddtlRmtInf>Nicola Anderson//breakfast</AddtlRmtInf></Strd></RmtInf><RltdDts><TxDtTm>2018-09-03T02:39:09</TxDtTm></RltdDts><AddtlTxInf>1809022324026711143020180903826772114</AddtlTxInf></TxDtls><AddtlNtryInf>COMPLETE//0000//003//CREDIT</AddtlNtryInf></Ntry><Ntry><Amt Ccy="GBP">600.00</Amt><CdtDbtInd>CRDT</CdtDbtInd><Sts>BOOK</Sts><BookgDt><Dt>2018-09-03</Dt></BookgDt><BkTxCd><Prtry><Cd>STO UKBA CR 40267</Cd></Prtry></BkTxCd><TxDtls><Refs><EndToEndId>NOREF</EndToEndId><TxId>RP4651184983575800</TxId></Refs><RltdPties><Dbtr><Nm>ACCESS WEALTH M</Nm></Dbtr><DbtrAcct><Id><PrtryAcct><Id>20400963627136</Id></PrtryAcct></Id></DbtrAcct><Cdtr><Nm>G KENNEDY</Nm></Cdtr><CdtrAcct><Id><PrtryAcct><Id>23008200005387</Id></PrtryAcct></Id></CdtrAcct><Prtry><Tp>AWM FEE</Tp><Pty/></Prtry></RltdPties><RmtInf><Strd><AddtlRmtInf>NO REF</AddtlRmtInf></Strd><Strd><AddtlRmtInf>ACCESS WEALTH M//AWM FEE</AddtlRmtInf></Strd></RmtInf><RltdDts><TxDtTm>2018-09-03T02:54:27</TxDtTm></RltdDts><AddtlTxInf>RP46511849835758003020180903826200026</AddtlTxInf></TxDtls><AddtlNtryInf>COMPLETE//0000//003//CREDIT</AddtlNtryInf></Ntry></Ntfctn></BkToCstmrDbtCdtNtfctnV01></Document>