<?xml version="1.0" encoding="UTF-8"?><Document xmlns:xsi="http://www.w3.org/2001/XMLSchema-instance" xmlns="urn:iso:std:iso:20022:tech:xsd:camt.054.001.01"><BkToCstmrDbtCdtNtfctnV01><GrpHdr><MsgId>80309K//13059</MsgId><CreDtTm>2018-09-19T16:00:00</CreDtTm></GrpHdr><Ntfctn><Id>80309K//13059//1</Id><CreDtTm>2018-09-19T16:00:00</CreDtTm><Acct><Id><PrtryAcct><Id>20594233939774</Id></PrtryAcct></Id><Ccy>GBP</Ccy></Acct><TxsSummry><TtlNtries><NbOfNtries>8</NbOfNtries><Sum>349.60</Sum></TtlNtries><TtlCdtNtries><NbOfNtries>8</NbOfNtries><Sum>349.60</Sum></TtlCdtNtries><TtlDbtNtries><NbOfNtries>0</NbOfNtries><Sum>0.00</Sum></TtlDbtNtries></TxsSummry><Ntry><Amt Ccy="GBP">80.00</Amt><CdtDbtInd>CRDT</CdtDbtInd><Sts>BOOK</Sts><BookgDt><Dt>2018-09-19</Dt></BookgDt><BkTxCd><Prtry><Cd>SIP UKBA CR 40269</Cd></Prtry></BkTxCd><TxDtls><Refs><EndToEndId>NOREF</EndToEndId><TxId>929414701351919001</TxId><Prtry><Tp>STO REF</Tp><Ref>0000</Ref></Prtry></Refs><RltdPties><Dbtr><Nm>WELLINGS</Nm></Dbtr><DbtrAcct><Id><PrtryAcct><Id>40312301320629</Id></PrtryAcct></Id></DbtrAcct><Cdtr><Nm>Edward Thomason</Nm></Cdtr><CdtrAcct><Id><PrtryAcct><Id>23008200433000</Id></PrtryAcct></Id></CdtrAcct><Prtry><Tp>Muppet</Tp><Pty/></Prtry></RltdPties><RmtInf><Strd><AddtlRmtInf>NO REF</AddtlRmtInf></Strd><Strd><AddtlRmtInf>WELLINGS//Muppet</AddtlRmtInf></Strd></RmtInf><RltdDts><TxDtTm>2018-09-19T15:31:07</TxDtTm></RltdDts><AddtlTxInf>9294147013519190011020180919826403123</AddtlTxInf></TxDtls><AddtlNtryInf>COMPLETE//0000//002//CREDIT</AddtlNtryInf></Ntry><Ntry><Amt Ccy="GBP">100.00</Amt><CdtDbtInd>CRDT</CdtDbtInd><Sts>BOOK</Sts><BookgDt><Dt>2018-09-19</Dt></BookgDt><BkTxCd><Prtry><Cd>SIP UKBA CR 40269</Cd></Prtry></BkTxCd><TxDtls><Refs><EndToEndId>NOREF</EndToEndId><TxId>RP4679961748302900</TxId></Refs><RltdPties><Dbtr><Nm>POONATHAN M</Nm></Dbtr><DbtrAcct><Id><PrtryAcct><Id>20427303871207</Id></PrtryAcct></Id></DbtrAcct><Cdtr><Nm>MR P MURUGADHASS</Nm></Cdtr><CdtrAcct><Id><PrtryAcct><Id>23008200105384</Id></PrtryAcct></Id></CdtrAcct><Prtry><Tp>MURUGSDHASS</Tp><Pty/></Prtry></RltdPties><RmtInf><Strd><AddtlRmtInf>NO REF</AddtlRmtInf></Strd><Strd><AddtlRmtInf>POONATHAN M//MURUGSDHASS</AddtlRmtInf></Strd></RmtInf><RltdDts><TxDtTm>2018-09-19T15:36:58</TxDtTm></RltdDts><AddtlTxInf>RP46799617483029001020180919826200026</AddtlTxInf></TxDtls><AddtlNtryInf>COMPLETE//0000//002//CREDIT</AddtlNtryInf></Ntry><Ntry><Amt Ccy="GBP">16.60</Amt><CdtDbtInd>CRDT</CdtDbtInd><Sts>BOOK</Sts><BookgDt><Dt>2018-09-19</Dt></BookgDt><BkTxCd><Prtry><Cd>SIP UKBA CR 40269</Cd></Prtry></BkTxCd><TxDtls><Refs><EndToEndId>00153425632BWCMXXX</EndToEndId><TxId>00153425632BWCMXXX</TxId></Refs><RltdPties><Dbtr><Nm>CATHAL BROWNE</Nm></Dbtr><DbtrAcct><Id><PrtryAcct><Id>09012915353076</Id></PrtryAcct></Id></DbtrAcct><Cdtr><Nm>MR CATHAL BROWNE</Nm></Cdtr><CdtrAcct><Id><PrtryAcct><Id>23008200073589</Id></PrtryAcct></Id></CdtrAcct><Prtry><Tp>cash</Tp><Pty/></Prtry></RltdPties><RmtInf><Strd><AddtlRmtInf>NO REF</AddtlRmtInf></Strd><Strd><AddtlRmtInf>CATHAL BROWNE//cash</AddtlRmtInf></Strd></RmtInf><RltdDts><TxDtTm>2018-09-19T15:40:34</TxDtTm></RltdDts><AddtlTxInf>00153425632BWCMXXX1020180919826090129</AddtlTxInf></TxDtls><AddtlNtryInf>COMPLETE//0000//002//CREDIT</AddtlNtryInf></Ntry><Ntry><Amt Ccy="GBP">8.00</Amt><CdtDbtInd>CRDT</CdtDbtInd><Sts>BOOK</Sts><BookgDt><Dt>2018-09-19</Dt></BookgDt><BkTxCd><Prtry><Cd>SIP UKBA CR 40269</Cd></Prtry></BkTxCd><TxDtls><Refs><EndToEndId>NOREF</EndToEndId><TxId>41085630245204F5SW</TxId><Prtry><Tp>STO REF</Tp><Ref>0000</Ref></Prtry></Refs><RltdPties><Dbtr><Nm>SKRILL LIMITED</Nm><PstlAdr><AdrLine>LONDON</AdrLine><Ctry/></PstlAdr></Dbtr><DbtrAcct><Id><PrtryAcct><Id>40486563717002</Id></PrtryAcct></Id></DbtrAcct><Cdtr><Nm>RICHARD BUBB</Nm></Cdtr><CdtrAcct><Id><PrtryAcct><Id>23008200448938</Id></PrtryAcct></Id></CdtrAcct><Prtry><Tp>TRN2490586472</Tp><Pty/></Prtry></RltdPties><RmtInf><Strd><AddtlRmtInf>NO REF</AddtlRmtInf></Strd><Strd><AddtlRmtInf>SKRILL LIMITED//TRN2490586472</AddtlRmtInf></Strd></RmtInf><RltdDts><TxDtTm>2018-09-19T15:42:15</TxDtTm></RltdDts><AddtlTxInf>41085630245204F5SW1020180919826400530</AddtlTxInf></TxDtls><AddtlNtryInf>COMPLETE//0000//002//CREDIT</AddtlNtryInf></Ntry><Ntry><Amt Ccy="GBP">30.00</Amt><CdtDbtInd>CRDT</CdtDbtInd><Sts>BOOK</Sts><BookgDt><Dt>2018-09-19</Dt></BookgDt><BkTxCd><Prtry><Cd>SIP UKBA CR 40269</Cd></Prtry></BkTxCd><TxDtls><Refs><EndToEndId>NOREF</EndToEndId><TxId>39154442627909000R</TxId><Prtry><Tp>STO REF</Tp><Ref>0000</Ref></Prtry></Refs><RltdPties><Dbtr><Nm>MUSHA EMANUELL WILLIAMS</Nm><PstlAdr><AdrLine>FLAT 235 MISSENDEN;</AdrLine><AdrLine>INVILLE ROAD;</AdrLine><AdrLine>LONDON         UNITED KIN</AdrLine><Ctry/></PstlAdr></Dbtr><DbtrAcct><Id><PrtryAcct><Id>16313022110568</Id></PrtryAcct></Id></DbtrAcct><Cdtr><Nm>MR MUSHA WILLIAMS</Nm></Cdtr><CdtrAcct><Id><PrtryAcct><Id>23008200344890</Id></PrtryAcct></Id></CdtrAcct><Prtry><Tp>MUSHA</Tp><Pty/></Prtry></RltdPties><RmtInf><Strd><AddtlRmtInf>MUSHA</AddtlRmtInf></Strd><Strd><AddtlRmtInf>MUSHA EMANUELL WIL//MUSHA</AddtlRmtInf></Strd></RmtInf><RltdDts><TxDtTm>2018-09-19T15:44:43</TxDtTm></RltdDts><AddtlTxInf>39154442627909000R1020180919826163130</AddtlTxInf></TxDtls><AddtlNtryInf>COMPLETE//0000//002//CREDIT</AddtlNtryInf></Ntry><Ntry><Amt Ccy="GBP">50.00</Amt><CdtDbtInd>CRDT</CdtDbtInd><Sts>BOOK</Sts><BookgDt><Dt>2018-09-19</Dt></BookgDt><BkTxCd><Prtry><Cd>SIP UKBA CR 40269</Cd></Prtry></BkTxCd><TxDtls><Refs><EndToEndId>NOREF</EndToEndId><TxId>400000000394841492</TxId></Refs><RltdPties><Dbtr><Nm>D Wheeler</Nm></Dbtr><DbtrAcct><Id><PrtryAcct><Id>30982902059826</Id></PrtryAcct></Id></DbtrAcct><Cdtr><Nm>O JOHNSON</Nm></Cdtr><CdtrAcct><Id><PrtryAcct><Id>23008200221522</Id></PrtryAcct></Id></CdtrAcct><Prtry><Tp>VIDEOGRAPHY</Tp><Pty/></Prtry></RltdPties><RmtInf><Strd><AddtlRmtInf>NO REF</AddtlRmtInf></Strd><Strd><AddtlRmtInf>D Wheeler//VIDEOGRAPHY</AddtlRmtInf></Strd></RmtInf><RltdDts><TxDtTm>2018-09-19T15:45:58</TxDtTm></RltdDts><AddtlTxInf>4000000003948414921020180919826309829</AddtlTxInf></TxDtls><AddtlNtryInf>COMPLETE//0000//002//CREDIT</AddtlNtryInf></Ntry><Ntry><Amt Ccy="GBP">5.00</Amt><CdtDbtInd>CRDT</CdtDbtInd><Sts>BOOK</Sts><BookgDt><Dt>2018-09-19</Dt></BookgDt><BkTxCd><Prtry><Cd>SIP UKBA CR 40269</Cd></Prtry></BkTxCd><TxDtls><Refs><EndToEndId>NOREF</EndToEndId><TxId>500000000390045642</TxId></Refs><RltdPties><Dbtr><Nm>M Murray</Nm></Dbtr><DbtrAcct><Id><PrtryAcct><Id>11086711240160</Id></PrtryAcct></Id></DbtrAcct><Cdtr><Nm>MALACHI CJ MURRAY</Nm></Cdtr><CdtrAcct><Id><PrtryAcct><Id>23008200429208</Id></PrtryAcct></Id></CdtrAcct><Prtry><Tp>TRANSFER</Tp><Pty/></Prtry></RltdPties><RmtInf><Strd><AddtlRmtInf>NO REF</AddtlRmtInf></Strd><Strd><AddtlRmtInf>M Murray//TRANSFER</AddtlRmtInf></Strd></RmtInf><RltdDts><TxDtTm>2018-09-19T15:54:21</TxDtTm></RltdDts><AddtlTxInf>5000000003900456421020180919826110867</AddtlTxInf></TxDtls><AddtlNtryInf>COMPLETE//0000//002//CREDIT</AddtlNtryInf></Ntry><Ntry><Amt Ccy="GBP">60.00</Amt><CdtDbtInd>CRDT</CdtDbtInd><Sts>BOOK</Sts><BookgDt><Dt>2018-09-19</Dt></BookgDt><BkTxCd><Prtry><Cd>SIP UKBA CR 40269</Cd></Prtry></BkTxCd><TxDtls><Refs><EndToEndId>NOREF</EndToEndId><TxId>200000000388380712</TxId></Refs><RltdPties><Dbtr><Nm>A Jabeen</Nm></Dbtr><DbtrAcct><Id><PrtryAcct><Id>80471101051061</Id></PrtryAcct></Id></DbtrAcct><Cdtr><Nm>ABUBAKAR ASHRAF</Nm></Cdtr><CdtrAcct><Id><PrtryAcct><Id>23008200401667</Id></PrtryAcct></Id></CdtrAcct><Prtry><Tp>SAVINGS</Tp><Pty/></Prtry></RltdPties><RmtInf><Strd><AddtlRmtInf>NO REF</AddtlRmtInf></Strd><Strd><AddtlRmtInf>A Jabeen//SAVINGS</AddtlRmtInf></Strd></RmtInf><RltdDts><TxDtTm>2018-09-19T15:58:45</TxDtTm></RltdDts><AddtlTxInf>2000000003883807121020180919826804711</AddtlTxInf></TxDtls><AddtlNtryInf>COMPLETE//0000//002//CREDIT</AddtlNtryInf></Ntry></Ntfctn></BkToCstmrDbtCdtNtfctnV01></Document>