<?xml version="1.0" encoding="UTF-8"?><Document xmlns:xsi="http://www.w3.org/2001/XMLSchema-instance" xmlns="urn:iso:std:iso:20022:tech:xsd:camt.054.001.01"><BkToCstmrDbtCdtNtfctnV01><GrpHdr><MsgId>80309K//12968</MsgId><CreDtTm>2018-09-17T13:30:00</CreDtTm></GrpHdr><Ntfctn><Id>80309K//12968//1</Id><CreDtTm>2018-09-17T13:30:00</CreDtTm><Acct><Id><PrtryAcct><Id>20594233939774</Id></PrtryAcct></Id><Ccy>GBP</Ccy></Acct><TxsSummry><TtlNtries><NbOfNtries>10</NbOfNtries><Sum>3480.20</Sum></TtlNtries><TtlCdtNtries><NbOfNtries>10</NbOfNtries><Sum>3480.20</Sum></TtlCdtNtries><TtlDbtNtries><NbOfNtries>0</NbOfNtries><Sum>0.00</Sum></TtlDbtNtries></TxsSummry><Ntry><Amt Ccy="GBP">400.00</Amt><CdtDbtInd>CRDT</CdtDbtInd><Sts>BOOK</Sts><BookgDt><Dt>2018-09-17</Dt></BookgDt><BkTxCd><Prtry><Cd>FDP UKBA CR 40269</Cd></Prtry></BkTxCd><TxDtls><Refs><EndToEndId>NOREF</EndToEndId><TxId>428395708321719001</TxId><Prtry><Tp>STO REF</Tp><Ref>0000</Ref></Prtry></Refs><RltdPties><Dbtr><Nm>MANANA S F</Nm></Dbtr><DbtrAcct><Id><PrtryAcct><Id>40073531642154</Id></PrtryAcct></Id></DbtrAcct><Cdtr><Nm>Travel center</Nm></Cdtr><CdtrAcct><Id><PrtryAcct><Id>23008200223308</Id></PrtryAcct></Id></CdtrAcct><Prtry><Tp>Sam Manana</Tp><Pty/></Prtry></RltdPties><RmtInf><Strd><AddtlRmtInf>NO REF</AddtlRmtInf></Strd><Strd><AddtlRmtInf>MANANA S F//Sam Manana</AddtlRmtInf></Strd></RmtInf><RltdDts><TxDtTm>2018-09-17T13:00:03</TxDtTm></RltdDts><AddtlTxInf>4283957083217190014020180917826400735</AddtlTxInf></TxDtls><AddtlNtryInf>COMPLETE//0000//001//CREDIT</AddtlNtryInf></Ntry><Ntry><Amt Ccy="GBP">2.30</Amt><CdtDbtInd>CRDT</CdtDbtInd><Sts>BOOK</Sts><BookgDt><Dt>2018-09-17</Dt></BookgDt><BkTxCd><Prtry><Cd>SIP UKBA CR 40269</Cd></Prtry></BkTxCd><TxDtls><Refs><EndToEndId>NOREF</EndToEndId><TxId>100000000387812833</TxId></Refs><RltdPties><Dbtr><Nm>D Williamson</Nm></Dbtr><DbtrAcct><Id><PrtryAcct><Id>80132807452698</Id></PrtryAcct></Id></DbtrAcct><Cdtr><Nm>DONNA WILLIAMSON</Nm></Cdtr><CdtrAcct><Id><PrtryAcct><Id>23008200414674</Id></PrtryAcct></Id></CdtrAcct><Prtry><Tp>DONNA WILLIAMSON</Tp><Pty/></Prtry></RltdPties><RmtInf><Strd><AddtlRmtInf>NO REF</AddtlRmtInf></Strd><Strd><AddtlRmtInf>D Williamson//DONNA WILLIAMSON</AddtlRmtInf></Strd></RmtInf><RltdDts><TxDtTm>2018-09-17T13:05:55</TxDtTm></RltdDts><AddtlTxInf>1000000003878128331020180917826801328</AddtlTxInf></TxDtls><AddtlNtryInf>COMPLETE//0000//002//CREDIT</AddtlNtryInf></Ntry><Ntry><Amt Ccy="GBP">20.00</Amt><CdtDbtInd>CRDT</CdtDbtInd><Sts>BOOK</Sts><BookgDt><Dt>2018-09-17</Dt></BookgDt><BkTxCd><Prtry><Cd>SIP UKBA CR 40269</Cd></Prtry></BkTxCd><TxDtls><Refs><EndToEndId>NOREF</EndToEndId><TxId>400000000394269765</TxId></Refs><RltdPties><Dbtr><Nm>N McKenzie</Nm></Dbtr><DbtrAcct><Id><PrtryAcct><Id>11052814063263</Id></PrtryAcct></Id></DbtrAcct><Cdtr><Nm>NIA WOODIER</Nm></Cdtr><CdtrAcct><Id><PrtryAcct><Id>23008200216178</Id></PrtryAcct></Id></CdtrAcct></RltdPties><RmtInf><Strd><AddtlRmtInf>NO REF</AddtlRmtInf></Strd><Strd><AddtlRmtInf>N McKenzie//</AddtlRmtInf></Strd></RmtInf><RltdDts><TxDtTm>2018-09-17T13:11:59</TxDtTm></RltdDts><AddtlTxInf>4000000003942697651020180917826110528</AddtlTxInf></TxDtls><AddtlNtryInf>COMPLETE//0000//002//CREDIT</AddtlNtryInf></Ntry><Ntry><Amt Ccy="GBP">364.00</Amt><CdtDbtInd>CRDT</CdtDbtInd><Sts>BOOK</Sts><BookgDt><Dt>2018-09-17</Dt></BookgDt><BkTxCd><Prtry><Cd>SIP UKBA CR 40269</Cd></Prtry></BkTxCd><TxDtls><Refs><EndToEndId>NOREF</EndToEndId><TxId>RP4659984723808000</TxId></Refs><RltdPties><Dbtr><Nm>ATKIN MH</Nm></Dbtr><DbtrAcct><Id><PrtryAcct><Id>20768910644382</Id></PrtryAcct></Id></DbtrAcct><Cdtr><Nm>KEITH SHURVIL</Nm></Cdtr><CdtrAcct><Id><PrtryAcct><Id>23008200305944</Id></PrtryAcct></Id></CdtrAcct><Prtry><Tp>MAURICE ATKIN</Tp><Pty/></Prtry></RltdPties><RmtInf><Strd><AddtlRmtInf>NO REF</AddtlRmtInf></Strd><Strd><AddtlRmtInf>ATKIN MH//MAURICE ATKIN</AddtlRmtInf></Strd></RmtInf><RltdDts><TxDtTm>2018-09-17T13:14:10</TxDtTm></RltdDts><AddtlTxInf>RP46599847238080001020180917826200026</AddtlTxInf></TxDtls><AddtlNtryInf>COMPLETE//0000//002//CREDIT</AddtlNtryInf></Ntry><Ntry><Amt Ccy="GBP">3.30</Amt><CdtDbtInd>CRDT</CdtDbtInd><Sts>BOOK</Sts><BookgDt><Dt>2018-09-17</Dt></BookgDt><BkTxCd><Prtry><Cd>SIP UKBA CR 40269</Cd></Prtry></BkTxCd><TxDtls><Refs><EndToEndId>NOREF</EndToEndId><TxId>273762316131719001</TxId><Prtry><Tp>STO REF</Tp><Ref>0000</Ref></Prtry></Refs><RltdPties><Dbtr><Nm>POUND  M</Nm></Dbtr><DbtrAcct><Id><PrtryAcct><Id>40090064598504</Id></PrtryAcct></Id></DbtrAcct><Cdtr><Nm>Mr Richard Atkinso</Nm></Cdtr><CdtrAcct><Id><PrtryAcct><Id>23008200313964</Id></PrtryAcct></Id></CdtrAcct><Prtry><Tp>Windscreen clean</Tp><Pty/></Prtry></RltdPties><RmtInf><Strd><AddtlRmtInf>NO REF</AddtlRmtInf></Strd><Strd><AddtlRmtInf>POUND  M//Windscreen clean</AddtlRmtInf></Strd></RmtInf><RltdDts><TxDtTm>2018-09-17T13:16:13</TxDtTm></RltdDts><AddtlTxInf>2737623161317190011020180917826400900</AddtlTxInf></TxDtls><AddtlNtryInf>COMPLETE//0000//002//CREDIT</AddtlNtryInf></Ntry><Ntry><Amt Ccy="GBP">20.00</Amt><CdtDbtInd>CRDT</CdtDbtInd><Sts>BOOK</Sts><BookgDt><Dt>2018-09-17</Dt></BookgDt><BkTxCd><Prtry><Cd>SIP UKBA CR 40269</Cd></Prtry></BkTxCd><TxDtls><Refs><EndToEndId>NOREF</EndToEndId><TxId>CBBPI1321022228753</TxId></Refs><RltdPties><Dbtr><Nm>MARY GASKIN</Nm></Dbtr><DbtrAcct><Id><PrtryAcct><Id>82693450543353</Id></PrtryAcct></Id></DbtrAcct><Cdtr><Nm>Mum</Nm></Cdtr><CdtrAcct><Id><PrtryAcct><Id>23008200350230</Id></PrtryAcct></Id></CdtrAcct><Prtry><Tp>Mum</Tp><Pty/></Prtry></RltdPties><RmtInf><Strd><RfrdDocInf><RfrdDocTp><Prtry>002</Prtry></RfrdDocTp></RfrdDocInf><AddtlRmtInf>NO REF</AddtlRmtInf></Strd><Strd><AddtlRmtInf>MARY GASKIN//Mum</AddtlRmtInf></Strd></RmtInf><RltdDts><TxDtTm>2018-09-17T13:21:03</TxDtTm></RltdDts><AddtlTxInf>CBBPI13210222287531020180917826826934</AddtlTxInf></TxDtls><AddtlNtryInf>COMPLETE//0000//002//CREDIT</AddtlNtryInf></Ntry><Ntry><Amt Ccy="GBP">30.60</Amt><CdtDbtInd>CRDT</CdtDbtInd><Sts>BOOK</Sts><BookgDt><Dt>2018-09-17</Dt></BookgDt><BkTxCd><Prtry><Cd>SIP UKBA CR 40269</Cd></Prtry></BkTxCd><TxDtls><Refs><EndToEndId>LCM</EndToEndId><TxId>MF000639612A5E0D00</TxId></Refs><RltdPties><Dbtr><Nm>LCM SCRAP CO LTD</Nm></Dbtr><DbtrAcct><Id><PrtryAcct><Id>20369823405621</Id></PrtryAcct></Id></DbtrAcct><Cdtr><Nm>D LAING</Nm></Cdtr><CdtrAcct><Id><PrtryAcct><Id>23008200242559</Id></PrtryAcct></Id></CdtrAcct><Prtry><Tp>LCM</Tp><Pty/></Prtry></RltdPties><RmtInf><Strd><RfrdDocInf><RfrdDocTp><Prtry>002</Prtry></RfrdDocTp></RfrdDocInf><AddtlRmtInf>NO REF</AddtlRmtInf></Strd><Strd><AddtlRmtInf>LCM SCRAP CO LTD//LCM</AddtlRmtInf></Strd></RmtInf><RltdDts><TxDtTm>2018-09-17T13:23:12</TxDtTm></RltdDts><AddtlTxInf>MF000639612A5E0D001020180917826200026</AddtlTxInf></TxDtls><AddtlNtryInf>COMPLETE//0000//002//CREDIT</AddtlNtryInf></Ntry><Ntry><Amt Ccy="GBP">2400.00</Amt><CdtDbtInd>CRDT</CdtDbtInd><Sts>BOOK</Sts><BookgDt><Dt>2018-09-17</Dt></BookgDt><BkTxCd><Prtry><Cd>SIP UKBA CR 40269</Cd></Prtry></BkTxCd><TxDtls><Refs><EndToEndId>NOREF</EndToEndId><TxId>300000000393126309</TxId></Refs><RltdPties><Dbtr><Nm>FORRESTERS ARMS LI</Nm></Dbtr><DbtrAcct><Id><PrtryAcct><Id>30995211732960</Id></PrtryAcct></Id></DbtrAcct><Cdtr><Nm>FINN ASSOCIATES</Nm></Cdtr><CdtrAcct><Id><PrtryAcct><Id>23008200221260</Id></PrtryAcct></Id></CdtrAcct><Prtry><Tp>FORRESTERS ARMS</Tp><Pty/></Prtry></RltdPties><RmtInf><Strd><AddtlRmtInf>NO REF</AddtlRmtInf></Strd><Strd><AddtlRmtInf>FORRESTERS ARMS LI//FORRESTERS ARMS</AddtlRmtInf></Strd></RmtInf><RltdDts><TxDtTm>2018-09-17T13:27:25</TxDtTm></RltdDts><AddtlTxInf>3000000003931263091020180917826309952</AddtlTxInf></TxDtls><AddtlNtryInf>COMPLETE//0000//002//CREDIT</AddtlNtryInf></Ntry><Ntry><Amt Ccy="GBP">200.00</Amt><CdtDbtInd>CRDT</CdtDbtInd><Sts>BOOK</Sts><BookgDt><Dt>2018-09-17</Dt></BookgDt><BkTxCd><Prtry><Cd>SIP UKBA CR 40269</Cd></Prtry></BkTxCd><TxDtls><Refs><EndToEndId>NOREF</EndToEndId><TxId>180917132804606580</TxId></Refs><RltdPties><Dbtr><Nm>Andrew Hallen</Nm></Dbtr><DbtrAcct><Id><PrtryAcct><Id>77580143116560</Id></PrtryAcct></Id></DbtrAcct><Cdtr><Nm>Digital Monster Ltd</Nm></Cdtr><CdtrAcct><Id><PrtryAcct><Id>23008200041167</Id></PrtryAcct></Id></CdtrAcct><Prtry><Tp>HALL2</Tp><Pty/></Prtry></RltdPties><RmtInf><Strd><AddtlRmtInf>NO REF</AddtlRmtInf></Strd><Strd><AddtlRmtInf>Andrew Hallen//HALL2</AddtlRmtInf></Strd></RmtInf><RltdDts><TxDtTm>2018-09-17T13:28:01</TxDtTm></RltdDts><AddtlTxInf>1809171328046065801020180917826775801</AddtlTxInf></TxDtls><AddtlNtryInf>COMPLETE//0000//002//CREDIT</AddtlNtryInf></Ntry><Ntry><Amt Ccy="GBP">40.00</Amt><CdtDbtInd>CRDT</CdtDbtInd><Sts>BOOK</Sts><BookgDt><Dt>2018-09-17</Dt></BookgDt><BkTxCd><Prtry><Cd>SIP UKBA CR 40269</Cd></Prtry></BkTxCd><TxDtls><Refs><EndToEndId>NOREF</EndToEndId><TxId>RP4659984724986800</TxId></Refs><RltdPties><Dbtr><Nm>SOTANDE E</Nm></Dbtr><DbtrAcct><Id><PrtryAcct><Id>20489513996042</Id></PrtryAcct></Id></DbtrAcct><Cdtr><Nm>EXPORT SOLUTION</Nm></Cdtr><CdtrAcct><Id><PrtryAcct><Id>23008200044254</Id></PrtryAcct></Id></CdtrAcct><Prtry><Tp>E SOTANDE</Tp><Pty/></Prtry></RltdPties><RmtInf><Strd><AddtlRmtInf>NO REF</AddtlRmtInf></Strd><Strd><AddtlRmtInf>SOTANDE E//E SOTANDE</AddtlRmtInf></Strd></RmtInf><RltdDts><TxDtTm>2018-09-17T13:28:04</TxDtTm></RltdDts><AddtlTxInf>RP46599847249868001020180917826200026</AddtlTxInf></TxDtls><AddtlNtryInf>COMPLETE//0000//002//CREDIT</AddtlNtryInf></Ntry></Ntfctn></BkToCstmrDbtCdtNtfctnV01></Document>