<?xml version="1.0" encoding="UTF-8"?><Document xmlns:xsi="http://www.w3.org/2001/XMLSchema-instance" xmlns="urn:iso:std:iso:20022:tech:xsd:camt.054.001.01"><BkToCstmrDbtCdtNtfctnV01><GrpHdr><MsgId>80309K//12335</MsgId><CreDtTm>2018-09-02T21:30:00</CreDtTm></GrpHdr><Ntfctn><Id>80309K//12335//1</Id><CreDtTm>2018-09-02T21:30:00</CreDtTm><Acct><Id><PrtryAcct><Id>20594233939774</Id></PrtryAcct></Id><Ccy>GBP</Ccy></Acct><TxsSummry><TtlNtries><NbOfNtries>5</NbOfNtries><Sum>481.10</Sum></TtlNtries><TtlCdtNtries><NbOfNtries>5</NbOfNtries><Sum>481.10</Sum></TtlCdtNtries><TtlDbtNtries><NbOfNtries>0</NbOfNtries><Sum>0.00</Sum></TtlDbtNtries></TxsSummry><Ntry><Amt Ccy="GBP">10.00</Amt><CdtDbtInd>CRDT</CdtDbtInd><Sts>BOOK</Sts><BookgDt><Dt>2018-09-03</Dt></BookgDt><BkTxCd><Prtry><Cd>SIP UKBA CR 40269</Cd></Prtry></BkTxCd><TxDtls><Refs><EndToEndId>NOREF</EndToEndId><TxId>CBBPI2102202054546</TxId></Refs><RltdPties><Dbtr><Nm>MUHAMMAD DAUD</Nm></Dbtr><DbtrAcct><Id><PrtryAcct><Id>82690970047436</Id></PrtryAcct></Id></DbtrAcct><Cdtr><Nm>Eshan</Nm></Cdtr><CdtrAcct><Id><PrtryAcct><Id>23008200425522</Id></PrtryAcct></Id></CdtrAcct><Prtry><Tp>donate</Tp><Pty/></Prtry></RltdPties><RmtInf><Strd><RfrdDocInf><RfrdDocTp><Prtry>002</Prtry></RfrdDocTp></RfrdDocInf><AddtlRmtInf>NO REF</AddtlRmtInf></Strd><Strd><AddtlRmtInf>MUHAMMAD DAUD//donate</AddtlRmtInf></Strd></RmtInf><RltdDts><TxDtTm>2018-09-02T21:02:21</TxDtTm></RltdDts><AddtlTxInf>CBBPI21022020545461020180902826826909</AddtlTxInf></TxDtls><AddtlNtryInf>COMPLETE//0000//003//CREDIT</AddtlNtryInf></Ntry><Ntry><Amt Ccy="GBP">17.50</Amt><CdtDbtInd>CRDT</CdtDbtInd><Sts>BOOK</Sts><BookgDt><Dt>2018-09-03</Dt></BookgDt><BkTxCd><Prtry><Cd>SIP UKBA CR 40269</Cd></Prtry></BkTxCd><TxDtls><Refs><EndToEndId>MAIRI COYLE</EndToEndId><TxId>02211345284313000R</TxId><Prtry><Tp>STO REF</Tp><Ref>0000</Ref></Prtry></Refs><RltdPties><Dbtr><Nm>COYLE MAIRI/RGLD 1</Nm></Dbtr><DbtrAcct><Id><PrtryAcct><Id>83070600138560</Id></PrtryAcct></Id></DbtrAcct><Cdtr><Nm>OLIVER JOHNSON</Nm></Cdtr><CdtrAcct><Id><PrtryAcct><Id>23008200221522</Id></PrtryAcct></Id></CdtrAcct><Prtry><Tp>MAIRI COYLE</Tp><Pty/></Prtry></RltdPties><RmtInf><Strd><AddtlRmtInf>COYLE MAIRI/RGLD 1MAIRI COYLE       VIA MOBILE - LVP</AddtlRmtInf></Strd><Strd><AddtlRmtInf>COYLE MAIRI/RGLD 1//MAIRI COYLE</AddtlRmtInf></Strd></RmtInf><RltdDts><TxDtTm>2018-09-02T21:13:45</TxDtTm></RltdDts><AddtlTxInf>02211345284313000R1020180902826830706</AddtlTxInf></TxDtls><AddtlNtryInf>COMPLETE//0000//003//CREDIT</AddtlNtryInf></Ntry><Ntry><Amt Ccy="GBP">249.00</Amt><CdtDbtInd>CRDT</CdtDbtInd><Sts>BOOK</Sts><BookgDt><Dt>2018-09-03</Dt></BookgDt><BkTxCd><Prtry><Cd>DCA UKBA CR 40269</Cd></Prtry></BkTxCd><TxDtls><Refs><EndToEndId>NOREF</EndToEndId><TxId>000000013447414701</TxId><Prtry><Tp>STO REF</Tp><Ref>0000</Ref></Prtry></Refs><RltdPties><Dbtr><Nm>23630701314844</Nm></Dbtr><DbtrAcct><Id><PrtryAcct><Id>20594243523659</Id></PrtryAcct></Id></DbtrAcct><Cdtr><Nm>RADOSLAW DENES</Nm></Cdtr><CdtrAcct><Id><PrtryAcct><Id>23008200219202</Id></PrtryAcct></Id></CdtrAcct><Prtry><Tp>PAYMENT</Tp><Pty/></Prtry></RltdPties><RmtInf><Strd><AddtlRmtInf>NO REF</AddtlRmtInf></Strd><Strd><AddtlRmtInf>23630701314844//PAYMENT</AddtlRmtInf></Strd></RmtInf><RltdDts><TxDtTm>2018-09-02T21:17:03</TxDtTm></RltdDts><AddtlTxInf>0000000134474147015020180902826205942</AddtlTxInf></TxDtls><AddtlNtryInf>COMPLETE//0000//003//CREDIT</AddtlNtryInf></Ntry><Ntry><Amt Ccy="GBP">4.60</Amt><CdtDbtInd>CRDT</CdtDbtInd><Sts>BOOK</Sts><BookgDt><Dt>2018-09-03</Dt></BookgDt><BkTxCd><Prtry><Cd>SIP UKBA CR 40269</Cd></Prtry></BkTxCd><TxDtls><Refs><EndToEndId>00151644632BBGHJGG</EndToEndId><TxId>00151644632BBGHJGG</TxId></Refs><RltdPties><Dbtr><Nm>DEREK PATERSON</Nm></Dbtr><DbtrAcct><Id><PrtryAcct><Id>09012685366199</Id></PrtryAcct></Id></DbtrAcct><Cdtr><Nm>ARRO</Nm></Cdtr><CdtrAcct><Id><PrtryAcct><Id>23008200391189</Id></PrtryAcct></Id></CdtrAcct><Prtry><Tp>Myself</Tp><Pty/></Prtry></RltdPties><RmtInf><Strd><AddtlRmtInf>NO REF</AddtlRmtInf></Strd><Strd><AddtlRmtInf>DEREK PATERSON//Myself</AddtlRmtInf></Strd></RmtInf><RltdDts><TxDtTm>2018-09-02T21:17:30</TxDtTm></RltdDts><AddtlTxInf>00151644632BBGHJGG1020180902826090126</AddtlTxInf></TxDtls><AddtlNtryInf>COMPLETE//0000//003//CREDIT</AddtlNtryInf></Ntry><Ntry><Amt Ccy="GBP">200.00</Amt><CdtDbtInd>CRDT</CdtDbtInd><Sts>BOOK</Sts><BookgDt><Dt>2018-09-03</Dt></BookgDt><BkTxCd><Prtry><Cd>SIP UKBA CR 40269</Cd></Prtry></BkTxCd><TxDtls><Refs><EndToEndId>NOREF</EndToEndId><TxId>RP4679960423232500</TxId></Refs><RltdPties><Dbtr><Nm>FERRAH H</Nm></Dbtr><DbtrAcct><Id><PrtryAcct><Id>20530470017353</Id></PrtryAcct></Id></DbtrAcct><Cdtr><Nm>ARRO</Nm></Cdtr><CdtrAcct><Id><PrtryAcct><Id>23008200243886</Id></PrtryAcct></Id></CdtrAcct><Prtry><Tp>HICHEM</Tp><Pty/></Prtry></RltdPties><RmtInf><Strd><AddtlRmtInf>NO REF</AddtlRmtInf></Strd><Strd><AddtlRmtInf>FERRAH H//HICHEM</AddtlRmtInf></Strd></RmtInf><RltdDts><TxDtTm>2018-09-02T21:24:05</TxDtTm></RltdDts><AddtlTxInf>RP46799604232325001020180902826200026</AddtlTxInf></TxDtls><AddtlNtryInf>COMPLETE//0000//003//CREDIT</AddtlNtryInf></Ntry></Ntfctn></BkToCstmrDbtCdtNtfctnV01></Document>