<?xml version="1.0" encoding="UTF-8"?><Document xmlns:xsi="http://www.w3.org/2001/XMLSchema-instance" xmlns="urn:iso:std:iso:20022:tech:xsd:camt.054.001.01"><BkToCstmrDbtCdtNtfctnV01><GrpHdr><MsgId>80309K//13459</MsgId><CreDtTm>2018-09-28T19:00:00</CreDtTm></GrpHdr><Ntfctn><Id>80309K//13459//1</Id><CreDtTm>2018-09-28T19:00:00</CreDtTm><Acct><Id><PrtryAcct><Id>20594233939774</Id></PrtryAcct></Id><Ccy>GBP</Ccy></Acct><TxsSummry><TtlNtries><NbOfNtries>7</NbOfNtries><Sum>675.00</Sum></TtlNtries><TtlCdtNtries><NbOfNtries>7</NbOfNtries><Sum>675.00</Sum></TtlCdtNtries><TtlDbtNtries><NbOfNtries>0</NbOfNtries><Sum>0.00</Sum></TtlDbtNtries></TxsSummry><Ntry><Amt Ccy="GBP">60.00</Amt><CdtDbtInd>CRDT</CdtDbtInd><Sts>BOOK</Sts><BookgDt><Dt>2018-10-01</Dt></BookgDt><BkTxCd><Prtry><Cd>DCA UKBA CR 40269</Cd></Prtry></BkTxCd><TxDtls><Refs><EndToEndId>NOREF</EndToEndId><TxId>000000013705469401</TxId><Prtry><Tp>STO REF</Tp><Ref>8207</Ref></Prtry></Refs><RltdPties><Dbtr><Nm>EVA AMBER DONKER</Nm></Dbtr><DbtrAcct><Id><PrtryAcct><Id>20035373152596</Id></PrtryAcct></Id></DbtrAcct><Cdtr><Nm>LINDA NKEJI</Nm></Cdtr><CdtrAcct><Id><PrtryAcct><Id>23008200472430</Id></PrtryAcct></Id></CdtrAcct><Prtry><Tp>LINDA NKEJI</Tp><Pty/></Prtry></RltdPties><RmtInf><Strd><AddtlRmtInf>NO REF</AddtlRmtInf></Strd><Strd><AddtlRmtInf>EVA AMBER DONKER//LINDA NKEJI</AddtlRmtInf></Strd></RmtInf><RltdDts><TxDtTm>2018-09-28T18:52:38</TxDtTm></RltdDts><AddtlTxInf>0000000137054694015020180928826200353</AddtlTxInf></TxDtls><AddtlNtryInf>COMPLETE//0000//003//CREDIT</AddtlNtryInf></Ntry><Ntry><Amt Ccy="GBP">60.00</Amt><CdtDbtInd>CRDT</CdtDbtInd><Sts>BOOK</Sts><BookgDt><Dt>2018-10-01</Dt></BookgDt><BkTxCd><Prtry><Cd>DCA UKBA CR 40269</Cd></Prtry></BkTxCd><TxDtls><Refs><EndToEndId>NOREF</EndToEndId><TxId>000000013705467201</TxId><Prtry><Tp>STO REF</Tp><Ref>8207</Ref></Prtry></Refs><RltdPties><Dbtr><Nm>EVA AMBER DONKER</Nm></Dbtr><DbtrAcct><Id><PrtryAcct><Id>20035373152596</Id></PrtryAcct></Id></DbtrAcct><Cdtr><Nm>RYAN WEST</Nm></Cdtr><CdtrAcct><Id><PrtryAcct><Id>23008200472525</Id></PrtryAcct></Id></CdtrAcct><Prtry><Tp>RYAN WEST</Tp><Pty/></Prtry></RltdPties><RmtInf><Strd><AddtlRmtInf>NO REF</AddtlRmtInf></Strd><Strd><AddtlRmtInf>EVA AMBER DONKER//RYAN WEST</AddtlRmtInf></Strd></RmtInf><RltdDts><TxDtTm>2018-09-28T18:52:39</TxDtTm></RltdDts><AddtlTxInf>0000000137054672015020180928826200353</AddtlTxInf></TxDtls><AddtlNtryInf>COMPLETE//0000//003//CREDIT</AddtlNtryInf></Ntry><Ntry><Amt Ccy="GBP">300.00</Amt><CdtDbtInd>CRDT</CdtDbtInd><Sts>BOOK</Sts><BookgDt><Dt>2018-10-01</Dt></BookgDt><BkTxCd><Prtry><Cd>SIP UKBA CR 40269</Cd></Prtry></BkTxCd><TxDtls><Refs><EndToEndId>NOREF</EndToEndId><TxId>500000000393129247</TxId></Refs><RltdPties><Dbtr><Nm>D Afolayan</Nm></Dbtr><DbtrAcct><Id><PrtryAcct><Id>30978522695568</Id></PrtryAcct></Id></DbtrAcct><Cdtr><Nm>MICHAEL ARRO</Nm></Cdtr><CdtrAcct><Id><PrtryAcct><Id>23008200425286</Id></PrtryAcct></Id></CdtrAcct><Prtry><Tp>ACCT</Tp><Pty/></Prtry></RltdPties><RmtInf><Strd><AddtlRmtInf>NO REF</AddtlRmtInf></Strd><Strd><AddtlRmtInf>D Afolayan//ACCT</AddtlRmtInf></Strd></RmtInf><RltdDts><TxDtTm>2018-09-28T18:57:04</TxDtTm></RltdDts><AddtlTxInf>5000000003931292471020180928826309785</AddtlTxInf></TxDtls><AddtlNtryInf>COMPLETE//0000//003//CREDIT</AddtlNtryInf></Ntry><Ntry><Amt Ccy="GBP">35.00</Amt><CdtDbtInd>CRDT</CdtDbtInd><Sts>BOOK</Sts><BookgDt><Dt>2018-10-01</Dt></BookgDt><BkTxCd><Prtry><Cd>SIP UKBA CR 40269</Cd></Prtry></BkTxCd><TxDtls><Refs><EndToEndId>NOREF</EndToEndId><TxId>352857507581829001</TxId><Prtry><Tp>STO REF</Tp><Ref>0000</Ref></Prtry></Refs><RltdPties><Dbtr><Nm>PITHER H &amp; J</Nm></Dbtr><DbtrAcct><Id><PrtryAcct><Id>40353561498150</Id></PrtryAcct></Id></DbtrAcct><Cdtr><Nm>Mr Daren Walker</Nm></Cdtr><CdtrAcct><Id><PrtryAcct><Id>23008200044955</Id></PrtryAcct></Id></CdtrAcct><Prtry><Tp>Holly cleaning</Tp><Pty/></Prtry></RltdPties><RmtInf><Strd><AddtlRmtInf>NO REF</AddtlRmtInf></Strd><Strd><AddtlRmtInf>PITHER H &amp; J//Holly cleaning</AddtlRmtInf></Strd></RmtInf><RltdDts><TxDtTm>2018-09-28T18:57:06</TxDtTm></RltdDts><AddtlTxInf>3528575075818290011020180928826403535</AddtlTxInf></TxDtls><AddtlNtryInf>COMPLETE//0000//003//CREDIT</AddtlNtryInf></Ntry><Ntry><Amt Ccy="GBP">20.00</Amt><CdtDbtInd>CRDT</CdtDbtInd><Sts>BOOK</Sts><BookgDt><Dt>2018-10-01</Dt></BookgDt><BkTxCd><Prtry><Cd>SIP UKBA CR 40269</Cd></Prtry></BkTxCd><TxDtls><Refs><EndToEndId>NOREF</EndToEndId><TxId>600000000392846336</TxId></Refs><RltdPties><Dbtr><Nm>F Russell-Morgan</Nm></Dbtr><DbtrAcct><Id><PrtryAcct><Id>30928665553460</Id></PrtryAcct></Id></DbtrAcct><Cdtr><Nm>L</Nm></Cdtr><CdtrAcct><Id><PrtryAcct><Id>23008200249168</Id></PrtryAcct></Id></CdtrAcct><Prtry><Tp>PLAY</Tp><Pty/></Prtry></RltdPties><RmtInf><Strd><AddtlRmtInf>NO REF</AddtlRmtInf></Strd><Strd><AddtlRmtInf>F Russell-Morgan//PLAY</AddtlRmtInf></Strd></RmtInf><RltdDts><TxDtTm>2018-09-28T18:57:46</TxDtTm></RltdDts><AddtlTxInf>6000000003928463361020180928826309286</AddtlTxInf></TxDtls><AddtlNtryInf>COMPLETE//0000//003//CREDIT</AddtlNtryInf></Ntry><Ntry><Amt Ccy="GBP">100.00</Amt><CdtDbtInd>CRDT</CdtDbtInd><Sts>BOOK</Sts><BookgDt><Dt>2018-10-01</Dt></BookgDt><BkTxCd><Prtry><Cd>SIP UKBA CR 40269</Cd></Prtry></BkTxCd><TxDtls><Refs><EndToEndId>NOREF</EndToEndId><TxId>500000000393129526</TxId></Refs><RltdPties><Dbtr><Nm>J Perun</Nm></Dbtr><DbtrAcct><Id><PrtryAcct><Id>30847720404368</Id></PrtryAcct></Id></DbtrAcct><Cdtr><Nm>ALEKSANDER PERUN</Nm></Cdtr><CdtrAcct><Id><PrtryAcct><Id>23008200359223</Id></PrtryAcct></Id></CdtrAcct></RltdPties><RmtInf><Strd><AddtlRmtInf>NO REF</AddtlRmtInf></Strd><Strd><AddtlRmtInf>J Perun//</AddtlRmtInf></Strd></RmtInf><RltdDts><TxDtTm>2018-09-28T18:57:46</TxDtTm></RltdDts><AddtlTxInf>5000000003931295261020180928826308477</AddtlTxInf></TxDtls><AddtlNtryInf>COMPLETE//0000//003//CREDIT</AddtlNtryInf></Ntry><Ntry><Amt Ccy="GBP">100.00</Amt><CdtDbtInd>CRDT</CdtDbtInd><Sts>BOOK</Sts><BookgDt><Dt>2018-10-01</Dt></BookgDt><BkTxCd><Prtry><Cd>SIP UKBA CR 40269</Cd></Prtry></BkTxCd><TxDtls><Refs><EndToEndId>NOREF</EndToEndId><TxId>600000000392847194</TxId></Refs><RltdPties><Dbtr><Nm>B Allwood</Nm></Dbtr><DbtrAcct><Id><PrtryAcct><Id>30944444144268</Id></PrtryAcct></Id></DbtrAcct><Cdtr><Nm>A MOROS</Nm></Cdtr><CdtrAcct><Id><PrtryAcct><Id>23008200245625</Id></PrtryAcct></Id></CdtrAcct><Prtry><Tp>MARCUS DAVID</Tp><Pty/></Prtry></RltdPties><RmtInf><Strd><AddtlRmtInf>NO REF</AddtlRmtInf></Strd><Strd><AddtlRmtInf>B Allwood//MARCUS DAVID</AddtlRmtInf></Strd></RmtInf><RltdDts><TxDtTm>2018-09-28T18:59:57</TxDtTm></RltdDts><AddtlTxInf>6000000003928471941020180928826309444</AddtlTxInf></TxDtls><AddtlNtryInf>COMPLETE//0000//003//CREDIT</AddtlNtryInf></Ntry></Ntfctn></BkToCstmrDbtCdtNtfctnV01></Document>