<?xml version="1.0" encoding="UTF-8"?><Document xmlns:xsi="http://www.w3.org/2001/XMLSchema-instance" xmlns="urn:iso:std:iso:20022:tech:xsd:camt.054.001.01"><BkToCstmrDbtCdtNtfctnV01><GrpHdr><MsgId>80309K//12607</MsgId><CreDtTm>2018-09-08T22:30:00</CreDtTm></GrpHdr><Ntfctn><Id>80309K//12607//1</Id><CreDtTm>2018-09-08T22:30:00</CreDtTm><Acct><Id><PrtryAcct><Id>20594233939774</Id></PrtryAcct></Id><Ccy>GBP</Ccy></Acct><TxsSummry><TtlNtries><NbOfNtries>1</NbOfNtries><Sum>289.20</Sum></TtlNtries><TtlCdtNtries><NbOfNtries>1</NbOfNtries><Sum>289.20</Sum></TtlCdtNtries><TtlDbtNtries><NbOfNtries>0</NbOfNtries><Sum>0.00</Sum></TtlDbtNtries></TxsSummry><Ntry><Amt Ccy="GBP">289.20</Amt><CdtDbtInd>CRDT</CdtDbtInd><Sts>BOOK</Sts><BookgDt><Dt>2018-09-10</Dt></BookgDt><BkTxCd><Prtry><Cd>SIP UKBA CR 40269</Cd></Prtry></BkTxCd><TxDtls><Refs><EndToEndId>NOREF</EndToEndId><TxId>RP4659984167614300</TxId></Refs><RltdPties><Dbtr><Nm>DO THE JOB LTD</Nm></Dbtr><DbtrAcct><Id><PrtryAcct><Id>20045013311163</Id></PrtryAcct></Id></DbtrAcct><Cdtr><Nm>CEZAR TUCULIANU</Nm></Cdtr><CdtrAcct><Id><PrtryAcct><Id>23008200229905</Id></PrtryAcct></Id></CdtrAcct><Prtry><Tp>WEEKLY WAGE</Tp><Pty/></Prtry></RltdPties><RmtInf><Strd><AddtlRmtInf>NO REF</AddtlRmtInf></Strd><Strd><AddtlRmtInf>DO THE JOB LTD//WEEKLY WAGE</AddtlRmtInf></Strd></RmtInf><RltdDts><TxDtTm>2018-09-08T22:11:26</TxDtTm></RltdDts><AddtlTxInf>RP46599841676143001020180908826200026</AddtlTxInf></TxDtls><AddtlNtryInf>COMPLETE//0000//003//CREDIT</AddtlNtryInf></Ntry></Ntfctn></BkToCstmrDbtCdtNtfctnV01></Document>