<?xml version="1.0" encoding="UTF-8"?><Document xmlns:xsi="http://www.w3.org/2001/XMLSchema-instance" xmlns="urn:iso:std:iso:20022:tech:xsd:camt.054.001.01"><BkToCstmrDbtCdtNtfctnV01><GrpHdr><MsgId>80309K//13443</MsgId><CreDtTm>2018-09-28T11:00:00</CreDtTm></GrpHdr><Ntfctn><Id>80309K//13443//1</Id><CreDtTm>2018-09-28T11:00:00</CreDtTm><Acct><Id><PrtryAcct><Id>20594233939774</Id></PrtryAcct></Id><Ccy>GBP</Ccy></Acct><TxsSummry><TtlNtries><NbOfNtries>17</NbOfNtries><Sum>4377.42</Sum></TtlNtries><TtlCdtNtries><NbOfNtries>17</NbOfNtries><Sum>4377.42</Sum></TtlCdtNtries><TtlDbtNtries><NbOfNtries>0</NbOfNtries><Sum>0.00</Sum></TtlDbtNtries></TxsSummry><Ntry><Amt Ccy="GBP">790.00</Amt><CdtDbtInd>CRDT</CdtDbtInd><Sts>BOOK</Sts><BookgDt><Dt>2018-09-28</Dt></BookgDt><BkTxCd><Prtry><Cd>SIP UKBA CR 40269</Cd></Prtry></BkTxCd><TxDtls><Refs><EndToEndId>NOREF</EndToEndId><TxId>59103112722195000N</TxId><Prtry><Tp>STO REF</Tp><Ref>0000</Ref></Prtry></Refs><RltdPties><Dbtr><Nm>VEJA H</Nm></Dbtr><DbtrAcct><Id><PrtryAcct><Id>60042389525353</Id></PrtryAcct></Id></DbtrAcct><Cdtr><Nm>IAIN HAYWARD</Nm></Cdtr><CdtrAcct><Id><PrtryAcct><Id>23008200472678</Id></PrtryAcct></Id></CdtrAcct></RltdPties><RmtInf><Strd><AddtlRmtInf>VEJA H</AddtlRmtInf></Strd><Strd><AddtlRmtInf>VEJA H//</AddtlRmtInf></Strd></RmtInf><RltdDts><TxDtTm>2018-09-28T10:31:13</TxDtTm></RltdDts><AddtlTxInf>59103112722195000N1020180928826600423</AddtlTxInf></TxDtls><AddtlNtryInf>COMPLETE//0000//001//CREDIT</AddtlNtryInf></Ntry><Ntry><Amt Ccy="GBP">756.00</Amt><CdtDbtInd>CRDT</CdtDbtInd><Sts>BOOK</Sts><BookgDt><Dt>2018-09-28</Dt></BookgDt><BkTxCd><Prtry><Cd>SIP UKBA CR 40269</Cd></Prtry></BkTxCd><TxDtls><Refs><EndToEndId>NOREF</EndToEndId><TxId>RP4659985534208800</TxId></Refs><RltdPties><Dbtr><Nm>RE DESI SOUT LTD</Nm></Dbtr><DbtrAcct><Id><PrtryAcct><Id>20454503951464</Id></PrtryAcct></Id></DbtrAcct><Cdtr><Nm>MATT LIDBETTER</Nm></Cdtr><CdtrAcct><Id><PrtryAcct><Id>23008200222957</Id></PrtryAcct></Id></CdtrAcct><Prtry><Tp>RICHARD BARNEY</Tp><Pty/></Prtry></RltdPties><RmtInf><Strd><AddtlRmtInf>NO REF</AddtlRmtInf></Strd><Strd><AddtlRmtInf>RE DESI SOUT LTD//RICHARD BARNEY</AddtlRmtInf></Strd></RmtInf><RltdDts><TxDtTm>2018-09-28T10:33:40</TxDtTm></RltdDts><AddtlTxInf>RP46599855342088001020180928826200026</AddtlTxInf></TxDtls><AddtlNtryInf>COMPLETE//0000//001//CREDIT</AddtlNtryInf></Ntry><Ntry><Amt Ccy="GBP">20.00</Amt><CdtDbtInd>CRDT</CdtDbtInd><Sts>BOOK</Sts><BookgDt><Dt>2018-09-28</Dt></BookgDt><BkTxCd><Prtry><Cd>SIP UKBA CR 40269</Cd></Prtry></BkTxCd><TxDtls><Refs><EndToEndId>PAYMENT</EndToEndId><TxId>64103428431476000N</TxId><Prtry><Tp>STO REF</Tp><Ref>0000</Ref></Prtry></Refs><RltdPties><Dbtr><Nm>TALUKDER MS</Nm></Dbtr><DbtrAcct><Id><PrtryAcct><Id>51705786378317</Id></PrtryAcct></Id></DbtrAcct><Cdtr><Nm>M TALUKDER</Nm></Cdtr><CdtrAcct><Id><PrtryAcct><Id>23008200418752</Id></PrtryAcct></Id></CdtrAcct><Prtry><Tp>PAYMENT</Tp><Pty/></Prtry></RltdPties><RmtInf><Strd><AddtlRmtInf>TALUKDER MS       PAYMENT           VIA ONLINE - PYMT</AddtlRmtInf></Strd><Strd><AddtlRmtInf>TALUKDER MS//PAYMENT</AddtlRmtInf></Strd></RmtInf><RltdDts><TxDtTm>2018-09-28T10:34:28</TxDtTm></RltdDts><AddtlTxInf>64103428431476000N1020180928826517057</AddtlTxInf></TxDtls><AddtlNtryInf>COMPLETE//0000//001//CREDIT</AddtlNtryInf></Ntry><Ntry><Amt Ccy="GBP">35.00</Amt><CdtDbtInd>CRDT</CdtDbtInd><Sts>BOOK</Sts><BookgDt><Dt>2018-09-28</Dt></BookgDt><BkTxCd><Prtry><Cd>SIP UKBA CR 40269</Cd></Prtry></BkTxCd><TxDtls><Refs><EndToEndId>NOREF</EndToEndId><TxId>35103443270607000N</TxId><Prtry><Tp>STO REF</Tp><Ref>0000</Ref></Prtry></Refs><RltdPties><Dbtr><Nm>DWP GB FP LP FUNDI</Nm></Dbtr><DbtrAcct><Id><PrtryAcct><Id>60708010028668</Id></PrtryAcct></Id></DbtrAcct><Cdtr><Nm>MR MARCO OLIVEIRA</Nm></Cdtr><CdtrAcct><Id><PrtryAcct><Id>23008200061449</Id></PrtryAcct></Id></CdtrAcct><Prtry><Tp>SE497227D DWP UC</Tp><Pty/></Prtry></RltdPties><RmtInf><Strd><AddtlRmtInf>SE497227D DWP UC</AddtlRmtInf></Strd><Strd><AddtlRmtInf>DWP GB FP LP FUNDI//SE497227D DWP UC</AddtlRmtInf></Strd></RmtInf><RltdDts><TxDtTm>2018-09-28T10:34:43</TxDtTm></RltdDts><AddtlTxInf>35103443270607000N1020180928826607080</AddtlTxInf></TxDtls><AddtlNtryInf>COMPLETE//0000//001//CREDIT</AddtlNtryInf></Ntry><Ntry><Amt Ccy="GBP">1117.00</Amt><CdtDbtInd>CRDT</CdtDbtInd><Sts>BOOK</Sts><BookgDt><Dt>2018-09-28</Dt></BookgDt><BkTxCd><Prtry><Cd>FDP UKBA CR 40269</Cd></Prtry></BkTxCd><TxDtls><Refs><EndToEndId>NOREF</EndToEndId><TxId>8034922053018318CN</TxId><Prtry><Tp>STO REF</Tp><Ref>0125</Ref></Prtry></Refs><RltdPties><Dbtr><Nm>FORMEL D UK LTD</Nm></Dbtr><DbtrAcct><Id><PrtryAcct><Id>40620130607950</Id></PrtryAcct></Id></DbtrAcct><Cdtr><Nm>PORTONIANTEK LTD</Nm></Cdtr><CdtrAcct><Id><PrtryAcct><Id>23008200043840</Id></PrtryAcct></Id></CdtrAcct></RltdPties><RmtInf><Strd><AddtlRmtInf>NO REF</AddtlRmtInf></Strd><Strd><AddtlRmtInf>FORMEL D UK LTD//</AddtlRmtInf></Strd></RmtInf><RltdDts><TxDtTm>2018-09-28T10:35:04</TxDtTm></RltdDts><AddtlTxInf>8034922053018318CN4020180928826400530</AddtlTxInf></TxDtls><AddtlNtryInf>COMPLETE//0000//001//CREDIT</AddtlNtryInf></Ntry><Ntry><Amt Ccy="GBP">200.00</Amt><CdtDbtInd>CRDT</CdtDbtInd><Sts>BOOK</Sts><BookgDt><Dt>2018-09-28</Dt></BookgDt><BkTxCd><Prtry><Cd>SIP UKBA CR 40269</Cd></Prtry></BkTxCd><TxDtls><Refs><EndToEndId>PPWD00000000AQSALS</EndToEndId><TxId>PPWD00000000AQSALS</TxId></Refs><RltdPties><Dbtr><Nm>PayPal</Nm><PstlAdr><AdrLine>2211 N 1st Street San Jose CA 95131</AdrLine><Ctry/></PstlAdr></Dbtr><DbtrAcct><Id><PrtryAcct><Id>23526278959595</Id></PrtryAcct></Id></DbtrAcct><Cdtr><Nm>Mark Brown</Nm><PstlAdr><AdrLine>87 The Green</AdrLine><Ctry/></PstlAdr></Cdtr><CdtrAcct><Id><PrtryAcct><Id>23008200454532</Id></PrtryAcct></Id></CdtrAcct><Prtry><Tp>PPWDL57W22ALF9DV6U</Tp><Pty/></Prtry></RltdPties><RmtInf><Strd><RfrdDocInf><RfrdDocTp><Prtry>002</Prtry></RfrdDocTp></RfrdDocInf><AddtlRmtInf>NO REF</AddtlRmtInf></Strd><Strd><AddtlRmtInf>PayPal//PPWDL57W22ALF9DV6U</AddtlRmtInf></Strd></RmtInf><RltdDts><TxDtTm>2018-09-28T10:39:10</TxDtTm></RltdDts><AddtlTxInf>PPWD00000000AQSALS1020180928826235262</AddtlTxInf></TxDtls><AddtlNtryInf>COMPLETE//0000//001//CREDIT</AddtlNtryInf></Ntry><Ntry><Amt Ccy="GBP">0.01</Amt><CdtDbtInd>CRDT</CdtDbtInd><Sts>BOOK</Sts><BookgDt><Dt>2018-09-28</Dt></BookgDt><BkTxCd><Prtry><Cd>SIP UKBA CR 40269</Cd></Prtry></BkTxCd><TxDtls><Refs><EndToEndId>PPRD00000000AQSAYE</EndToEndId><TxId>PPRD00000000AQSAYE</TxId></Refs><RltdPties><Dbtr><Nm>PAYPAL CODE 2057</Nm><PstlAdr><AdrLine>2211 N 1st Street San Jose CA 95131</AdrLine><Ctry/></PstlAdr></Dbtr><DbtrAcct><Id><PrtryAcct><Id>23526285010101</Id></PrtryAcct></Id></DbtrAcct><Cdtr><Nm>Barry Ransom</Nm><PstlAdr><AdrLine>41 The Drive</AdrLine><Ctry/></PstlAdr></Cdtr><CdtrAcct><Id><PrtryAcct><Id>23008200463683</Id></PrtryAcct></Id></CdtrAcct><Prtry><Tp>PAYPAL CODE 2057</Tp><Pty/></Prtry></RltdPties><RmtInf><Strd><RfrdDocInf><RfrdDocTp><Prtry>002</Prtry></RfrdDocTp></RfrdDocInf><AddtlRmtInf>NO REF</AddtlRmtInf></Strd><Strd><AddtlRmtInf>PAYPAL CODE 2057//PAYPAL CODE 2057</AddtlRmtInf></Strd></RmtInf><RltdDts><TxDtTm>2018-09-28T10:39:57</TxDtTm></RltdDts><AddtlTxInf>PPRD00000000AQSAYE1020180928826235262</AddtlTxInf></TxDtls><AddtlNtryInf>COMPLETE//0000//001//CREDIT</AddtlNtryInf></Ntry><Ntry><Amt Ccy="GBP">50.00</Amt><CdtDbtInd>CRDT</CdtDbtInd><Sts>BOOK</Sts><BookgDt><Dt>2018-09-28</Dt></BookgDt><BkTxCd><Prtry><Cd>SIP UKBA CR 40269</Cd></Prtry></BkTxCd><TxDtls><Refs><EndToEndId>NOREF</EndToEndId><TxId>FP18271O11365043</TxId></Refs><RltdPties><Dbtr><Nm>Ball Richard</Nm></Dbtr><DbtrAcct><Id><PrtryAcct><Id>07043621046026</Id></PrtryAcct></Id></DbtrAcct><Cdtr><Nm>MR RICHARD BALL</Nm></Cdtr><CdtrAcct><Id><PrtryAcct><Id>23008200186175</Id></PrtryAcct></Id></CdtrAcct><Prtry><Tp>PERSONAL</Tp><Pty/></Prtry></RltdPties><RmtInf><Strd><AddtlRmtInf>NO REF</AddtlRmtInf></Strd><Strd><AddtlRmtInf>Ball Richard//PERSONAL</AddtlRmtInf></Strd></RmtInf><RltdDts><TxDtTm>2018-09-28T10:39:58</TxDtTm></RltdDts><AddtlTxInf>FP18271O11365043  1020180928826070436</AddtlTxInf></TxDtls><AddtlNtryInf>COMPLETE//0000//001//CREDIT</AddtlNtryInf></Ntry><Ntry><Amt Ccy="GBP">325.00</Amt><CdtDbtInd>CRDT</CdtDbtInd><Sts>BOOK</Sts><BookgDt><Dt>2018-09-28</Dt></BookgDt><BkTxCd><Prtry><Cd>SIP UKBA CR 40269</Cd></Prtry></BkTxCd><TxDtls><Refs><EndToEndId>NOREF</EndToEndId><TxId>23104210502411000N</TxId><Prtry><Tp>STO REF</Tp><Ref>0000</Ref></Prtry></Refs><RltdPties><Dbtr><Nm>LEE H</Nm></Dbtr><DbtrAcct><Id><PrtryAcct><Id>56004531152066</Id></PrtryAcct></Id></DbtrAcct><Cdtr><Nm>RUTH WEST</Nm></Cdtr><CdtrAcct><Id><PrtryAcct><Id>23008200472811</Id></PrtryAcct></Id></CdtrAcct></RltdPties><RmtInf><Strd><AddtlRmtInf>LEE H</AddtlRmtInf></Strd><Strd><AddtlRmtInf>LEE H//</AddtlRmtInf></Strd></RmtInf><RltdDts><TxDtTm>2018-09-28T10:42:10</TxDtTm></RltdDts><AddtlTxInf>23104210502411000N1020180928826560045</AddtlTxInf></TxDtls><AddtlNtryInf>COMPLETE//0000//001//CREDIT</AddtlNtryInf></Ntry><Ntry><Amt Ccy="GBP">331.36</Amt><CdtDbtInd>CRDT</CdtDbtInd><Sts>BOOK</Sts><BookgDt><Dt>2018-09-28</Dt></BookgDt><BkTxCd><Prtry><Cd>SIP UKBA CR 40269</Cd></Prtry></BkTxCd><TxDtls><Refs><EndToEndId>NOREF</EndToEndId><TxId>RP4679962484639900</TxId></Refs><RltdPties><Dbtr><Nm>EDEN M G RE PB</Nm></Dbtr><DbtrAcct><Id><PrtryAcct><Id>20050093854264</Id></PrtryAcct></Id></DbtrAcct><Cdtr><Nm>CATALIN CALIN</Nm></Cdtr><CdtrAcct><Id><PrtryAcct><Id>23008200146733</Id></PrtryAcct></Id></CdtrAcct><Prtry><Tp>ETHERO STAFFING</Tp><Pty/></Prtry></RltdPties><RmtInf><Strd><AddtlRmtInf>NO REF</AddtlRmtInf></Strd><Strd><AddtlRmtInf>EDEN M G RE PB//ETHERO STAFFING</AddtlRmtInf></Strd></RmtInf><RltdDts><TxDtTm>2018-09-28T10:45:14</TxDtTm></RltdDts><AddtlTxInf>RP46799624846399001020180928826200026</AddtlTxInf></TxDtls><AddtlNtryInf>COMPLETE//0000//001//CREDIT</AddtlNtryInf></Ntry><Ntry><Amt Ccy="GBP">215.33</Amt><CdtDbtInd>CRDT</CdtDbtInd><Sts>BOOK</Sts><BookgDt><Dt>2018-09-28</Dt></BookgDt><BkTxCd><Prtry><Cd>SIP UKBA CR 40269</Cd></Prtry></BkTxCd><TxDtls><Refs><EndToEndId>NOREF</EndToEndId><TxId>YBBPI1045212363474</TxId></Refs><RltdPties><Dbtr><Nm>CONTRACT CLEANING</Nm></Dbtr><DbtrAcct><Id><PrtryAcct><Id>05093414618396</Id></PrtryAcct></Id></DbtrAcct><Cdtr><Nm>Lisa durham</Nm></Cdtr><CdtrAcct><Id><PrtryAcct><Id>23008200351448</Id></PrtryAcct></Id></CdtrAcct><Prtry><Tp>Wages</Tp><Pty/></Prtry></RltdPties><RmtInf><Strd><RfrdDocInf><RfrdDocTp><Prtry>002</Prtry></RfrdDocTp></RfrdDocInf><AddtlRmtInf>NO REF</AddtlRmtInf></Strd><Strd><AddtlRmtInf>CONTRACT CLEANING//Wages</AddtlRmtInf></Strd></RmtInf><RltdDts><TxDtTm>2018-09-28T10:45:21</TxDtTm></RltdDts><AddtlTxInf>YBBPI10452123634741020180928826050934</AddtlTxInf></TxDtls><AddtlNtryInf>COMPLETE//0000//001//CREDIT</AddtlNtryInf></Ntry><Ntry><Amt Ccy="GBP">172.71</Amt><CdtDbtInd>CRDT</CdtDbtInd><Sts>BOOK</Sts><BookgDt><Dt>2018-09-28</Dt></BookgDt><BkTxCd><Prtry><Cd>SIP UKBA CR 40269</Cd></Prtry></BkTxCd><TxDtls><Refs><EndToEndId>PPWD00000000AQSD60</EndToEndId><TxId>PPWD00000000AQSD60</TxId></Refs><RltdPties><Dbtr><Nm>PayPal</Nm><PstlAdr><AdrLine>2211 N 1st Street San Jose CA 95131</AdrLine><Ctry/></PstlAdr></Dbtr><DbtrAcct><Id><PrtryAcct><Id>23526278959595</Id></PrtryAcct></Id></DbtrAcct><Cdtr><Nm>Necklace Hand Made</Nm><PstlAdr><AdrLine>FLAT 60 HAYMANS POINT TYERS STREET</AdrLine><Ctry/></PstlAdr></Cdtr><CdtrAcct><Id><PrtryAcct><Id>23008200452730</Id></PrtryAcct></Id></CdtrAcct><Prtry><Tp>PPWDL5ZLJ2ALF9KH5S</Tp><Pty/></Prtry></RltdPties><RmtInf><Strd><RfrdDocInf><RfrdDocTp><Prtry>002</Prtry></RfrdDocTp></RfrdDocInf><AddtlRmtInf>NO REF</AddtlRmtInf></Strd><Strd><AddtlRmtInf>PayPal//PPWDL5ZLJ2ALF9KH5S</AddtlRmtInf></Strd></RmtInf><RltdDts><TxDtTm>2018-09-28T10:46:07</TxDtTm></RltdDts><AddtlTxInf>PPWD00000000AQSD601020180928826235262</AddtlTxInf></TxDtls><AddtlNtryInf>COMPLETE//0000//001//CREDIT</AddtlNtryInf></Ntry><Ntry><Amt Ccy="GBP">0.01</Amt><CdtDbtInd>CRDT</CdtDbtInd><Sts>BOOK</Sts><BookgDt><Dt>2018-09-28</Dt></BookgDt><BkTxCd><Prtry><Cd>SIP UKBA CR 40269</Cd></Prtry></BkTxCd><TxDtls><Refs><EndToEndId>PPRD00000000AQSDZ6</EndToEndId><TxId>PPRD00000000AQSDZ6</TxId></Refs><RltdPties><Dbtr><Nm>PAYPAL CODE 3132</Nm><PstlAdr><AdrLine>2211 N 1st Street San Jose CA 95131</AdrLine><Ctry/></PstlAdr></Dbtr><DbtrAcct><Id><PrtryAcct><Id>23526285010101</Id></PrtryAcct></Id></DbtrAcct><Cdtr><Nm>Mark West</Nm><PstlAdr><AdrLine>29 Henrietta Road</AdrLine><Ctry/></PstlAdr></Cdtr><CdtrAcct><Id><PrtryAcct><Id>23008200470818</Id></PrtryAcct></Id></CdtrAcct><Prtry><Tp>PAYPAL CODE 3132</Tp><Pty/></Prtry></RltdPties><RmtInf><Strd><RfrdDocInf><RfrdDocTp><Prtry>002</Prtry></RfrdDocTp></RfrdDocInf><AddtlRmtInf>NO REF</AddtlRmtInf></Strd><Strd><AddtlRmtInf>PAYPAL CODE 3132//PAYPAL CODE 3132</AddtlRmtInf></Strd></RmtInf><RltdDts><TxDtTm>2018-09-28T10:48:21</TxDtTm></RltdDts><AddtlTxInf>PPRD00000000AQSDZ61020180928826235262</AddtlTxInf></TxDtls><AddtlNtryInf>COMPLETE//0000//001//CREDIT</AddtlNtryInf></Ntry><Ntry><Amt Ccy="GBP">300.00</Amt><CdtDbtInd>CRDT</CdtDbtInd><Sts>BOOK</Sts><BookgDt><Dt>2018-09-28</Dt></BookgDt><BkTxCd><Prtry><Cd>FDP UKBA CR 40269</Cd></Prtry></BkTxCd><TxDtls><Refs><EndToEndId>NOREF</EndToEndId><TxId>0842706005018311CN</TxId><Prtry><Tp>STO REF</Tp><Ref>0000</Ref></Prtry></Refs><RltdPties><Dbtr><Nm>BARNWELL J</Nm></Dbtr><DbtrAcct><Id><PrtryAcct><Id>40638870706325</Id></PrtryAcct></Id></DbtrAcct><Cdtr><Nm>MR JORDAN BARNWELL</Nm></Cdtr><CdtrAcct><Id><PrtryAcct><Id>23008200192599</Id></PrtryAcct></Id></CdtrAcct><Prtry><Tp>A/C XXXXX6325</Tp><Pty/></Prtry></RltdPties><RmtInf><Strd><AddtlRmtInf>NO REF</AddtlRmtInf></Strd><Strd><AddtlRmtInf>BARNWELL J//A/C XXXXX6325</AddtlRmtInf></Strd></RmtInf><RltdDts><TxDtTm>2018-09-28T10:50:07</TxDtTm></RltdDts><AddtlTxInf>0842706005018311CN4020180928826400250</AddtlTxInf></TxDtls><AddtlNtryInf>COMPLETE//0000//001//CREDIT</AddtlNtryInf></Ntry><Ntry><Amt Ccy="GBP">25.00</Amt><CdtDbtInd>CRDT</CdtDbtInd><Sts>BOOK</Sts><BookgDt><Dt>2018-09-28</Dt></BookgDt><BkTxCd><Prtry><Cd>SIP UKBA CR 40269</Cd></Prtry></BkTxCd><TxDtls><Refs><EndToEndId>NOREF</EndToEndId><TxId>600000000392599849</TxId></Refs><RltdPties><Dbtr><Nm>A Gee-Camara</Nm></Dbtr><DbtrAcct><Id><PrtryAcct><Id>11045400979645</Id></PrtryAcct></Id></DbtrAcct><Cdtr><Nm>A CAMARA</Nm></Cdtr><CdtrAcct><Id><PrtryAcct><Id>23008200239944</Id></PrtryAcct></Id></CdtrAcct><Prtry><Tp>SAVE</Tp><Pty/></Prtry></RltdPties><RmtInf><Strd><AddtlRmtInf>NO REF</AddtlRmtInf></Strd><Strd><AddtlRmtInf>A Gee-Camara//SAVE</AddtlRmtInf></Strd></RmtInf><RltdDts><TxDtTm>2018-09-28T10:52:43</TxDtTm></RltdDts><AddtlTxInf>6000000003925998491020180928826110454</AddtlTxInf></TxDtls><AddtlNtryInf>COMPLETE//0000//001//CREDIT</AddtlNtryInf></Ntry><Ntry><Amt Ccy="GBP">5.00</Amt><CdtDbtInd>CRDT</CdtDbtInd><Sts>BOOK</Sts><BookgDt><Dt>2018-09-28</Dt></BookgDt><BkTxCd><Prtry><Cd>SIP UKBA CR 40269</Cd></Prtry></BkTxCd><TxDtls><Refs><EndToEndId>AD</EndToEndId><TxId>50105318048223000N</TxId><Prtry><Tp>STO REF</Tp><Ref>0000</Ref></Prtry></Refs><RltdPties><Dbtr><Nm>ANDERSONE M</Nm></Dbtr><DbtrAcct><Id><PrtryAcct><Id>60230773264679</Id></PrtryAcct></Id></DbtrAcct><Cdtr><Nm>KOLADE ARRO</Nm></Cdtr><CdtrAcct><Id><PrtryAcct><Id>23008200323326</Id></PrtryAcct></Id></CdtrAcct><Prtry><Tp>AD</Tp><Pty/></Prtry></RltdPties><RmtInf><Strd><AddtlRmtInf>ANDERSONE M       AD                VIA MOBILE - LVP</AddtlRmtInf></Strd><Strd><AddtlRmtInf>ANDERSONE M//AD</AddtlRmtInf></Strd></RmtInf><RltdDts><TxDtTm>2018-09-28T10:53:18</TxDtTm></RltdDts><AddtlTxInf>50105318048223000N1020180928826602307</AddtlTxInf></TxDtls><AddtlNtryInf>COMPLETE//0000//001//CREDIT</AddtlNtryInf></Ntry><Ntry><Amt Ccy="GBP">35.00</Amt><CdtDbtInd>CRDT</CdtDbtInd><Sts>BOOK</Sts><BookgDt><Dt>2018-09-28</Dt></BookgDt><BkTxCd><Prtry><Cd>SIP UKBA CR 40269</Cd></Prtry></BkTxCd><TxDtls><Refs><EndToEndId>PPWD00000000AQSFWW</EndToEndId><TxId>PPWD00000000AQSFWW</TxId></Refs><RltdPties><Dbtr><Nm>PayPal</Nm><PstlAdr><AdrLine>2211 N 1st Street San Jose CA 95131</AdrLine><Ctry/></PstlAdr></Dbtr><DbtrAcct><Id><PrtryAcct><Id>23526278959595</Id></PrtryAcct></Id></DbtrAcct><Cdtr><Nm>Michelle Duggan</Nm><PstlAdr><AdrLine>27 Rowsby Court</AdrLine><Ctry/></PstlAdr></Cdtr><CdtrAcct><Id><PrtryAcct><Id>23008200323527</Id></PrtryAcct></Id></CdtrAcct><Prtry><Tp>PPWDL5P522ALCGW8JA</Tp><Pty/></Prtry></RltdPties><RmtInf><Strd><RfrdDocInf><RfrdDocTp><Prtry>002</Prtry></RfrdDocTp></RfrdDocInf><AddtlRmtInf>NO REF</AddtlRmtInf></Strd><Strd><AddtlRmtInf>PayPal//PPWDL5P522ALCGW8JA</AddtlRmtInf></Strd></RmtInf><RltdDts><TxDtTm>2018-09-28T10:58:45</TxDtTm></RltdDts><AddtlTxInf>PPWD00000000AQSFWW1020180928826235262</AddtlTxInf></TxDtls><AddtlNtryInf>COMPLETE//0000//001//CREDIT</AddtlNtryInf></Ntry></Ntfctn></BkToCstmrDbtCdtNtfctnV01></Document>