<?xml version="1.0" encoding="UTF-8"?><Document xmlns:xsi="http://www.w3.org/2001/XMLSchema-instance" xmlns="urn:iso:std:iso:20022:tech:xsd:camt.054.001.01"><BkToCstmrDbtCdtNtfctnV01><GrpHdr><MsgId>80309K//12718</MsgId><CreDtTm>2018-09-11T17:00:00</CreDtTm></GrpHdr><Ntfctn><Id>80309K//12718//1</Id><CreDtTm>2018-09-11T17:00:00</CreDtTm><Acct><Id><PrtryAcct><Id>20594233939774</Id></PrtryAcct></Id><Ccy>GBP</Ccy></Acct><TxsSummry><TtlNtries><NbOfNtries>5</NbOfNtries><Sum>2123.46</Sum></TtlNtries><TtlCdtNtries><NbOfNtries>5</NbOfNtries><Sum>2123.46</Sum></TtlCdtNtries><TtlDbtNtries><NbOfNtries>0</NbOfNtries><Sum>0.00</Sum></TtlDbtNtries></TxsSummry><Ntry><Amt Ccy="GBP">160.00</Amt><CdtDbtInd>CRDT</CdtDbtInd><Sts>BOOK</Sts><BookgDt><Dt>2018-09-11</Dt></BookgDt><BkTxCd><Prtry><Cd>SIP UKBA CR 40269</Cd></Prtry></BkTxCd><TxDtls><Refs><EndToEndId>NOREF</EndToEndId><TxId>RP4659984331391200</TxId></Refs><RltdPties><Dbtr><Nm>CUMMINGS ALAN</Nm></Dbtr><DbtrAcct><Id><PrtryAcct><Id>20836940442216</Id></PrtryAcct></Id></DbtrAcct><Cdtr><Nm>PAUL  CUMMINGS</Nm></Cdtr><CdtrAcct><Id><PrtryAcct><Id>23008200368493</Id></PrtryAcct></Id></CdtrAcct><Prtry><Tp>GENERATOR</Tp><Pty/></Prtry></RltdPties><RmtInf><Strd><AddtlRmtInf>NO REF</AddtlRmtInf></Strd><Strd><AddtlRmtInf>CUMMINGS ALAN//GENERATOR</AddtlRmtInf></Strd></RmtInf><RltdDts><TxDtTm>2018-09-11T16:36:08</TxDtTm></RltdDts><AddtlTxInf>RP46599843313912001020180911826200026</AddtlTxInf></TxDtls><AddtlNtryInf>COMPLETE//0000//002//CREDIT</AddtlNtryInf></Ntry><Ntry><Amt Ccy="GBP">516.00</Amt><CdtDbtInd>CRDT</CdtDbtInd><Sts>BOOK</Sts><BookgDt><Dt>2018-09-11</Dt></BookgDt><BkTxCd><Prtry><Cd>SIP UKBA CR 40269</Cd></Prtry></BkTxCd><TxDtls><Refs><EndToEndId>NOREF</EndToEndId><TxId>FP18254O17062374</TxId></Refs><RltdPties><Dbtr><Nm>Mullett James</Nm></Dbtr><DbtrAcct><Id><PrtryAcct><Id>07043613513464</Id></PrtryAcct></Id></DbtrAcct><Cdtr><Nm>SHANNON MCAVOY</Nm></Cdtr><CdtrAcct><Id><PrtryAcct><Id>23008200245646</Id></PrtryAcct></Id></CdtrAcct><Prtry><Tp>LOAN</Tp><Pty/></Prtry></RltdPties><RmtInf><Strd><AddtlRmtInf>NO REF</AddtlRmtInf></Strd><Strd><AddtlRmtInf>Mullett James//LOAN</AddtlRmtInf></Strd></RmtInf><RltdDts><TxDtTm>2018-09-11T16:38:15</TxDtTm></RltdDts><AddtlTxInf>FP18254O17062374  1020180911826070436</AddtlTxInf></TxDtls><AddtlNtryInf>COMPLETE//0000//002//CREDIT</AddtlNtryInf></Ntry><Ntry><Amt Ccy="GBP">1422.46</Amt><CdtDbtInd>CRDT</CdtDbtInd><Sts>BOOK</Sts><BookgDt><Dt>2018-09-11</Dt></BookgDt><BkTxCd><Prtry><Cd>SIP UKBA CR 40269</Cd></Prtry></BkTxCd><TxDtls><Refs><EndToEndId>NOREF</EndToEndId><TxId>4327994284611190HN</TxId><Prtry><Tp>STO REF</Tp><Ref>0000</Ref></Prtry></Refs><RltdPties><Dbtr><Nm>SAINSBURYS SUPERMRKTS LTD FASTR PYM</Nm></Dbtr><DbtrAcct><Id><PrtryAcct><Id>40116091040499</Id></PrtryAcct></Id></DbtrAcct><Cdtr><Nm>1585422 MOHAMED</Nm></Cdtr><CdtrAcct><Id><PrtryAcct><Id>23008200411365</Id></PrtryAcct></Id></CdtrAcct></RltdPties><RmtInf><Strd><AddtlRmtInf>NO REF</AddtlRmtInf></Strd><Strd><AddtlRmtInf>SAINSBURYS SUPERMR//</AddtlRmtInf></Strd></RmtInf><RltdDts><TxDtTm>2018-09-11T16:48:25</TxDtTm></RltdDts><AddtlTxInf>4327994284611190HN1020180911826401160</AddtlTxInf></TxDtls><AddtlNtryInf>COMPLETE//0000//002//CREDIT</AddtlNtryInf></Ntry><Ntry><Amt Ccy="GBP">20.00</Amt><CdtDbtInd>CRDT</CdtDbtInd><Sts>BOOK</Sts><BookgDt><Dt>2018-09-11</Dt></BookgDt><BkTxCd><Prtry><Cd>DCA UKBA CR 40269</Cd></Prtry></BkTxCd><TxDtls><Refs><EndToEndId>NOREF</EndToEndId><TxId>000000013540014201</TxId><Prtry><Tp>STO REF</Tp><Ref>8207</Ref></Prtry></Refs><RltdPties><Dbtr><Nm>EVA AMBER DONKER</Nm></Dbtr><DbtrAcct><Id><PrtryAcct><Id>20035373152596</Id></PrtryAcct></Id></DbtrAcct><Cdtr><Nm>ANGELA FATTY</Nm></Cdtr><CdtrAcct><Id><PrtryAcct><Id>23008200437800</Id></PrtryAcct></Id></CdtrAcct><Prtry><Tp>ANGELA FATTY</Tp><Pty/></Prtry></RltdPties><RmtInf><Strd><AddtlRmtInf>NO REF</AddtlRmtInf></Strd><Strd><AddtlRmtInf>EVA AMBER DONKER//ANGELA FATTY</AddtlRmtInf></Strd></RmtInf><RltdDts><TxDtTm>2018-09-11T16:52:30</TxDtTm></RltdDts><AddtlTxInf>0000000135400142015020180911826200353</AddtlTxInf></TxDtls><AddtlNtryInf>COMPLETE//0000//002//CREDIT</AddtlNtryInf></Ntry><Ntry><Amt Ccy="GBP">5.00</Amt><CdtDbtInd>CRDT</CdtDbtInd><Sts>BOOK</Sts><BookgDt><Dt>2018-09-11</Dt></BookgDt><BkTxCd><Prtry><Cd>SIP UKBA CR 40269</Cd></Prtry></BkTxCd><TxDtls><Refs><EndToEndId>NOREF</EndToEndId><TxId>000000000127668207</TxId></Refs><RltdPties><Dbtr><Nm>MRS A J GAYNOR</Nm></Dbtr><DbtrAcct><Id><PrtryAcct><Id>08924910450844</Id></PrtryAcct></Id></DbtrAcct><Cdtr><Nm>OTFT23008200434493</Nm></Cdtr><CdtrAcct><Id><PrtryAcct><Id>23008200434493</Id></PrtryAcct></Id></CdtrAcct></RltdPties><RmtInf><Strd><AddtlRmtInf>NO REF</AddtlRmtInf></Strd><Strd><AddtlRmtInf>MRS A J GAYNOR//</AddtlRmtInf></Strd></RmtInf><RltdDts><TxDtTm>2018-09-11T16:58:43</TxDtTm></RltdDts><AddtlTxInf>0000000001276682071020180911826089249</AddtlTxInf></TxDtls><AddtlNtryInf>COMPLETE//0000//002//CREDIT</AddtlNtryInf></Ntry></Ntfctn></BkToCstmrDbtCdtNtfctnV01></Document>