<?xml version="1.0" encoding="UTF-8"?><Document xmlns:xsi="http://www.w3.org/2001/XMLSchema-instance" xmlns="urn:iso:std:iso:20022:tech:xsd:camt.054.001.01"><BkToCstmrDbtCdtNtfctnV01><GrpHdr><MsgId>80309K//13425</MsgId><CreDtTm>2018-09-28T02:00:00</CreDtTm></GrpHdr><Ntfctn><Id>80309K//13425//1</Id><CreDtTm>2018-09-28T02:00:00</CreDtTm><Acct><Id><PrtryAcct><Id>20594233939774</Id></PrtryAcct></Id><Ccy>GBP</Ccy></Acct><TxsSummry><TtlNtries><NbOfNtries>9</NbOfNtries><Sum>4231.62</Sum></TtlNtries><TtlCdtNtries><NbOfNtries>9</NbOfNtries><Sum>4231.62</Sum></TtlCdtNtries><TtlDbtNtries><NbOfNtries>0</NbOfNtries><Sum>0.00</Sum></TtlDbtNtries></TxsSummry><Ntry><Amt Ccy="GBP">5.00</Amt><CdtDbtInd>CRDT</CdtDbtInd><Sts>BOOK</Sts><BookgDt><Dt>2018-09-28</Dt></BookgDt><BkTxCd><Prtry><Cd>STO UKBA CR 40267</Cd></Prtry></BkTxCd><TxDtls><Refs><EndToEndId>NOREF</EndToEndId><TxId>RP4652485170317300</TxId></Refs><RltdPties><Dbtr><Nm>KNIGHT RA</Nm></Dbtr><DbtrAcct><Id><PrtryAcct><Id>20776240921149</Id></PrtryAcct></Id></DbtrAcct><Cdtr><Nm>ARRO</Nm></Cdtr><CdtrAcct><Id><PrtryAcct><Id>23008200012776</Id></PrtryAcct></Id></CdtrAcct><Prtry><Tp>706146</Tp><Pty/></Prtry></RltdPties><RmtInf><Strd><AddtlRmtInf>NO REF</AddtlRmtInf></Strd><Strd><AddtlRmtInf>KNIGHT RA//706146</AddtlRmtInf></Strd></RmtInf><RltdDts><TxDtTm>2018-09-28T01:34:53</TxDtTm></RltdDts><AddtlTxInf>RP46524851703173003020180928826200026</AddtlTxInf></TxDtls><AddtlNtryInf>COMPLETE//0000//003//CREDIT</AddtlNtryInf></Ntry><Ntry><Amt Ccy="GBP">1010.36</Amt><CdtDbtInd>CRDT</CdtDbtInd><Sts>BOOK</Sts><BookgDt><Dt>2018-09-28</Dt></BookgDt><BkTxCd><Prtry><Cd>FDP UKBA CR 40269</Cd></Prtry></BkTxCd><TxDtls><Refs><EndToEndId>NOREF</EndToEndId><TxId>RP4652984936144700</TxId></Refs><RltdPties><Dbtr><Nm>NIGHTINGALES LTD</Nm></Dbtr><DbtrAcct><Id><PrtryAcct><Id>20078923016226</Id></PrtryAcct></Id></DbtrAcct><Cdtr><Nm>KIRSTY T HUGHES</Nm></Cdtr><CdtrAcct><Id><PrtryAcct><Id>23008200304897</Id></PrtryAcct></Id></CdtrAcct><Prtry><Tp>NOK</Tp><Pty/></Prtry></RltdPties><RmtInf><Strd><AddtlRmtInf>NO REF</AddtlRmtInf></Strd><Strd><AddtlRmtInf>NIGHTINGALES LTD//NOK</AddtlRmtInf></Strd></RmtInf><RltdDts><TxDtTm>2018-09-28T01:35:37</TxDtTm></RltdDts><AddtlTxInf>RP46529849361447004020180928826200026</AddtlTxInf></TxDtls><AddtlNtryInf>COMPLETE//0000//003//CREDIT</AddtlNtryInf></Ntry><Ntry><Amt Ccy="GBP">1102.69</Amt><CdtDbtInd>CRDT</CdtDbtInd><Sts>BOOK</Sts><BookgDt><Dt>2018-09-28</Dt></BookgDt><BkTxCd><Prtry><Cd>FDP UKBA CR 40269</Cd></Prtry></BkTxCd><TxDtls><Refs><EndToEndId>NOREF</EndToEndId><TxId>RP4652984934555900</TxId></Refs><RltdPties><Dbtr><Nm>PC I C+C LTD SW</Nm></Dbtr><DbtrAcct><Id><PrtryAcct><Id>20698533283674</Id></PrtryAcct></Id></DbtrAcct><Cdtr><Nm>ROB TENNANT</Nm></Cdtr><CdtrAcct><Id><PrtryAcct><Id>23008200315885</Id></PrtryAcct></Id></CdtrAcct><Prtry><Tp>WAGES</Tp><Pty/></Prtry></RltdPties><RmtInf><Strd><AddtlRmtInf>NO REF</AddtlRmtInf></Strd><Strd><AddtlRmtInf>PC I C+C LTD SW//WAGES</AddtlRmtInf></Strd></RmtInf><RltdDts><TxDtTm>2018-09-28T01:37:00</TxDtTm></RltdDts><AddtlTxInf>RP46529849345559004020180928826200026</AddtlTxInf></TxDtls><AddtlNtryInf>COMPLETE//0000//003//CREDIT</AddtlNtryInf></Ntry><Ntry><Amt Ccy="GBP">187.44</Amt><CdtDbtInd>CRDT</CdtDbtInd><Sts>BOOK</Sts><BookgDt><Dt>2018-09-28</Dt></BookgDt><BkTxCd><Prtry><Cd>FDP UKBA CR 40269</Cd></Prtry></BkTxCd><TxDtls><Refs><EndToEndId>NOREF</EndToEndId><TxId>RP4652385186356800</TxId></Refs><RltdPties><Dbtr><Nm>BRAD T/AS NEW DE</Nm></Dbtr><DbtrAcct><Id><PrtryAcct><Id>20977870621617</Id></PrtryAcct></Id></DbtrAcct><Cdtr><Nm>DAWID BRZEZICKI</Nm></Cdtr><CdtrAcct><Id><PrtryAcct><Id>23008200023706</Id></PrtryAcct></Id></CdtrAcct><Prtry><Tp>WAGES</Tp><Pty/></Prtry></RltdPties><RmtInf><Strd><AddtlRmtInf>NO REF</AddtlRmtInf></Strd><Strd><AddtlRmtInf>BRAD T/AS NEW DE//WAGES</AddtlRmtInf></Strd></RmtInf><RltdDts><TxDtTm>2018-09-28T01:38:35</TxDtTm></RltdDts><AddtlTxInf>RP46523851863568004020180928826200026</AddtlTxInf></TxDtls><AddtlNtryInf>COMPLETE//0000//003//CREDIT</AddtlNtryInf></Ntry><Ntry><Amt Ccy="GBP">233.20</Amt><CdtDbtInd>CRDT</CdtDbtInd><Sts>BOOK</Sts><BookgDt><Dt>2018-09-28</Dt></BookgDt><BkTxCd><Prtry><Cd>STO UKBA CR 40267</Cd></Prtry></BkTxCd><TxDtls><Refs><EndToEndId>NOREF</EndToEndId><TxId>400000000397427417</TxId></Refs><RltdPties><Dbtr><Nm>MARKET 36 RECRUITM</Nm></Dbtr><DbtrAcct><Id><PrtryAcct><Id>30635730584968</Id></PrtryAcct></Id></DbtrAcct><Cdtr><Nm>S LOVE</Nm></Cdtr><CdtrAcct><Id><PrtryAcct><Id>23008200399546</Id></PrtryAcct></Id></CdtrAcct><Prtry><Tp>WAGES</Tp><Pty/></Prtry></RltdPties><RmtInf><Strd><AddtlRmtInf>NO REF</AddtlRmtInf></Strd><Strd><AddtlRmtInf>MARKET 36 RECRUITM//WAGES</AddtlRmtInf></Strd></RmtInf><RltdDts><TxDtTm>2018-09-28T01:40:10</TxDtTm></RltdDts><AddtlTxInf>4000000003974274173020180928826306357</AddtlTxInf></TxDtls><AddtlNtryInf>COMPLETE//0000//003//CREDIT</AddtlNtryInf></Ntry><Ntry><Amt Ccy="GBP">1238.93</Amt><CdtDbtInd>CRDT</CdtDbtInd><Sts>BOOK</Sts><BookgDt><Dt>2018-09-28</Dt></BookgDt><BkTxCd><Prtry><Cd>STO UKBA CR 40267</Cd></Prtry></BkTxCd><TxDtls><Refs><EndToEndId>NOREF</EndToEndId><TxId>300000000396302314</TxId></Refs><RltdPties><Dbtr><Nm>LOW COST CLEANING</Nm></Dbtr><DbtrAcct><Id><PrtryAcct><Id>30643733086860</Id></PrtryAcct></Id></DbtrAcct><Cdtr><Nm>E 206 OLIVEIRA</Nm></Cdtr><CdtrAcct><Id><PrtryAcct><Id>23008200115061</Id></PrtryAcct></Id></CdtrAcct><Prtry><Tp>LCCS LTD WAGES M6</Tp><Pty/></Prtry></RltdPties><RmtInf><Strd><AddtlRmtInf>NO REF</AddtlRmtInf></Strd><Strd><AddtlRmtInf>LOW COST CLEANING//LCCS LTD WAGES M6</AddtlRmtInf></Strd></RmtInf><RltdDts><TxDtTm>2018-09-28T01:50:07</TxDtTm></RltdDts><AddtlTxInf>3000000003963023143020180928826306437</AddtlTxInf></TxDtls><AddtlNtryInf>COMPLETE//0000//003//CREDIT</AddtlNtryInf></Ntry><Ntry><Amt Ccy="GBP">3.00</Amt><CdtDbtInd>CRDT</CdtDbtInd><Sts>BOOK</Sts><BookgDt><Dt>2018-09-28</Dt></BookgDt><BkTxCd><Prtry><Cd>DCA UKBA CR 40269</Cd></Prtry></BkTxCd><TxDtls><Refs><EndToEndId>NOREF</EndToEndId><TxId>000000013689530701</TxId><Prtry><Tp>STO REF</Tp><Ref>3459</Ref></Prtry></Refs><RltdPties><Dbtr><Nm>P DRAMADANOV</Nm></Dbtr><DbtrAcct><Id><PrtryAcct><Id>20035373152596</Id></PrtryAcct></Id></DbtrAcct><Cdtr><Nm>NIKOLA PENEV</Nm></Cdtr><CdtrAcct><Id><PrtryAcct><Id>23008200041580</Id></PrtryAcct></Id></CdtrAcct><Prtry><Tp>NIKOLA PENEV</Tp><Pty/></Prtry></RltdPties><RmtInf><Strd><AddtlRmtInf>NO REF</AddtlRmtInf></Strd><Strd><AddtlRmtInf>P DRAMADANOV//NIKOLA PENEV</AddtlRmtInf></Strd></RmtInf><RltdDts><TxDtTm>2018-09-28T01:51:34</TxDtTm></RltdDts><AddtlTxInf>0000000136895307015020180928826200353</AddtlTxInf></TxDtls><AddtlNtryInf>COMPLETE//0000//003//CREDIT</AddtlNtryInf></Ntry><Ntry><Amt Ccy="GBP">151.00</Amt><CdtDbtInd>CRDT</CdtDbtInd><Sts>BOOK</Sts><BookgDt><Dt>2018-09-28</Dt></BookgDt><BkTxCd><Prtry><Cd>DCA UKBA CR 40269</Cd></Prtry></BkTxCd><TxDtls><Refs><EndToEndId>NOREF</EndToEndId><TxId>000000013689532201</TxId><Prtry><Tp>STO REF</Tp><Ref>4265</Ref></Prtry></Refs><RltdPties><Dbtr><Nm>K OJEIKHOAH</Nm></Dbtr><DbtrAcct><Id><PrtryAcct><Id>20035373152596</Id></PrtryAcct></Id></DbtrAcct><Cdtr><Nm>ARRO OJEIKHOAH</Nm></Cdtr><CdtrAcct><Id><PrtryAcct><Id>23008200349768</Id></PrtryAcct></Id></CdtrAcct><Prtry><Tp>ARRO OJEIKHOAH</Tp><Pty/></Prtry></RltdPties><RmtInf><Strd><AddtlRmtInf>NO REF</AddtlRmtInf></Strd><Strd><AddtlRmtInf>K OJEIKHOAH//ARRO OJEIKHOAH</AddtlRmtInf></Strd></RmtInf><RltdDts><TxDtTm>2018-09-28T01:51:34</TxDtTm></RltdDts><AddtlTxInf>0000000136895322015020180928826200353</AddtlTxInf></TxDtls><AddtlNtryInf>COMPLETE//0000//003//CREDIT</AddtlNtryInf></Ntry><Ntry><Amt Ccy="GBP">300.00</Amt><CdtDbtInd>CRDT</CdtDbtInd><Sts>BOOK</Sts><BookgDt><Dt>2018-09-28</Dt></BookgDt><BkTxCd><Prtry><Cd>STO UKBA CR 40267</Cd></Prtry></BkTxCd><TxDtls><Refs><EndToEndId>NOREF</EndToEndId><TxId>RP4672264718149300</TxId></Refs><RltdPties><Dbtr><Nm>DIGSWELL LAKE SO</Nm></Dbtr><DbtrAcct><Id><PrtryAcct><Id>20925410308013</Id></PrtryAcct></Id></DbtrAcct><Cdtr><Nm>COLLEGE VALLEY AND</Nm></Cdtr><CdtrAcct><Id><PrtryAcct><Id>23008200001127</Id></PrtryAcct></Id></CdtrAcct><Prtry><Tp>CVNNH SUBSCRIPTION</Tp><Pty/></Prtry></RltdPties><RmtInf><Strd><AddtlRmtInf>NO REF</AddtlRmtInf></Strd><Strd><AddtlRmtInf>DIGSWELL LAKE SO//CVNNH SUBSCRIPTION</AddtlRmtInf></Strd></RmtInf><RltdDts><TxDtTm>2018-09-28T01:54:34</TxDtTm></RltdDts><AddtlTxInf>RP46722647181493003020180928826200026</AddtlTxInf></TxDtls><AddtlNtryInf>COMPLETE//0000//003//CREDIT</AddtlNtryInf></Ntry></Ntfctn></BkToCstmrDbtCdtNtfctnV01></Document>