<?xml version="1.0" encoding="UTF-8"?><Document xmlns:xsi="http://www.w3.org/2001/XMLSchema-instance" xmlns="urn:iso:std:iso:20022:tech:xsd:camt.054.001.01"><BkToCstmrDbtCdtNtfctnV01><GrpHdr><MsgId>80309K//12394</MsgId><CreDtTm>2018-09-04T05:30:00</CreDtTm></GrpHdr><Ntfctn><Id>80309K//12394//1</Id><CreDtTm>2018-09-04T05:30:00</CreDtTm><Acct><Id><PrtryAcct><Id>20594233939774</Id></PrtryAcct></Id><Ccy>GBP</Ccy></Acct><TxsSummry><TtlNtries><NbOfNtries>2</NbOfNtries><Sum>505.00</Sum></TtlNtries><TtlCdtNtries><NbOfNtries>2</NbOfNtries><Sum>505.00</Sum></TtlCdtNtries><TtlDbtNtries><NbOfNtries>0</NbOfNtries><Sum>0.00</Sum></TtlDbtNtries></TxsSummry><Ntry><Amt Ccy="GBP">400.00</Amt><CdtDbtInd>CRDT</CdtDbtInd><Sts>BOOK</Sts><BookgDt><Dt>2018-09-04</Dt></BookgDt><BkTxCd><Prtry><Cd>SIP UKBA CR 40269</Cd></Prtry></BkTxCd><TxDtls><Refs><EndToEndId>SPEF180903003011</EndToEndId><TxId>500000000385777795</TxId></Refs><RltdPties><Dbtr><Nm>Derrykeeran</Nm></Dbtr><DbtrAcct><Id><PrtryAcct><Id>90235442993063</Id></PrtryAcct></Id></DbtrAcct><Cdtr><Nm>E  Tanasie</Nm></Cdtr><CdtrAcct><Id><PrtryAcct><Id>23008200366794</Id></PrtryAcct></Id></CdtrAcct><Prtry><Tp>Derrykeeran</Tp><Pty/></Prtry></RltdPties><RmtInf><Strd><AddtlRmtInf>Derrykeeran</AddtlRmtInf></Strd><Strd><AddtlRmtInf>Derrykeeran//Derrykeeran</AddtlRmtInf></Strd></RmtInf><RltdDts><TxDtTm>2018-09-04T05:03:31</TxDtTm></RltdDts><AddtlTxInf>5000000003857777951020180904826309634</AddtlTxInf></TxDtls><AddtlNtryInf>COMPLETE//0000//003//CREDIT</AddtlNtryInf></Ntry><Ntry><Amt Ccy="GBP">105.00</Amt><CdtDbtInd>CRDT</CdtDbtInd><Sts>BOOK</Sts><BookgDt><Dt>2018-09-04</Dt></BookgDt><BkTxCd><Prtry><Cd>SIP UKBA CR 40269</Cd></Prtry></BkTxCd><TxDtls><Refs><EndToEndId>00154189632BCBFLSR</EndToEndId><TxId>00154189632BCBFLSR</TxId></Refs><RltdPties><Dbtr><Nm>QUEEN SHODA</Nm></Dbtr><DbtrAcct><Id><PrtryAcct><Id>09012908357979</Id></PrtryAcct></Id></DbtrAcct><Cdtr><Nm>CLASSIC DIFFEREN</Nm></Cdtr><CdtrAcct><Id><PrtryAcct><Id>23008200042452</Id></PrtryAcct></Id></CdtrAcct><Prtry><Tp>Event</Tp><Pty/></Prtry></RltdPties><RmtInf><Strd><AddtlRmtInf>NO REF</AddtlRmtInf></Strd><Strd><AddtlRmtInf>QUEEN SHODA//Event</AddtlRmtInf></Strd></RmtInf><RltdDts><TxDtTm>2018-09-04T05:07:44</TxDtTm></RltdDts><AddtlTxInf>00154189632BCBFLSR1020180904826090129</AddtlTxInf></TxDtls><AddtlNtryInf>COMPLETE//0000//003//CREDIT</AddtlNtryInf></Ntry></Ntfctn></BkToCstmrDbtCdtNtfctnV01></Document>