<?xml version="1.0" encoding="UTF-8"?><Document xmlns:xsi="http://www.w3.org/2001/XMLSchema-instance" xmlns="urn:iso:std:iso:20022:tech:xsd:camt.054.001.01"><BkToCstmrDbtCdtNtfctnV01><GrpHdr><MsgId>80309K//13340</MsgId><CreDtTm>2018-09-26T03:00:00</CreDtTm></GrpHdr><Ntfctn><Id>80309K//13340//1</Id><CreDtTm>2018-09-26T03:00:00</CreDtTm><Acct><Id><PrtryAcct><Id>20594233939774</Id></PrtryAcct></Id><Ccy>GBP</Ccy></Acct><TxsSummry><TtlNtries><NbOfNtries>2</NbOfNtries><Sum>3465.49</Sum></TtlNtries><TtlCdtNtries><NbOfNtries>2</NbOfNtries><Sum>3465.49</Sum></TtlCdtNtries><TtlDbtNtries><NbOfNtries>0</NbOfNtries><Sum>0.00</Sum></TtlDbtNtries></TxsSummry><Ntry><Amt Ccy="GBP">2465.49</Amt><CdtDbtInd>CRDT</CdtDbtInd><Sts>BOOK</Sts><BookgDt><Dt>2018-09-26</Dt></BookgDt><BkTxCd><Prtry><Cd>FDP UKBA CR 40269</Cd></Prtry></BkTxCd><TxDtls><Refs><EndToEndId>NOREF</EndToEndId><TxId>30023035162852000R</TxId><Prtry><Tp>STO REF</Tp><Ref>0000</Ref></Prtry></Refs><RltdPties><Dbtr><Nm>HPR (UK) LIMITED</Nm></Dbtr><DbtrAcct><Id><PrtryAcct><Id>83153100756548</Id></PrtryAcct></Id></DbtrAcct><Cdtr><Nm>THEHYDCONSULT LTD</Nm></Cdtr><CdtrAcct><Id><PrtryAcct><Id>23008200035309</Id></PrtryAcct></Id></CdtrAcct><Prtry><Tp>HPR UK</Tp><Pty/></Prtry></RltdPties><RmtInf><Strd><AddtlRmtInf>HPR UK</AddtlRmtInf></Strd><Strd><AddtlRmtInf>HPR (UK) LIMITED//HPR UK</AddtlRmtInf></Strd></RmtInf><RltdDts><TxDtTm>2018-09-26T02:42:12</TxDtTm></RltdDts><AddtlTxInf>30023035162852000R4020180926826831531</AddtlTxInf></TxDtls><AddtlNtryInf>COMPLETE//0000//003//CREDIT</AddtlNtryInf></Ntry><Ntry><Amt Ccy="GBP">1000.00</Amt><CdtDbtInd>CRDT</CdtDbtInd><Sts>BOOK</Sts><BookgDt><Dt>2018-09-26</Dt></BookgDt><BkTxCd><Prtry><Cd>FDP UKBA CR 40269</Cd></Prtry></BkTxCd><TxDtls><Refs><EndToEndId>NOREF</EndToEndId><TxId>27023359191491000N</TxId><Prtry><Tp>STO REF</Tp><Ref>0000</Ref></Prtry></Refs><RltdPties><Dbtr><Nm>ECS RESOURCE GROUP</Nm></Dbtr><DbtrAcct><Id><PrtryAcct><Id>60023567192718</Id></PrtryAcct></Id></DbtrAcct><Cdtr><Nm>BADICOM INT LIMITE</Nm></Cdtr><CdtrAcct><Id><PrtryAcct><Id>23008200033507</Id></PrtryAcct></Id></CdtrAcct><Prtry><Tp>ECS-240918152329</Tp><Pty/></Prtry></RltdPties><RmtInf><Strd><AddtlRmtInf>ECS-240918152329</AddtlRmtInf></Strd><Strd><AddtlRmtInf>ECS RESOURCE GROUP//ECS-240918152329</AddtlRmtInf></Strd></RmtInf><RltdDts><TxDtTm>2018-09-26T02:47:52</TxDtTm></RltdDts><AddtlTxInf>27023359191491000N4020180926826600235</AddtlTxInf></TxDtls><AddtlNtryInf>COMPLETE//0000//003//CREDIT</AddtlNtryInf></Ntry></Ntfctn></BkToCstmrDbtCdtNtfctnV01></Document>