<?xml version="1.0" encoding="UTF-8"?><Document xmlns:xsi="http://www.w3.org/2001/XMLSchema-instance" xmlns="urn:iso:std:iso:20022:tech:xsd:camt.054.001.01"><BkToCstmrDbtCdtNtfctnV01><GrpHdr><MsgId>80309K//12680</MsgId><CreDtTm>2018-09-10T19:30:00</CreDtTm></GrpHdr><Ntfctn><Id>80309K//12680//1</Id><CreDtTm>2018-09-10T19:30:00</CreDtTm><Acct><Id><PrtryAcct><Id>20594233939774</Id></PrtryAcct></Id><Ccy>GBP</Ccy></Acct><TxsSummry><TtlNtries><NbOfNtries>10</NbOfNtries><Sum>21626.32</Sum></TtlNtries><TtlCdtNtries><NbOfNtries>6</NbOfNtries><Sum>544.46</Sum></TtlCdtNtries><TtlDbtNtries><NbOfNtries>4</NbOfNtries><Sum>21081.86</Sum></TtlDbtNtries></TxsSummry><Ntry><Amt Ccy="GBP">4857.82</Amt><CdtDbtInd>DBIT</CdtDbtInd><Sts>BOOK</Sts><BookgDt><Dt>2018-09-11</Dt></BookgDt><BkTxCd><Prtry><Cd>AUT UKBA DR 30278</Cd></Prtry></BkTxCd><TxDtls><Refs><TxId>000000000336021700</TxId></Refs><RltdPties><DbtrAcct><Id><PrtryAcct><Id>20594233939774</Id></PrtryAcct></Id></DbtrAcct></RltdPties><RmtInf><Strd><AddtlRmtInf>NO REF</AddtlRmtInf></Strd><Strd><AddtlRmtInf>20180910A44639//7S      F1TGMBB779</AddtlRmtInf></Strd></RmtInf><RltdDts><TxDtTm>2018-09-10T19:01:43</TxDtTm></RltdDts><AddtlTxInf>0000000003360217000020180910826205942</AddtlTxInf></TxDtls><AddtlNtryInf>AUTHSENT//0000//003//DEBIT</AddtlNtryInf></Ntry><Ntry><Amt Ccy="GBP">6965.50</Amt><CdtDbtInd>DBIT</CdtDbtInd><Sts>BOOK</Sts><BookgDt><Dt>2018-09-11</Dt></BookgDt><BkTxCd><Prtry><Cd>AUT UKBA DR 30278</Cd></Prtry></BkTxCd><TxDtls><Refs><TxId>000000000336021900</TxId></Refs><RltdPties><DbtrAcct><Id><PrtryAcct><Id>20594233939774</Id></PrtryAcct></Id></DbtrAcct></RltdPties><RmtInf><Strd><AddtlRmtInf>NO REF</AddtlRmtInf></Strd><Strd><AddtlRmtInf>20180910A44639//7S      F1TGM9D777</AddtlRmtInf></Strd></RmtInf><RltdDts><TxDtTm>2018-09-10T19:01:53</TxDtTm></RltdDts><AddtlTxInf>0000000003360219000020180910826205942</AddtlTxInf></TxDtls><AddtlNtryInf>AUTHSENT//0000//003//DEBIT</AddtlNtryInf></Ntry><Ntry><Amt Ccy="GBP">8321.86</Amt><CdtDbtInd>DBIT</CdtDbtInd><Sts>BOOK</Sts><BookgDt><Dt>2018-09-11</Dt></BookgDt><BkTxCd><Prtry><Cd>AUT UKBA DR 30278</Cd></Prtry></BkTxCd><TxDtls><Refs><TxId>000000000336022000</TxId></Refs><RltdPties><DbtrAcct><Id><PrtryAcct><Id>20594233939774</Id></PrtryAcct></Id></DbtrAcct></RltdPties><RmtInf><Strd><AddtlRmtInf>NO REF</AddtlRmtInf></Strd><Strd><AddtlRmtInf>20180910A44639//7S      F1TGGJI775</AddtlRmtInf></Strd></RmtInf><RltdDts><TxDtTm>2018-09-10T19:01:59</TxDtTm></RltdDts><AddtlTxInf>0000000003360220000020180910826205942</AddtlTxInf></TxDtls><AddtlNtryInf>AUTHSENT//0000//003//DEBIT</AddtlNtryInf></Ntry><Ntry><Amt Ccy="GBP">10.00</Amt><CdtDbtInd>CRDT</CdtDbtInd><Sts>BOOK</Sts><BookgDt><Dt>2018-09-11</Dt></BookgDt><BkTxCd><Prtry><Cd>DCA UKBA CR 40269</Cd></Prtry></BkTxCd><TxDtls><Refs><EndToEndId>NOREF</EndToEndId><TxId>000000013526309401</TxId><Prtry><Tp>STO REF</Tp><Ref>0000</Ref></Prtry></Refs><RltdPties><Dbtr><Nm>23008200419809</Nm></Dbtr><DbtrAcct><Id><PrtryAcct><Id>20594233939774</Id></PrtryAcct></Id></DbtrAcct><Cdtr><Nm>ANDY GOULDING</Nm></Cdtr><CdtrAcct><Id><PrtryAcct><Id>23008200434718</Id></PrtryAcct></Id></CdtrAcct></RltdPties><RmtInf><Strd><AddtlRmtInf>NO REF</AddtlRmtInf></Strd><Strd><AddtlRmtInf>23008200419809//</AddtlRmtInf></Strd></RmtInf><RltdDts><TxDtTm>2018-09-10T19:02:02</TxDtTm></RltdDts><AddtlTxInf>0000000135263094015020180910826205942</AddtlTxInf></TxDtls><AddtlNtryInf>COMPLETE//0000//003//CREDIT</AddtlNtryInf></Ntry><Ntry><Amt Ccy="GBP">20.96</Amt><CdtDbtInd>CRDT</CdtDbtInd><Sts>BOOK</Sts><BookgDt><Dt>2018-09-11</Dt></BookgDt><BkTxCd><Prtry><Cd>DCA UKBA CR 40269</Cd></Prtry></BkTxCd><TxDtls><Refs><EndToEndId>NOREF</EndToEndId><TxId>000000013526309801</TxId><Prtry><Tp>STO REF</Tp><Ref>0000</Ref></Prtry></Refs><RltdPties><Dbtr><Nm>23008200419809</Nm></Dbtr><DbtrAcct><Id><PrtryAcct><Id>20594233939774</Id></PrtryAcct></Id></DbtrAcct><Cdtr><Nm>DARREN WILLIAMS</Nm></Cdtr><CdtrAcct><Id><PrtryAcct><Id>23008200436650</Id></PrtryAcct></Id></CdtrAcct></RltdPties><RmtInf><Strd><AddtlRmtInf>NO REF</AddtlRmtInf></Strd><Strd><AddtlRmtInf>23008200419809//</AddtlRmtInf></Strd></RmtInf><RltdDts><TxDtTm>2018-09-10T19:02:02</TxDtTm></RltdDts><AddtlTxInf>0000000135263098015020180910826205942</AddtlTxInf></TxDtls><AddtlNtryInf>COMPLETE//0000//003//CREDIT</AddtlNtryInf></Ntry><Ntry><Amt Ccy="GBP">10.00</Amt><CdtDbtInd>CRDT</CdtDbtInd><Sts>BOOK</Sts><BookgDt><Dt>2018-09-11</Dt></BookgDt><BkTxCd><Prtry><Cd>DCA UKBA CR 40269</Cd></Prtry></BkTxCd><TxDtls><Refs><EndToEndId>NOREF</EndToEndId><TxId>000000013526309301</TxId><Prtry><Tp>STO REF</Tp><Ref>0000</Ref></Prtry></Refs><RltdPties><Dbtr><Nm>23008200419809</Nm></Dbtr><DbtrAcct><Id><PrtryAcct><Id>20594233939774</Id></PrtryAcct></Id></DbtrAcct><Cdtr><Nm>JULIE DOMMETT</Nm></Cdtr><CdtrAcct><Id><PrtryAcct><Id>23008200434652</Id></PrtryAcct></Id></CdtrAcct></RltdPties><RmtInf><Strd><AddtlRmtInf>NO REF</AddtlRmtInf></Strd><Strd><AddtlRmtInf>23008200419809//</AddtlRmtInf></Strd></RmtInf><RltdDts><TxDtTm>2018-09-10T19:02:02</TxDtTm></RltdDts><AddtlTxInf>0000000135263093015020180910826205942</AddtlTxInf></TxDtls><AddtlNtryInf>COMPLETE//0000//003//CREDIT</AddtlNtryInf></Ntry><Ntry><Amt Ccy="GBP">936.68</Amt><CdtDbtInd>DBIT</CdtDbtInd><Sts>BOOK</Sts><BookgDt><Dt>2018-09-11</Dt></BookgDt><BkTxCd><Prtry><Cd>AUT UKBA DR 30278</Cd></Prtry></BkTxCd><TxDtls><Refs><TxId>000000000336022100</TxId></Refs><RltdPties><DbtrAcct><Id><PrtryAcct><Id>20594233939774</Id></PrtryAcct></Id></DbtrAcct></RltdPties><RmtInf><Strd><AddtlRmtInf>NO REF</AddtlRmtInf></Strd><Strd><AddtlRmtInf>20180910A44639//7S      F1TGFVJ773</AddtlRmtInf></Strd></RmtInf><RltdDts><TxDtTm>2018-09-10T19:02:04</TxDtTm></RltdDts><AddtlTxInf>0000000003360221000020180910826205942</AddtlTxInf></TxDtls><AddtlNtryInf>AUTHSENT//0000//003//DEBIT</AddtlNtryInf></Ntry><Ntry><Amt Ccy="GBP">3.50</Amt><CdtDbtInd>CRDT</CdtDbtInd><Sts>BOOK</Sts><BookgDt><Dt>2018-09-11</Dt></BookgDt><BkTxCd><Prtry><Cd>SIP UKBA CR 40269</Cd></Prtry></BkTxCd><TxDtls><Refs><EndToEndId>00151144632BBJHPGZ</EndToEndId><TxId>00151144632BBJHPGZ</TxId></Refs><RltdPties><Dbtr><Nm>GEMMA HUMPHREYS</Nm></Dbtr><DbtrAcct><Id><PrtryAcct><Id>09012749505320</Id></PrtryAcct></Id></DbtrAcct><Cdtr><Nm>LEE EATLY</Nm></Cdtr><CdtrAcct><Id><PrtryAcct><Id>23008200207228</Id></PrtryAcct></Id></CdtrAcct><Prtry><Tp>bus</Tp><Pty/></Prtry></RltdPties><RmtInf><Strd><AddtlRmtInf>NO REF</AddtlRmtInf></Strd><Strd><AddtlRmtInf>GEMMA HUMPHREYS//bus</AddtlRmtInf></Strd></RmtInf><RltdDts><TxDtTm>2018-09-10T19:03:04</TxDtTm></RltdDts><AddtlTxInf>00151144632BBJHPGZ1020180910826090127</AddtlTxInf></TxDtls><AddtlNtryInf>COMPLETE//0000//003//CREDIT</AddtlNtryInf></Ntry><Ntry><Amt Ccy="GBP">50.00</Amt><CdtDbtInd>CRDT</CdtDbtInd><Sts>BOOK</Sts><BookgDt><Dt>2018-09-11</Dt></BookgDt><BkTxCd><Prtry><Cd>SIP UKBA CR 40269</Cd></Prtry></BkTxCd><TxDtls><Refs><EndToEndId>45474945Refund</EndToEndId><TxId>TW0000000039679052</TxId></Refs><RltdPties><Dbtr><Nm>Transferwise Ltd</Nm><PstlAdr><AdrLine>56 Shoreditch High Street;London;</AdrLine><AdrLine>E1 6JJ;GB</AdrLine><Ctry/></PstlAdr></Dbtr><DbtrAcct><Id><PrtryAcct><Id>23147077752332</Id></PrtryAcct></Id></DbtrAcct><Cdtr><Nm>Mrs Charlotte Botting</Nm></Cdtr><CdtrAcct><Id><PrtryAcct><Id>23008200323543</Id></PrtryAcct></Id></CdtrAcct><Prtry><Tp>45474945Refund</Tp><Pty/></Prtry></RltdPties><RmtInf><Strd><AddtlRmtInf>NO REF</AddtlRmtInf></Strd><Strd><AddtlRmtInf>Transferwise Ltd//45474945Refund</AddtlRmtInf></Strd></RmtInf><RltdDts><TxDtTm>2018-09-10T19:14:49</TxDtTm></RltdDts><AddtlTxInf>TW00000000396790521020180910826231470</AddtlTxInf></TxDtls><AddtlNtryInf>COMPLETE//0000//003//CREDIT</AddtlNtryInf></Ntry><Ntry><Amt Ccy="GBP">450.00</Amt><CdtDbtInd>CRDT</CdtDbtInd><Sts>BOOK</Sts><BookgDt><Dt>2018-09-11</Dt></BookgDt><BkTxCd><Prtry><Cd>SIP UKBA CR 40269</Cd></Prtry></BkTxCd><TxDtls><Refs><EndToEndId>NOREF</EndToEndId><TxId>RP4659984273657200</TxId></Refs><RltdPties><Dbtr><Nm>BRADE O K</Nm></Dbtr><DbtrAcct><Id><PrtryAcct><Id>20090343702863</Id></PrtryAcct></Id></DbtrAcct><Cdtr><Nm>WAHEED ADEBAYO</Nm></Cdtr><CdtrAcct><Id><PrtryAcct><Id>23008200003466</Id></PrtryAcct></Id></CdtrAcct><Prtry><Tp>BUSINESS</Tp><Pty/></Prtry></RltdPties><RmtInf><Strd><AddtlRmtInf>NO REF</AddtlRmtInf></Strd><Strd><AddtlRmtInf>BRADE O K//BUSINESS</AddtlRmtInf></Strd></RmtInf><RltdDts><TxDtTm>2018-09-10T19:25:03</TxDtTm></RltdDts><AddtlTxInf>RP46599842736572001020180910826200026</AddtlTxInf></TxDtls><AddtlNtryInf>COMPLETE//0000//003//CREDIT</AddtlNtryInf></Ntry></Ntfctn></BkToCstmrDbtCdtNtfctnV01></Document>