<?xml version="1.0" encoding="UTF-8"?><Document xmlns:xsi="http://www.w3.org/2001/XMLSchema-instance" xmlns="urn:iso:std:iso:20022:tech:xsd:camt.054.001.01"><BkToCstmrDbtCdtNtfctnV01><GrpHdr><MsgId>80309K//12585</MsgId><CreDtTm>2018-09-08T11:30:00</CreDtTm></GrpHdr><Ntfctn><Id>80309K//12585//1</Id><CreDtTm>2018-09-08T11:30:00</CreDtTm><Acct><Id><PrtryAcct><Id>20594233939774</Id></PrtryAcct></Id><Ccy>GBP</Ccy></Acct><TxsSummry><TtlNtries><NbOfNtries>14</NbOfNtries><Sum>6225.20</Sum></TtlNtries><TtlCdtNtries><NbOfNtries>10</NbOfNtries><Sum>664.20</Sum></TtlCdtNtries><TtlDbtNtries><NbOfNtries>4</NbOfNtries><Sum>5561.00</Sum></TtlDbtNtries></TxsSummry><Ntry><Amt Ccy="GBP">1173.00</Amt><CdtDbtInd>DBIT</CdtDbtInd><Sts>BOOK</Sts><BookgDt><Dt>2018-09-10</Dt></BookgDt><BkTxCd><Prtry><Cd>AUT UKBA DR 30278</Cd></Prtry></BkTxCd><TxDtls><Refs><TxId>000000000335770800</TxId></Refs><RltdPties><DbtrAcct><Id><PrtryAcct><Id>20594233939774</Id></PrtryAcct></Id></DbtrAcct></RltdPties><RmtInf><Strd><AddtlRmtInf>NO REF</AddtlRmtInf></Strd><Strd><AddtlRmtInf>20180908A44639//7S      F121P69467</AddtlRmtInf></Strd></RmtInf><RltdDts><TxDtTm>2018-09-08T11:01:30</TxDtTm></RltdDts><AddtlTxInf>0000000003357708000020180908826205942</AddtlTxInf></TxDtls><AddtlNtryInf>AUTHSENT//0000//003//DEBIT</AddtlNtryInf></Ntry><Ntry><Amt Ccy="GBP">2100.00</Amt><CdtDbtInd>DBIT</CdtDbtInd><Sts>BOOK</Sts><BookgDt><Dt>2018-09-10</Dt></BookgDt><BkTxCd><Prtry><Cd>AUT UKBA DR 30278</Cd></Prtry></BkTxCd><TxDtls><Refs><TxId>000000000335771000</TxId></Refs><RltdPties><DbtrAcct><Id><PrtryAcct><Id>20594233939774</Id></PrtryAcct></Id></DbtrAcct></RltdPties><RmtInf><Strd><AddtlRmtInf>NO REF</AddtlRmtInf></Strd><Strd><AddtlRmtInf>20180908A44639//7S      F121P4B465</AddtlRmtInf></Strd></RmtInf><RltdDts><TxDtTm>2018-09-08T11:01:40</TxDtTm></RltdDts><AddtlTxInf>0000000003357710000020180908826205942</AddtlTxInf></TxDtls><AddtlNtryInf>AUTHSENT//0000//003//DEBIT</AddtlNtryInf></Ntry><Ntry><Amt Ccy="GBP">1488.00</Amt><CdtDbtInd>DBIT</CdtDbtInd><Sts>BOOK</Sts><BookgDt><Dt>2018-09-10</Dt></BookgDt><BkTxCd><Prtry><Cd>AUT UKBA DR 30278</Cd></Prtry></BkTxCd><TxDtls><Refs><TxId>000000000335771100</TxId></Refs><RltdPties><DbtrAcct><Id><PrtryAcct><Id>20594233939774</Id></PrtryAcct></Id></DbtrAcct></RltdPties><RmtInf><Strd><AddtlRmtInf>NO REF</AddtlRmtInf></Strd><Strd><AddtlRmtInf>20180908A44639//7S      F121JS5463</AddtlRmtInf></Strd></RmtInf><RltdDts><TxDtTm>2018-09-08T11:01:46</TxDtTm></RltdDts><AddtlTxInf>0000000003357711000020180908826205942</AddtlTxInf></TxDtls><AddtlNtryInf>AUTHSENT//0000//003//DEBIT</AddtlNtryInf></Ntry><Ntry><Amt Ccy="GBP">15.00</Amt><CdtDbtInd>CRDT</CdtDbtInd><Sts>BOOK</Sts><BookgDt><Dt>2018-09-10</Dt></BookgDt><BkTxCd><Prtry><Cd>DCA UKBA CR 40269</Cd></Prtry></BkTxCd><TxDtls><Refs><EndToEndId>NOREF</EndToEndId><TxId>000000013512863901</TxId><Prtry><Tp>STO REF</Tp><Ref>0000</Ref></Prtry></Refs><RltdPties><Dbtr><Nm>23008200327703</Nm></Dbtr><DbtrAcct><Id><PrtryAcct><Id>20594233939774</Id></PrtryAcct></Id></DbtrAcct><Cdtr><Nm>NERIJUS KOKAITIS</Nm></Cdtr><CdtrAcct><Id><PrtryAcct><Id>23008200179527</Id></PrtryAcct></Id></CdtrAcct><Prtry><Tp>AGNE</Tp><Pty/></Prtry></RltdPties><RmtInf><Strd><AddtlRmtInf>NO REF</AddtlRmtInf></Strd><Strd><AddtlRmtInf>23008200327703//AGNE</AddtlRmtInf></Strd></RmtInf><RltdDts><TxDtTm>2018-09-08T11:01:49</TxDtTm></RltdDts><AddtlTxInf>0000000135128639015020180908826205942</AddtlTxInf></TxDtls><AddtlNtryInf>COMPLETE//0000//003//CREDIT</AddtlNtryInf></Ntry><Ntry><Amt Ccy="GBP">800.00</Amt><CdtDbtInd>DBIT</CdtDbtInd><Sts>BOOK</Sts><BookgDt><Dt>2018-09-10</Dt></BookgDt><BkTxCd><Prtry><Cd>AUT UKBA DR 30278</Cd></Prtry></BkTxCd><TxDtls><Refs><TxId>000000000335771200</TxId></Refs><RltdPties><DbtrAcct><Id><PrtryAcct><Id>20594233939774</Id></PrtryAcct></Id></DbtrAcct></RltdPties><RmtInf><Strd><AddtlRmtInf>NO REF</AddtlRmtInf></Strd><Strd><AddtlRmtInf>20180908A44639//7S      F121JR5461</AddtlRmtInf></Strd></RmtInf><RltdDts><TxDtTm>2018-09-08T11:01:54</TxDtTm></RltdDts><AddtlTxInf>0000000003357712000020180908826205942</AddtlTxInf></TxDtls><AddtlNtryInf>AUTHSENT//0000//003//DEBIT</AddtlNtryInf></Ntry><Ntry><Amt Ccy="GBP">4.00</Amt><CdtDbtInd>CRDT</CdtDbtInd><Sts>BOOK</Sts><BookgDt><Dt>2018-09-10</Dt></BookgDt><BkTxCd><Prtry><Cd>SIP UKBA CR 40269</Cd></Prtry></BkTxCd><TxDtls><Refs><EndToEndId>NOREF</EndToEndId><TxId>400000000391874895</TxId></Refs><RltdPties><Dbtr><Nm>L Wiggan</Nm></Dbtr><DbtrAcct><Id><PrtryAcct><Id>11086301717718</Id></PrtryAcct></Id></DbtrAcct><Cdtr><Nm>LORNAWIGGAN</Nm></Cdtr><CdtrAcct><Id><PrtryAcct><Id>23008200133361</Id></PrtryAcct></Id></CdtrAcct><Prtry><Tp>HOLIDAY SPENDS</Tp><Pty/></Prtry></RltdPties><RmtInf><Strd><AddtlRmtInf>NO REF</AddtlRmtInf></Strd><Strd><AddtlRmtInf>L Wiggan//HOLIDAY SPENDS</AddtlRmtInf></Strd></RmtInf><RltdDts><TxDtTm>2018-09-08T11:04:05</TxDtTm></RltdDts><AddtlTxInf>4000000003918748951020180908826110863</AddtlTxInf></TxDtls><AddtlNtryInf>COMPLETE//0000//003//CREDIT</AddtlNtryInf></Ntry><Ntry><Amt Ccy="GBP">160.00</Amt><CdtDbtInd>CRDT</CdtDbtInd><Sts>BOOK</Sts><BookgDt><Dt>2018-09-10</Dt></BookgDt><BkTxCd><Prtry><Cd>SIP UKBA CR 40269</Cd></Prtry></BkTxCd><TxDtls><Refs><EndToEndId>NOREF</EndToEndId><TxId>400000000391875891</TxId></Refs><RltdPties><Dbtr><Nm>B Fisher</Nm></Dbtr><DbtrAcct><Id><PrtryAcct><Id>30965200662711</Id></PrtryAcct></Id></DbtrAcct><Cdtr><Nm>GRAHAM AMESTOY</Nm></Cdtr><CdtrAcct><Id><PrtryAcct><Id>23008200360959</Id></PrtryAcct></Id></CdtrAcct><Prtry><Tp>Garage</Tp><Pty/></Prtry></RltdPties><RmtInf><Strd><AddtlRmtInf>NO REF</AddtlRmtInf></Strd><Strd><AddtlRmtInf>B Fisher//Garage</AddtlRmtInf></Strd></RmtInf><RltdDts><TxDtTm>2018-09-08T11:08:26</TxDtTm></RltdDts><AddtlTxInf>4000000003918758911020180908826309652</AddtlTxInf></TxDtls><AddtlNtryInf>COMPLETE//0000//003//CREDIT</AddtlNtryInf></Ntry><Ntry><Amt Ccy="GBP">60.00</Amt><CdtDbtInd>CRDT</CdtDbtInd><Sts>BOOK</Sts><BookgDt><Dt>2018-09-10</Dt></BookgDt><BkTxCd><Prtry><Cd>SIP UKBA CR 40269</Cd></Prtry></BkTxCd><TxDtls><Refs><EndToEndId>ADE</EndToEndId><TxId>03110902385208000N</TxId><Prtry><Tp>STO REF</Tp><Ref>0000</Ref></Prtry></Refs><RltdPties><Dbtr><Nm>MOSURO AS</Nm></Dbtr><DbtrAcct><Id><PrtryAcct><Id>60242615714888</Id></PrtryAcct></Id></DbtrAcct><Cdtr><Nm>NAS</Nm></Cdtr><CdtrAcct><Id><PrtryAcct><Id>23008200309162</Id></PrtryAcct></Id></CdtrAcct><Prtry><Tp>ADE</Tp><Pty/></Prtry></RltdPties><RmtInf><Strd><AddtlRmtInf>MOSURO AS         ADE               VIA MOBILE - LVP</AddtlRmtInf></Strd><Strd><AddtlRmtInf>MOSURO AS//ADE</AddtlRmtInf></Strd></RmtInf><RltdDts><TxDtTm>2018-09-08T11:09:02</TxDtTm></RltdDts><AddtlTxInf>03110902385208000N1020180908826602426</AddtlTxInf></TxDtls><AddtlNtryInf>COMPLETE//0000//003//CREDIT</AddtlNtryInf></Ntry><Ntry><Amt Ccy="GBP">5.00</Amt><CdtDbtInd>CRDT</CdtDbtInd><Sts>BOOK</Sts><BookgDt><Dt>2018-09-10</Dt></BookgDt><BkTxCd><Prtry><Cd>SIP UKBA CR 40269</Cd></Prtry></BkTxCd><TxDtls><Refs><EndToEndId>NOREF</EndToEndId><TxId>600000000386798606</TxId></Refs><RltdPties><Dbtr><Nm>F Martins Vieira</Nm></Dbtr><DbtrAcct><Id><PrtryAcct><Id>30998072414168</Id></PrtryAcct></Id></DbtrAcct><Cdtr><Nm>PAULA FIDALGO</Nm></Cdtr><CdtrAcct><Id><PrtryAcct><Id>23008200215727</Id></PrtryAcct></Id></CdtrAcct></RltdPties><RmtInf><Strd><AddtlRmtInf>NO REF</AddtlRmtInf></Strd><Strd><AddtlRmtInf>F Martins Vieira//</AddtlRmtInf></Strd></RmtInf><RltdDts><TxDtTm>2018-09-08T11:09:16</TxDtTm></RltdDts><AddtlTxInf>6000000003867986061020180908826309980</AddtlTxInf></TxDtls><AddtlNtryInf>COMPLETE//0000//003//CREDIT</AddtlNtryInf></Ntry><Ntry><Amt Ccy="GBP">370.00</Amt><CdtDbtInd>CRDT</CdtDbtInd><Sts>BOOK</Sts><BookgDt><Dt>2018-09-10</Dt></BookgDt><BkTxCd><Prtry><Cd>SIP UKBA CR 40269</Cd></Prtry></BkTxCd><TxDtls><Refs><EndToEndId>NOREF</EndToEndId><TxId>RP4679960920501800</TxId></Refs><RltdPties><Dbtr><Nm>CHEEMA BROTH LTD</Nm></Dbtr><DbtrAcct><Id><PrtryAcct><Id>20427313789225</Id></PrtryAcct></Id></DbtrAcct><Cdtr><Nm>INDERJEET SINGH</Nm></Cdtr><CdtrAcct><Id><PrtryAcct><Id>23008200342051</Id></PrtryAcct></Id></CdtrAcct><Prtry><Tp>PAY</Tp><Pty/></Prtry></RltdPties><RmtInf><Strd><AddtlRmtInf>NO REF</AddtlRmtInf></Strd><Strd><AddtlRmtInf>CHEEMA BROTH LTD//PAY</AddtlRmtInf></Strd></RmtInf><RltdDts><TxDtTm>2018-09-08T11:16:48</TxDtTm></RltdDts><AddtlTxInf>RP46799609205018001020180908826200026</AddtlTxInf></TxDtls><AddtlNtryInf>COMPLETE//0000//003//CREDIT</AddtlNtryInf></Ntry><Ntry><Amt Ccy="GBP">0.20</Amt><CdtDbtInd>CRDT</CdtDbtInd><Sts>BOOK</Sts><BookgDt><Dt>2018-09-10</Dt></BookgDt><BkTxCd><Prtry><Cd>SIP UKBA CR 40269</Cd></Prtry></BkTxCd><TxDtls><Refs><EndToEndId>NOREF</EndToEndId><TxId>FP18251O14740491</TxId></Refs><RltdPties><Dbtr><Nm>Alleyne Laurence</Nm></Dbtr><DbtrAcct><Id><PrtryAcct><Id>07043631377160</Id></PrtryAcct></Id></DbtrAcct><Cdtr><Nm>C CLARKE</Nm></Cdtr><CdtrAcct><Id><PrtryAcct><Id>23008200106936</Id></PrtryAcct></Id></CdtrAcct><Prtry><Tp>ARRO</Tp><Pty/></Prtry></RltdPties><RmtInf><Strd><AddtlRmtInf>NO REF</AddtlRmtInf></Strd><Strd><AddtlRmtInf>Alleyne Laurence//ARRO</AddtlRmtInf></Strd></RmtInf><RltdDts><TxDtTm>2018-09-08T11:20:18</TxDtTm></RltdDts><AddtlTxInf>FP18251O14740491  1020180908826070436</AddtlTxInf></TxDtls><AddtlNtryInf>COMPLETE//0000//003//CREDIT</AddtlNtryInf></Ntry><Ntry><Amt Ccy="GBP">5.00</Amt><CdtDbtInd>CRDT</CdtDbtInd><Sts>BOOK</Sts><BookgDt><Dt>2018-09-10</Dt></BookgDt><BkTxCd><Prtry><Cd>SIP UKBA CR 40269</Cd></Prtry></BkTxCd><TxDtls><Refs><EndToEndId>NOREF</EndToEndId><TxId>500000000387084602</TxId></Refs><RltdPties><Dbtr><Nm>S Glew</Nm></Dbtr><DbtrAcct><Id><PrtryAcct><Id>11079800215623</Id></PrtryAcct></Id></DbtrAcct><Cdtr><Nm>MR S GLEW</Nm></Cdtr><CdtrAcct><Id><PrtryAcct><Id>23008200401146</Id></PrtryAcct></Id></CdtrAcct><Prtry><Tp>PAY NEW ACCOUNT</Tp><Pty/></Prtry></RltdPties><RmtInf><Strd><AddtlRmtInf>NO REF</AddtlRmtInf></Strd><Strd><AddtlRmtInf>S Glew//PAY NEW ACCOUNT</AddtlRmtInf></Strd></RmtInf><RltdDts><TxDtTm>2018-09-08T11:21:32</TxDtTm></RltdDts><AddtlTxInf>5000000003870846021020180908826110798</AddtlTxInf></TxDtls><AddtlNtryInf>COMPLETE//0000//003//CREDIT</AddtlNtryInf></Ntry><Ntry><Amt Ccy="GBP">20.00</Amt><CdtDbtInd>CRDT</CdtDbtInd><Sts>BOOK</Sts><BookgDt><Dt>2018-09-10</Dt></BookgDt><BkTxCd><Prtry><Cd>SIP UKBA CR 40269</Cd></Prtry></BkTxCd><TxDtls><Refs><EndToEndId>000000FT18250JSV2G</EndToEndId><TxId>000000FT18250JSV2G</TxId></Refs><RltdPties><Dbtr><Nm>DUMITRU LUCIAN HRAB</Nm><PstlAdr><AdrLine>6A GRAINGER ROAD;ESSEX</AdrLine><Ctry/></PstlAdr></Dbtr><DbtrAcct><Id><PrtryAcct><Id>23058014066721</Id></PrtryAcct></Id></DbtrAcct><Cdtr><Nm>m m dumitrescu</Nm><PstlAdr><AdrLine>WIRECARD;WIRECARD CARD SOLUTIONS</AdrLine><Ctry/></PstlAdr></Cdtr><CdtrAcct><Id><PrtryAcct><Id>23008200403943</Id></PrtryAcct></Id></CdtrAcct><Prtry><Tp>inv</Tp><Pty/></Prtry></RltdPties><RmtInf><Strd><AddtlRmtInf>NO REF</AddtlRmtInf></Strd><Strd><AddtlRmtInf>DUMITRU LUCIAN HRA//inv</AddtlRmtInf></Strd></RmtInf><RltdDts><TxDtTm>2018-09-08T11:23:39</TxDtTm></RltdDts><AddtlTxInf>000000FT18250JSV2G1020180908826230580</AddtlTxInf></TxDtls><AddtlNtryInf>COMPLETE//0000//003//CREDIT</AddtlNtryInf></Ntry><Ntry><Amt Ccy="GBP">25.00</Amt><CdtDbtInd>CRDT</CdtDbtInd><Sts>BOOK</Sts><BookgDt><Dt>2018-09-10</Dt></BookgDt><BkTxCd><Prtry><Cd>SIP UKBA CR 40269</Cd></Prtry></BkTxCd><TxDtls><Refs><EndToEndId>STARLING-QEWR02O8ODR0N34L1J</EndToEndId><TxId>QEWR02O8ODR0N34L1J</TxId></Refs><RltdPties><Dbtr><Nm>Matt Godwin</Nm></Dbtr><DbtrAcct><Id><PrtryAcct><Id>60837176312103</Id></PrtryAcct></Id></DbtrAcct><Cdtr><Nm>Will</Nm></Cdtr><CdtrAcct><Id><PrtryAcct><Id>23008200433862</Id></PrtryAcct></Id></CdtrAcct><Prtry><Tp>LOI Matt Godwin</Tp><Pty/></Prtry></RltdPties><RmtInf><Strd><AddtlRmtInf>NO REF</AddtlRmtInf></Strd><Strd><AddtlRmtInf>Matt Godwin//LOI Matt Godwin</AddtlRmtInf></Strd></RmtInf><RltdDts><TxDtTm>2018-09-08T11:27:58</TxDtTm></RltdDts><AddtlTxInf>QEWR02O8ODR0N34L1J1020180908826608371</AddtlTxInf></TxDtls><AddtlNtryInf>COMPLETE//0000//003//CREDIT</AddtlNtryInf></Ntry></Ntfctn></BkToCstmrDbtCdtNtfctnV01></Document>