<?xml version="1.0" encoding="UTF-8"?><Document xmlns:xsi="http://www.w3.org/2001/XMLSchema-instance" xmlns="urn:iso:std:iso:20022:tech:xsd:camt.054.001.01"><BkToCstmrDbtCdtNtfctnV01><GrpHdr><MsgId>80309K//13179</MsgId><CreDtTm>2018-09-22T10:00:00</CreDtTm></GrpHdr><Ntfctn><Id>80309K//13179//1</Id><CreDtTm>2018-09-22T10:00:00</CreDtTm><Acct><Id><PrtryAcct><Id>20594233939774</Id></PrtryAcct></Id><Ccy>GBP</Ccy></Acct><TxsSummry><TtlNtries><NbOfNtries>7</NbOfNtries><Sum>831.84</Sum></TtlNtries><TtlCdtNtries><NbOfNtries>7</NbOfNtries><Sum>831.84</Sum></TtlCdtNtries><TtlDbtNtries><NbOfNtries>0</NbOfNtries><Sum>0.00</Sum></TtlDbtNtries></TxsSummry><Ntry><Amt Ccy="GBP">125.00</Amt><CdtDbtInd>CRDT</CdtDbtInd><Sts>BOOK</Sts><BookgDt><Dt>2018-09-24</Dt></BookgDt><BkTxCd><Prtry><Cd>SIP UKBA CR 40269</Cd></Prtry></BkTxCd><TxDtls><Refs><EndToEndId>NOREF</EndToEndId><TxId>RP4659985078784300</TxId></Refs><RltdPties><Dbtr><Nm>KIRTON N</Nm></Dbtr><DbtrAcct><Id><PrtryAcct><Id>20567490283193</Id></PrtryAcct></Id></DbtrAcct><Cdtr><Nm>NATALIE KIRTON</Nm></Cdtr><CdtrAcct><Id><PrtryAcct><Id>23008200175449</Id></PrtryAcct></Id></CdtrAcct><Prtry><Tp>NATNAT</Tp><Pty/></Prtry></RltdPties><RmtInf><Strd><AddtlRmtInf>NO REF</AddtlRmtInf></Strd><Strd><AddtlRmtInf>KIRTON N//NATNAT</AddtlRmtInf></Strd></RmtInf><RltdDts><TxDtTm>2018-09-22T09:37:59</TxDtTm></RltdDts><AddtlTxInf>RP46599850787843001020180922826200026</AddtlTxInf></TxDtls><AddtlNtryInf>COMPLETE//0000//003//CREDIT</AddtlNtryInf></Ntry><Ntry><Amt Ccy="GBP">267.83</Amt><CdtDbtInd>CRDT</CdtDbtInd><Sts>BOOK</Sts><BookgDt><Dt>2018-09-24</Dt></BookgDt><BkTxCd><Prtry><Cd>DCA UKBA CR 40269</Cd></Prtry></BkTxCd><TxDtls><Refs><EndToEndId>NOREF</EndToEndId><TxId>000000013639360101</TxId><Prtry><Tp>STO REF</Tp><Ref>0000</Ref></Prtry></Refs><RltdPties><Dbtr><Nm>DICKSON R B</Nm></Dbtr><DbtrAcct><Id><PrtryAcct><Id>20553483449645</Id></PrtryAcct></Id></DbtrAcct><Cdtr><Nm>WORLD PAY</Nm></Cdtr><CdtrAcct><Id><PrtryAcct><Id>23008200043324</Id></PrtryAcct></Id></CdtrAcct><Prtry><Tp>WORLD PAY</Tp><Pty/></Prtry></RltdPties><RmtInf><Strd><AddtlRmtInf>NO REF</AddtlRmtInf></Strd><Strd><AddtlRmtInf>DICKSON R B//WORLD PAY</AddtlRmtInf></Strd></RmtInf><RltdDts><TxDtTm>2018-09-22T09:40:19</TxDtTm></RltdDts><AddtlTxInf>0000000136393601015020180922826205534</AddtlTxInf></TxDtls><AddtlNtryInf>COMPLETE//0000//003//CREDIT</AddtlNtryInf></Ntry><Ntry><Amt Ccy="GBP">210.00</Amt><CdtDbtInd>CRDT</CdtDbtInd><Sts>BOOK</Sts><BookgDt><Dt>2018-09-24</Dt></BookgDt><BkTxCd><Prtry><Cd>SIP UKBA CR 40269</Cd></Prtry></BkTxCd><TxDtls><Refs><EndToEndId>NOREF</EndToEndId><TxId>RP4679961971565200</TxId></Refs><RltdPties><Dbtr><Nm>JONES PA</Nm></Dbtr><DbtrAcct><Id><PrtryAcct><Id>20925480508500</Id></PrtryAcct></Id></DbtrAcct><Cdtr><Nm>DEBORAH HIPPOLYTE</Nm></Cdtr><CdtrAcct><Id><PrtryAcct><Id>23008200054436</Id></PrtryAcct></Id></CdtrAcct><Prtry><Tp>RESTAURANT</Tp><Pty/></Prtry></RltdPties><RmtInf><Strd><AddtlRmtInf>NO REF</AddtlRmtInf></Strd><Strd><AddtlRmtInf>JONES PA//RESTAURANT</AddtlRmtInf></Strd></RmtInf><RltdDts><TxDtTm>2018-09-22T09:40:32</TxDtTm></RltdDts><AddtlTxInf>RP46799619715652001020180922826200026</AddtlTxInf></TxDtls><AddtlNtryInf>COMPLETE//0000//003//CREDIT</AddtlNtryInf></Ntry><Ntry><Amt Ccy="GBP">2.00</Amt><CdtDbtInd>CRDT</CdtDbtInd><Sts>BOOK</Sts><BookgDt><Dt>2018-09-24</Dt></BookgDt><BkTxCd><Prtry><Cd>SIP UKBA CR 40269</Cd></Prtry></BkTxCd><TxDtls><Refs><EndToEndId>NOREF</EndToEndId><TxId>FP18265O05531256</TxId></Refs><RltdPties><Dbtr><Nm>Goodridge Lara</Nm></Dbtr><DbtrAcct><Id><PrtryAcct><Id>07043602337583</Id></PrtryAcct></Id></DbtrAcct><Cdtr><Nm>FIRST KUT LIMITED</Nm></Cdtr><CdtrAcct><Id><PrtryAcct><Id>23008200033266</Id></PrtryAcct></Id></CdtrAcct><Prtry><Tp>NICOLE</Tp><Pty/></Prtry></RltdPties><RmtInf><Strd><AddtlRmtInf>NO REF</AddtlRmtInf></Strd><Strd><AddtlRmtInf>Goodridge Lara//NICOLE</AddtlRmtInf></Strd></RmtInf><RltdDts><TxDtTm>2018-09-22T09:42:26</TxDtTm></RltdDts><AddtlTxInf>FP18265O05531256  1020180922826070436</AddtlTxInf></TxDtls><AddtlNtryInf>COMPLETE//0000//003//CREDIT</AddtlNtryInf></Ntry><Ntry><Amt Ccy="GBP">192.00</Amt><CdtDbtInd>CRDT</CdtDbtInd><Sts>BOOK</Sts><BookgDt><Dt>2018-09-24</Dt></BookgDt><BkTxCd><Prtry><Cd>SIP UKBA CR 40269</Cd></Prtry></BkTxCd><TxDtls><Refs><EndToEndId>PPWD00000000AP93M2</EndToEndId><TxId>PPWD00000000AP93M2</TxId></Refs><RltdPties><Dbtr><Nm>PayPal</Nm><PstlAdr><AdrLine>2211 N 1st Street San Jose CA 95131</AdrLine><Ctry/></PstlAdr></Dbtr><DbtrAcct><Id><PrtryAcct><Id>23526278959595</Id></PrtryAcct></Id></DbtrAcct><Cdtr><Nm>David  Kent</Nm><PstlAdr><AdrLine>7 audley close</AdrLine><Ctry/></PstlAdr></Cdtr><CdtrAcct><Id><PrtryAcct><Id>23008200394419</Id></PrtryAcct></Id></CdtrAcct><Prtry><Tp>PPWDL4MJJ2AL9C2MSA</Tp><Pty/></Prtry></RltdPties><RmtInf><Strd><RfrdDocInf><RfrdDocTp><Prtry>002</Prtry></RfrdDocTp></RfrdDocInf><AddtlRmtInf>NO REF</AddtlRmtInf></Strd><Strd><AddtlRmtInf>PayPal//PPWDL4MJJ2AL9C2MSA</AddtlRmtInf></Strd></RmtInf><RltdDts><TxDtTm>2018-09-22T09:52:31</TxDtTm></RltdDts><AddtlTxInf>PPWD00000000AP93M21020180922826235262</AddtlTxInf></TxDtls><AddtlNtryInf>COMPLETE//0000//003//CREDIT</AddtlNtryInf></Ntry><Ntry><Amt Ccy="GBP">0.01</Amt><CdtDbtInd>CRDT</CdtDbtInd><Sts>BOOK</Sts><BookgDt><Dt>2018-09-24</Dt></BookgDt><BkTxCd><Prtry><Cd>SIP UKBA CR 40269</Cd></Prtry></BkTxCd><TxDtls><Refs><EndToEndId>PPRD00000000AP95SS</EndToEndId><TxId>PPRD00000000AP95SS</TxId></Refs><RltdPties><Dbtr><Nm>PAYPAL CODE 2686</Nm><PstlAdr><AdrLine>2211 N 1st Street San Jose CA 95131</AdrLine><Ctry/></PstlAdr></Dbtr><DbtrAcct><Id><PrtryAcct><Id>23526285010101</Id></PrtryAcct></Id></DbtrAcct><Cdtr><Nm>FAHAD VENTURES</Nm><PstlAdr><AdrLine>tenney house tenney house</AdrLine><Ctry/></PstlAdr></Cdtr><CdtrAcct><Id><PrtryAcct><Id>23008200459400</Id></PrtryAcct></Id></CdtrAcct><Prtry><Tp>PAYPAL CODE 2686</Tp><Pty/></Prtry></RltdPties><RmtInf><Strd><RfrdDocInf><RfrdDocTp><Prtry>002</Prtry></RfrdDocTp></RfrdDocInf><AddtlRmtInf>NO REF</AddtlRmtInf></Strd><Strd><AddtlRmtInf>PAYPAL CODE 2686//PAYPAL CODE 2686</AddtlRmtInf></Strd></RmtInf><RltdDts><TxDtTm>2018-09-22T09:55:11</TxDtTm></RltdDts><AddtlTxInf>PPRD00000000AP95SS1020180922826235262</AddtlTxInf></TxDtls><AddtlNtryInf>COMPLETE//0000//003//CREDIT</AddtlNtryInf></Ntry><Ntry><Amt Ccy="GBP">35.00</Amt><CdtDbtInd>CRDT</CdtDbtInd><Sts>BOOK</Sts><BookgDt><Dt>2018-09-24</Dt></BookgDt><BkTxCd><Prtry><Cd>SIP UKBA CR 40269</Cd></Prtry></BkTxCd><TxDtls><Refs><EndToEndId>NOREF</EndToEndId><TxId>686503839590229001</TxId><Prtry><Tp>STO REF</Tp><Ref>0000</Ref></Prtry></Refs><RltdPties><Dbtr><Nm>HYDEMAN L</Nm></Dbtr><DbtrAcct><Id><PrtryAcct><Id>40451771648489</Id></PrtryAcct></Id></DbtrAcct><Cdtr><Nm>Iain Franklin</Nm></Cdtr><CdtrAcct><Id><PrtryAcct><Id>23008200458353</Id></PrtryAcct></Id></CdtrAcct><Prtry><Tp>Eurostar</Tp><Pty/></Prtry></RltdPties><RmtInf><Strd><AddtlRmtInf>NO REF</AddtlRmtInf></Strd><Strd><AddtlRmtInf>HYDEMAN L//Eurostar</AddtlRmtInf></Strd></RmtInf><RltdDts><TxDtTm>2018-09-22T09:59:38</TxDtTm></RltdDts><AddtlTxInf>6865038395902290011020180922826404517</AddtlTxInf></TxDtls><AddtlNtryInf>COMPLETE//0000//003//CREDIT</AddtlNtryInf></Ntry></Ntfctn></BkToCstmrDbtCdtNtfctnV01></Document>