<?xml version="1.0" encoding="UTF-8"?><Document xmlns:xsi="http://www.w3.org/2001/XMLSchema-instance" xmlns="urn:iso:std:iso:20022:tech:xsd:camt.054.001.01"><BkToCstmrDbtCdtNtfctnV01><GrpHdr><MsgId>80309K//13042</MsgId><CreDtTm>2018-09-19T07:30:00</CreDtTm></GrpHdr><Ntfctn><Id>80309K//13042//1</Id><CreDtTm>2018-09-19T07:30:00</CreDtTm><Acct><Id><PrtryAcct><Id>20594233939774</Id></PrtryAcct></Id><Ccy>GBP</Ccy></Acct><TxsSummry><TtlNtries><NbOfNtries>7</NbOfNtries><Sum>1864.30</Sum></TtlNtries><TtlCdtNtries><NbOfNtries>5</NbOfNtries><Sum>844.00</Sum></TtlCdtNtries><TtlDbtNtries><NbOfNtries>2</NbOfNtries><Sum>1020.30</Sum></TtlDbtNtries></TxsSummry><Ntry><Amt Ccy="GBP">39.00</Amt><CdtDbtInd>CRDT</CdtDbtInd><Sts>BOOK</Sts><BookgDt><Dt>2018-09-19</Dt></BookgDt><BkTxCd><Prtry><Cd>FDP UKBA CR 40269</Cd></Prtry></BkTxCd><TxDtls><Refs><EndToEndId>NOREF</EndToEndId><TxId>304871843160919001</TxId><Prtry><Tp>STO REF</Tp><Ref>0000</Ref></Prtry></Refs><RltdPties><Dbtr><Nm>SEWERYN M</Nm></Dbtr><DbtrAcct><Id><PrtryAcct><Id>40021741578189</Id></PrtryAcct></Id></DbtrAcct><Cdtr><Nm>Ian Franklin</Nm></Cdtr><CdtrAcct><Id><PrtryAcct><Id>23008200452679</Id></PrtryAcct></Id></CdtrAcct><Prtry><Tp>Eurostar ticket</Tp><Pty/></Prtry></RltdPties><RmtInf><Strd><AddtlRmtInf>NO REF</AddtlRmtInf></Strd><Strd><AddtlRmtInf>SEWERYN M//Eurostar ticket</AddtlRmtInf></Strd></RmtInf><RltdDts><TxDtTm>2018-09-19T07:00:00</TxDtTm></RltdDts><AddtlTxInf>3048718431609190014020180919826400217</AddtlTxInf></TxDtls><AddtlNtryInf>COMPLETE//0000//003//CREDIT</AddtlNtryInf></Ntry><Ntry><Amt Ccy="GBP">930.30</Amt><CdtDbtInd>DBIT</CdtDbtInd><Sts>BOOK</Sts><BookgDt><Dt>2018-09-19</Dt></BookgDt><BkTxCd><Prtry><Cd>AUT UKBA DR 30278</Cd></Prtry></BkTxCd><TxDtls><Refs><TxId>000000000337070400</TxId></Refs><RltdPties><DbtrAcct><Id><PrtryAcct><Id>20594233939774</Id></PrtryAcct></Id></DbtrAcct></RltdPties><RmtInf><Strd><AddtlRmtInf>NO REF</AddtlRmtInf></Strd><Strd><AddtlRmtInf>20180919A44639//7S      F0KBV1M878</AddtlRmtInf></Strd></RmtInf><RltdDts><TxDtTm>2018-09-19T07:01:34</TxDtTm></RltdDts><AddtlTxInf>0000000003370704000020180919826205942</AddtlTxInf></TxDtls><AddtlNtryInf>AUTHSENT//0000//001//DEBIT</AddtlNtryInf></Ntry><Ntry><Amt Ccy="GBP">1.00</Amt><CdtDbtInd>CRDT</CdtDbtInd><Sts>BOOK</Sts><BookgDt><Dt>2018-09-19</Dt></BookgDt><BkTxCd><Prtry><Cd>DCA UKBA CR 40269</Cd></Prtry></BkTxCd><TxDtls><Refs><EndToEndId>NOREF</EndToEndId><TxId>000000013605302701</TxId><Prtry><Tp>STO REF</Tp><Ref>0000</Ref></Prtry></Refs><RltdPties><Dbtr><Nm>23008200426931</Nm></Dbtr><DbtrAcct><Id><PrtryAcct><Id>20594233939774</Id></PrtryAcct></Id></DbtrAcct><Cdtr><Nm>DAVID MARYIN</Nm></Cdtr><CdtrAcct><Id><PrtryAcct><Id>23008200289809</Id></PrtryAcct></Id></CdtrAcct></RltdPties><RmtInf><Strd><AddtlRmtInf>NO REF</AddtlRmtInf></Strd><Strd><AddtlRmtInf>23008200426931//</AddtlRmtInf></Strd></RmtInf><RltdDts><TxDtTm>2018-09-19T07:01:36</TxDtTm></RltdDts><AddtlTxInf>0000000136053027015020180919826205942</AddtlTxInf></TxDtls><AddtlNtryInf>COMPLETE//0000//001//CREDIT</AddtlNtryInf></Ntry><Ntry><Amt Ccy="GBP">4.00</Amt><CdtDbtInd>CRDT</CdtDbtInd><Sts>BOOK</Sts><BookgDt><Dt>2018-09-19</Dt></BookgDt><BkTxCd><Prtry><Cd>AUA UKBA CR 40278</Cd></Prtry></BkTxCd><TxDtls><Refs><TxId>000000000337070400</TxId></Refs><RltdPties><DbtrAcct><Id><PrtryAcct><Id>20594233939774</Id></PrtryAcct></Id></DbtrAcct></RltdPties><RmtInf><Strd><AddtlRmtInf>NO REF</AddtlRmtInf></Strd><Strd><AddtlRmtInf>20180919A44639//7S      F0KBV1M878</AddtlRmtInf></Strd></RmtInf><RltdDts><TxDtTm>2018-09-19T07:01:40</TxDtTm></RltdDts><AddtlTxInf>0000000003370704000020180919826205942</AddtlTxInf></TxDtls><AddtlNtryInf>AUTHADJUSTED//0000//001//CREDIT</AddtlNtryInf></Ntry><Ntry><Amt Ccy="GBP">90.00</Amt><CdtDbtInd>DBIT</CdtDbtInd><Sts>BOOK</Sts><BookgDt><Dt>2018-09-19</Dt></BookgDt><BkTxCd><Prtry><Cd>AUT UKBA DR 30278</Cd></Prtry></BkTxCd><TxDtls><Refs><TxId>000000000337070600</TxId></Refs><RltdPties><DbtrAcct><Id><PrtryAcct><Id>20594233939774</Id></PrtryAcct></Id></DbtrAcct></RltdPties><RmtInf><Strd><AddtlRmtInf>NO REF</AddtlRmtInf></Strd><Strd><AddtlRmtInf>20180919A44639//7S      F0KA4IL876</AddtlRmtInf></Strd></RmtInf><RltdDts><TxDtTm>2018-09-19T07:01:48</TxDtTm></RltdDts><AddtlTxInf>0000000003370706000020180919826205942</AddtlTxInf></TxDtls><AddtlNtryInf>AUTHSENT//0000//001//DEBIT</AddtlNtryInf></Ntry><Ntry><Amt Ccy="GBP">490.00</Amt><CdtDbtInd>CRDT</CdtDbtInd><Sts>BOOK</Sts><BookgDt><Dt>2018-09-19</Dt></BookgDt><BkTxCd><Prtry><Cd>SIP UKBA CR 40269</Cd></Prtry></BkTxCd><TxDtls><Refs><EndToEndId>NOREF</EndToEndId><TxId>FP18262O02780933</TxId></Refs><RltdPties><Dbtr><Nm>Amosa Rukayat</Nm></Dbtr><DbtrAcct><Id><PrtryAcct><Id>07043634770572</Id></PrtryAcct></Id></DbtrAcct><Cdtr><Nm>MR ARLENE DOGGET</Nm></Cdtr><CdtrAcct><Id><PrtryAcct><Id>23008200438658</Id></PrtryAcct></Id></CdtrAcct><Prtry><Tp>M</Tp><Pty/></Prtry></RltdPties><RmtInf><Strd><AddtlRmtInf>NO REF</AddtlRmtInf></Strd><Strd><AddtlRmtInf>Amosa Rukayat//M</AddtlRmtInf></Strd></RmtInf><RltdDts><TxDtTm>2018-09-19T07:03:48</TxDtTm></RltdDts><AddtlTxInf>FP18262O02780933  1020180919826070436</AddtlTxInf></TxDtls><AddtlNtryInf>COMPLETE//0000//001//CREDIT</AddtlNtryInf></Ntry><Ntry><Amt Ccy="GBP">310.00</Amt><CdtDbtInd>CRDT</CdtDbtInd><Sts>BOOK</Sts><BookgDt><Dt>2018-09-19</Dt></BookgDt><BkTxCd><Prtry><Cd>DCA UKBA CR 40269</Cd></Prtry></BkTxCd><TxDtls><Refs><EndToEndId>NOREF</EndToEndId><TxId>000000013605341001</TxId><Prtry><Tp>STO REF</Tp><Ref>0000</Ref></Prtry></Refs><RltdPties><Dbtr><Nm>23327202652257</Nm></Dbtr><DbtrAcct><Id><PrtryAcct><Id>20594263428524</Id></PrtryAcct></Id></DbtrAcct><Cdtr><Nm>BENJAMIN JOHNSON</Nm></Cdtr><CdtrAcct><Id><PrtryAcct><Id>23008200371720</Id></PrtryAcct></Id></CdtrAcct><Prtry><Tp>ARRO</Tp><Pty/></Prtry></RltdPties><RmtInf><Strd><AddtlRmtInf>NO REF</AddtlRmtInf></Strd><Strd><AddtlRmtInf>23327202652257//ARRO</AddtlRmtInf></Strd></RmtInf><RltdDts><TxDtTm>2018-09-19T07:16:54</TxDtTm></RltdDts><AddtlTxInf>0000000136053410015020180919826205942</AddtlTxInf></TxDtls><AddtlNtryInf>COMPLETE//0000//001//CREDIT</AddtlNtryInf></Ntry></Ntfctn></BkToCstmrDbtCdtNtfctnV01></Document>