<?xml version="1.0" encoding="UTF-8"?><Document xmlns:xsi="http://www.w3.org/2001/XMLSchema-instance" xmlns="urn:iso:std:iso:20022:tech:xsd:camt.054.001.01"><BkToCstmrDbtCdtNtfctnV01><GrpHdr><MsgId>80309K//13116</MsgId><CreDtTm>2018-09-20T21:30:00</CreDtTm></GrpHdr><Ntfctn><Id>80309K//13116//1</Id><CreDtTm>2018-09-20T21:30:00</CreDtTm><Acct><Id><PrtryAcct><Id>20594233939774</Id></PrtryAcct></Id><Ccy>GBP</Ccy></Acct><TxsSummry><TtlNtries><NbOfNtries>6</NbOfNtries><Sum>1650.25</Sum></TtlNtries><TtlCdtNtries><NbOfNtries>6</NbOfNtries><Sum>1650.25</Sum></TtlCdtNtries><TtlDbtNtries><NbOfNtries>0</NbOfNtries><Sum>0.00</Sum></TtlDbtNtries></TxsSummry><Ntry><Amt Ccy="GBP">550.00</Amt><CdtDbtInd>CRDT</CdtDbtInd><Sts>BOOK</Sts><BookgDt><Dt>2018-09-21</Dt></BookgDt><BkTxCd><Prtry><Cd>SIP UKBA CR 40269</Cd></Prtry></BkTxCd><TxDtls><Refs><EndToEndId>NOREF</EndToEndId><TxId>230099322012029001</TxId><Prtry><Tp>STO REF</Tp><Ref>0000</Ref></Prtry></Refs><RltdPties><Dbtr><Nm>JW &amp; MM SOLU</Nm></Dbtr><DbtrAcct><Id><PrtryAcct><Id>40290341653318</Id></PrtryAcct></Id></DbtrAcct><Cdtr><Nm>C POWIS</Nm></Cdtr><CdtrAcct><Id><PrtryAcct><Id>23008200023182</Id></PrtryAcct></Id></CdtrAcct><Prtry><Tp>PAYMENT</Tp><Pty/></Prtry></RltdPties><RmtInf><Strd><AddtlRmtInf>NO REF</AddtlRmtInf></Strd><Strd><AddtlRmtInf>JW &amp; MM SOLU//PAYMENT</AddtlRmtInf></Strd></RmtInf><RltdDts><TxDtTm>2018-09-20T21:02:24</TxDtTm></RltdDts><AddtlTxInf>2300993220120290011020180920826402903</AddtlTxInf></TxDtls><AddtlNtryInf>COMPLETE//0000//003//CREDIT</AddtlNtryInf></Ntry><Ntry><Amt Ccy="GBP">150.00</Amt><CdtDbtInd>CRDT</CdtDbtInd><Sts>BOOK</Sts><BookgDt><Dt>2018-09-21</Dt></BookgDt><BkTxCd><Prtry><Cd>SIP UKBA CR 40269</Cd></Prtry></BkTxCd><TxDtls><Refs><EndToEndId>NOREF</EndToEndId><TxId>500000000390434380</TxId></Refs><RltdPties><Dbtr><Nm>D Afolayan</Nm></Dbtr><DbtrAcct><Id><PrtryAcct><Id>30978522695568</Id></PrtryAcct></Id></DbtrAcct><Cdtr><Nm>MICHAEL ARRO</Nm></Cdtr><CdtrAcct><Id><PrtryAcct><Id>23008200425286</Id></PrtryAcct></Id></CdtrAcct><Prtry><Tp>ACCT</Tp><Pty/></Prtry></RltdPties><RmtInf><Strd><AddtlRmtInf>NO REF</AddtlRmtInf></Strd><Strd><AddtlRmtInf>D Afolayan//ACCT</AddtlRmtInf></Strd></RmtInf><RltdDts><TxDtTm>2018-09-20T21:17:48</TxDtTm></RltdDts><AddtlTxInf>5000000003904343801020180920826309785</AddtlTxInf></TxDtls><AddtlNtryInf>COMPLETE//0000//003//CREDIT</AddtlNtryInf></Ntry><Ntry><Amt Ccy="GBP">0.01</Amt><CdtDbtInd>CRDT</CdtDbtInd><Sts>BOOK</Sts><BookgDt><Dt>2018-09-21</Dt></BookgDt><BkTxCd><Prtry><Cd>SIP UKBA CR 40269</Cd></Prtry></BkTxCd><TxDtls><Refs><EndToEndId>PPRD00000000AOX5BY</EndToEndId><TxId>PPRD00000000AOX5BY</TxId></Refs><RltdPties><Dbtr><Nm>PAYPAL CODE 3439</Nm><PstlAdr><AdrLine>2211 N 1st Street San Jose CA 95131</AdrLine><Ctry/></PstlAdr></Dbtr><DbtrAcct><Id><PrtryAcct><Id>23526285010101</Id></PrtryAcct></Id></DbtrAcct><Cdtr><Nm>Vincent Rose</Nm><PstlAdr><AdrLine>17 Windmill Court</AdrLine><Ctry/></PstlAdr></Cdtr><CdtrAcct><Id><PrtryAcct><Id>23008200402611</Id></PrtryAcct></Id></CdtrAcct><Prtry><Tp>PAYPAL CODE 3439</Tp><Pty/></Prtry></RltdPties><RmtInf><Strd><RfrdDocInf><RfrdDocTp><Prtry>002</Prtry></RfrdDocTp></RfrdDocInf><AddtlRmtInf>NO REF</AddtlRmtInf></Strd><Strd><AddtlRmtInf>PAYPAL CODE 3439//PAYPAL CODE 3439</AddtlRmtInf></Strd></RmtInf><RltdDts><TxDtTm>2018-09-20T21:20:45</TxDtTm></RltdDts><AddtlTxInf>PPRD00000000AOX5BY1020180920826235262</AddtlTxInf></TxDtls><AddtlNtryInf>COMPLETE//0000//003//CREDIT</AddtlNtryInf></Ntry><Ntry><Amt Ccy="GBP">28.00</Amt><CdtDbtInd>CRDT</CdtDbtInd><Sts>BOOK</Sts><BookgDt><Dt>2018-09-21</Dt></BookgDt><BkTxCd><Prtry><Cd>SIP UKBA CR 40269</Cd></Prtry></BkTxCd><TxDtls><Refs><EndToEndId>PPWD00000000AOX5R0</EndToEndId><TxId>PPWD00000000AOX5R0</TxId></Refs><RltdPties><Dbtr><Nm>PayPal</Nm><PstlAdr><AdrLine>2211 N 1st Street San Jose CA 95131</AdrLine><Ctry/></PstlAdr></Dbtr><DbtrAcct><Id><PrtryAcct><Id>23526278959595</Id></PrtryAcct></Id></DbtrAcct><Cdtr><Nm>Vincent Rose</Nm><PstlAdr><AdrLine>17 Windmill Court</AdrLine><Ctry/></PstlAdr></Cdtr><CdtrAcct><Id><PrtryAcct><Id>23008200402611</Id></PrtryAcct></Id></CdtrAcct><Prtry><Tp>PPWDL5H922AL8WPP5Q</Tp><Pty/></Prtry></RltdPties><RmtInf><Strd><RfrdDocInf><RfrdDocTp><Prtry>002</Prtry></RfrdDocTp></RfrdDocInf><AddtlRmtInf>NO REF</AddtlRmtInf></Strd><Strd><AddtlRmtInf>PayPal//PPWDL5H922AL8WPP5Q</AddtlRmtInf></Strd></RmtInf><RltdDts><TxDtTm>2018-09-20T21:22:14</TxDtTm></RltdDts><AddtlTxInf>PPWD00000000AOX5R01020180920826235262</AddtlTxInf></TxDtls><AddtlNtryInf>COMPLETE//0000//003//CREDIT</AddtlNtryInf></Ntry><Ntry><Amt Ccy="GBP">423.24</Amt><CdtDbtInd>CRDT</CdtDbtInd><Sts>BOOK</Sts><BookgDt><Dt>2018-09-21</Dt></BookgDt><BkTxCd><Prtry><Cd>SIP UKBA CR 40269</Cd></Prtry></BkTxCd><TxDtls><Refs><EndToEndId>ACUTE RECRUITMENT</EndToEndId><TxId>41212237912705000N</TxId><Prtry><Tp>STO REF</Tp><Ref>0000</Ref></Prtry></Refs><RltdPties><Dbtr><Nm>ACUTE RECRUITMENT</Nm></Dbtr><DbtrAcct><Id><PrtryAcct><Id>51703284167629</Id></PrtryAcct></Id></DbtrAcct><Cdtr><Nm>TAOFIK BOLADE</Nm></Cdtr><CdtrAcct><Id><PrtryAcct><Id>23008200181929</Id></PrtryAcct></Id></CdtrAcct><Prtry><Tp>ACUTE RECRUITMENT</Tp><Pty/></Prtry></RltdPties><RmtInf><Strd><AddtlRmtInf>ACUTE RECRUITMENT ACUTE RECRUITMENT VIA MOBILE - PYMT</AddtlRmtInf></Strd><Strd><AddtlRmtInf>ACUTE RECRUITMENT//ACUTE RECRUITMENT</AddtlRmtInf></Strd></RmtInf><RltdDts><TxDtTm>2018-09-20T21:22:38</TxDtTm></RltdDts><AddtlTxInf>41212237912705000N1020180920826517032</AddtlTxInf></TxDtls><AddtlNtryInf>COMPLETE//0000//003//CREDIT</AddtlNtryInf></Ntry><Ntry><Amt Ccy="GBP">499.00</Amt><CdtDbtInd>CRDT</CdtDbtInd><Sts>BOOK</Sts><BookgDt><Dt>2018-09-21</Dt></BookgDt><BkTxCd><Prtry><Cd>FDP UKBA CR 40269</Cd></Prtry></BkTxCd><TxDtls><Refs><EndToEndId>VX59109L</EndToEndId><TxId>PH1000001383389400</TxId></Refs><RltdPties><Dbtr><Nm>CB Payments Ltd</Nm><PstlAdr><AdrLine>126 HUNDRED ACRE ROAD BIRMINGHAM B7</AdrLine><AdrLine>43DE GB</AdrLine><Ctry/></PstlAdr></Dbtr><DbtrAcct><Id><PrtryAcct><Id>20060563056902</Id></PrtryAcct></Id></DbtrAcct><Cdtr><Nm>23008200401403</Nm></Cdtr><CdtrAcct><Id><PrtryAcct><Id>20594233939774</Id></PrtryAcct></Id></CdtrAcct><Prtry><Tp>CBAGBPJXELCRSV</Tp><Pty/></Prtry></RltdPties><RmtInf><Strd><AddtlRmtInf>NO REF</AddtlRmtInf></Strd><Strd><AddtlRmtInf>CB Payments Ltd//CBAGBPJXELCRSV</AddtlRmtInf></Strd></RmtInf><RltdDts><TxDtTm>2018-09-20T21:23:48</TxDtTm></RltdDts><AddtlTxInf>PH10000013833894004020180920826203253</AddtlTxInf></TxDtls><AddtlNtryInf>COMPLETE//0000//003//CREDIT</AddtlNtryInf></Ntry></Ntfctn></BkToCstmrDbtCdtNtfctnV01></Document>