<?xml version="1.0" encoding="UTF-8"?><Document xmlns:xsi="http://www.w3.org/2001/XMLSchema-instance" xmlns="urn:iso:std:iso:20022:tech:xsd:camt.054.001.01"><BkToCstmrDbtCdtNtfctnV01><GrpHdr><MsgId>80309K//12508</MsgId><CreDtTm>2018-09-06T18:00:00</CreDtTm></GrpHdr><Ntfctn><Id>80309K//12508//1</Id><CreDtTm>2018-09-06T18:00:00</CreDtTm><Acct><Id><PrtryAcct><Id>20594233939774</Id></PrtryAcct></Id><Ccy>GBP</Ccy></Acct><TxsSummry><TtlNtries><NbOfNtries>8</NbOfNtries><Sum>1142.06</Sum></TtlNtries><TtlCdtNtries><NbOfNtries>8</NbOfNtries><Sum>1142.06</Sum></TtlCdtNtries><TtlDbtNtries><NbOfNtries>0</NbOfNtries><Sum>0.00</Sum></TtlDbtNtries></TxsSummry><Ntry><Amt Ccy="GBP">100.00</Amt><CdtDbtInd>CRDT</CdtDbtInd><Sts>BOOK</Sts><BookgDt><Dt>2018-09-06</Dt></BookgDt><BkTxCd><Prtry><Cd>SIP UKBA CR 40269</Cd></Prtry></BkTxCd><TxDtls><Refs><EndToEndId>00157738632BCBWSKT</EndToEndId><TxId>00157738632BCBWSKT</TxId></Refs><RltdPties><Dbtr><Nm>WESLEY LISTER</Nm></Dbtr><DbtrAcct><Id><PrtryAcct><Id>09012880292660</Id></PrtryAcct></Id></DbtrAcct><Cdtr><Nm>Digital Monster</Nm></Cdtr><CdtrAcct><Id><PrtryAcct><Id>23008200041167</Id></PrtryAcct></Id></CdtrAcct><Prtry><Tp>LIST4</Tp><Pty/></Prtry></RltdPties><RmtInf><Strd><AddtlRmtInf>NO REF</AddtlRmtInf></Strd><Strd><AddtlRmtInf>WESLEY LISTER//LIST4</AddtlRmtInf></Strd></RmtInf><RltdDts><TxDtTm>2018-09-06T17:30:58</TxDtTm></RltdDts><AddtlTxInf>00157738632BCBWSKT1020180906826090128</AddtlTxInf></TxDtls><AddtlNtryInf>COMPLETE//0000//003//CREDIT</AddtlNtryInf></Ntry><Ntry><Amt Ccy="GBP">30.00</Amt><CdtDbtInd>CRDT</CdtDbtInd><Sts>BOOK</Sts><BookgDt><Dt>2018-09-06</Dt></BookgDt><BkTxCd><Prtry><Cd>SIP UKBA CR 40269</Cd></Prtry></BkTxCd><TxDtls><Refs><EndToEndId>NOREF</EndToEndId><TxId>300000000390213666</TxId></Refs><RltdPties><Dbtr><Nm>F Kuszynski</Nm></Dbtr><DbtrAcct><Id><PrtryAcct><Id>11026910183761</Id></PrtryAcct></Id></DbtrAcct><Cdtr><Nm>HOMEDECO DBT</Nm></Cdtr><CdtrAcct><Id><PrtryAcct><Id>23008200114038</Id></PrtryAcct></Id></CdtrAcct><Prtry><Tp>KUSZYNSKI</Tp><Pty/></Prtry></RltdPties><RmtInf><Strd><AddtlRmtInf>NO REF</AddtlRmtInf></Strd><Strd><AddtlRmtInf>F Kuszynski//KUSZYNSKI</AddtlRmtInf></Strd></RmtInf><RltdDts><TxDtTm>2018-09-06T17:34:35</TxDtTm></RltdDts><AddtlTxInf>3000000003902136661020180906826110269</AddtlTxInf></TxDtls><AddtlNtryInf>COMPLETE//0000//003//CREDIT</AddtlNtryInf></Ntry><Ntry><Amt Ccy="GBP">350.00</Amt><CdtDbtInd>CRDT</CdtDbtInd><Sts>BOOK</Sts><BookgDt><Dt>2018-09-06</Dt></BookgDt><BkTxCd><Prtry><Cd>SIP UKBA CR 40269</Cd></Prtry></BkTxCd><TxDtls><Refs><EndToEndId>NOREF</EndToEndId><TxId>500000000386564473</TxId></Refs><RltdPties><Dbtr><Nm>C Giddings</Nm></Dbtr><DbtrAcct><Id><PrtryAcct><Id>30138030884660</Id></PrtryAcct></Id></DbtrAcct><Cdtr><Nm>S ROY</Nm></Cdtr><CdtrAcct><Id><PrtryAcct><Id>23008200432519</Id></PrtryAcct></Id></CdtrAcct><Prtry><Tp>HOUSE DEPOSIT</Tp><Pty/></Prtry></RltdPties><RmtInf><Strd><AddtlRmtInf>NO REF</AddtlRmtInf></Strd><Strd><AddtlRmtInf>C Giddings//HOUSE DEPOSIT</AddtlRmtInf></Strd></RmtInf><RltdDts><TxDtTm>2018-09-06T17:36:19</TxDtTm></RltdDts><AddtlTxInf>5000000003865644731020180906826301380</AddtlTxInf></TxDtls><AddtlNtryInf>COMPLETE//0000//003//CREDIT</AddtlNtryInf></Ntry><Ntry><Amt Ccy="GBP">60.00</Amt><CdtDbtInd>CRDT</CdtDbtInd><Sts>BOOK</Sts><BookgDt><Dt>2018-09-06</Dt></BookgDt><BkTxCd><Prtry><Cd>SIP UKBA CR 40269</Cd></Prtry></BkTxCd><TxDtls><Refs><EndToEndId>AGI SOLS</EndToEndId><TxId>09173855345259000N</TxId><Prtry><Tp>STO REF</Tp><Ref>0000</Ref></Prtry></Refs><RltdPties><Dbtr><Nm>AGI SOLICITORS LIM</Nm></Dbtr><DbtrAcct><Id><PrtryAcct><Id>01053139235831</Id></PrtryAcct></Id></DbtrAcct><Cdtr><Nm>LYDIA LOUISE BURNS</Nm></Cdtr><CdtrAcct><Id><PrtryAcct><Id>23008200218991</Id></PrtryAcct></Id></CdtrAcct><Prtry><Tp>AGI SOLS</Tp><Pty/></Prtry></RltdPties><RmtInf><Strd><AddtlRmtInf>AGI SOLICITORS LIMAGI SOLS          VIA MOBILE - PYMT</AddtlRmtInf></Strd><Strd><AddtlRmtInf>AGI SOLICITORS LIM//AGI SOLS</AddtlRmtInf></Strd></RmtInf><RltdDts><TxDtTm>2018-09-06T17:38:55</TxDtTm></RltdDts><AddtlTxInf>09173855345259000N1020180906826010531</AddtlTxInf></TxDtls><AddtlNtryInf>COMPLETE//0000//003//CREDIT</AddtlNtryInf></Ntry><Ntry><Amt Ccy="GBP">73.66</Amt><CdtDbtInd>CRDT</CdtDbtInd><Sts>BOOK</Sts><BookgDt><Dt>2018-09-06</Dt></BookgDt><BkTxCd><Prtry><Cd>SIP UKBA CR 40269</Cd></Prtry></BkTxCd><TxDtls><Refs><EndToEndId>00152889632BGYMWKJ</EndToEndId><TxId>00152889632BGYMWKJ</TxId></Refs><RltdPties><Dbtr><Nm>FIELD &amp; FIELD QUALITY BUILDING SERVICES</Nm></Dbtr><DbtrAcct><Id><PrtryAcct><Id>09012919236513</Id></PrtryAcct></Id></DbtrAcct><Cdtr><Nm>Matt Lidbetter</Nm></Cdtr><CdtrAcct><Id><PrtryAcct><Id>23008200222957</Id></PrtryAcct></Id></CdtrAcct><Prtry><Tp>Invoice No 307</Tp><Pty/></Prtry></RltdPties><RmtInf><Strd><AddtlRmtInf>NO REF</AddtlRmtInf></Strd><Strd><AddtlRmtInf>FIELD &amp; FIELD QUAL//Invoice No 307</AddtlRmtInf></Strd></RmtInf><RltdDts><TxDtTm>2018-09-06T17:42:14</TxDtTm></RltdDts><AddtlTxInf>00152889632BGYMWKJ1020180906826090129</AddtlTxInf></TxDtls><AddtlNtryInf>COMPLETE//0000//003//CREDIT</AddtlNtryInf></Ntry><Ntry><Amt Ccy="GBP">0.01</Amt><CdtDbtInd>CRDT</CdtDbtInd><Sts>BOOK</Sts><BookgDt><Dt>2018-09-06</Dt></BookgDt><BkTxCd><Prtry><Cd>SIP UKBA CR 40269</Cd></Prtry></BkTxCd><TxDtls><Refs><EndToEndId>PPRD00000000ALBYWY</EndToEndId><TxId>PPRD00000000ALBYWY</TxId></Refs><RltdPties><Dbtr><Nm>PAYPAL CODE 7495</Nm><PstlAdr><AdrLine>2211 N 1st Street San Jose CA 95131</AdrLine><Ctry/></PstlAdr></Dbtr><DbtrAcct><Id><PrtryAcct><Id>23526285010101</Id></PrtryAcct></Id></DbtrAcct><Cdtr><Nm>Tim Meyer</Nm><PstlAdr><AdrLine>603 Holly Court , West Parkside</AdrLine><Ctry/></PstlAdr></Cdtr><CdtrAcct><Id><PrtryAcct><Id>23008200222272</Id></PrtryAcct></Id></CdtrAcct><Prtry><Tp>PAYPAL CODE 7495</Tp><Pty/></Prtry></RltdPties><RmtInf><Strd><RfrdDocInf><RfrdDocTp><Prtry>002</Prtry></RfrdDocTp></RfrdDocInf><AddtlRmtInf>NO REF</AddtlRmtInf></Strd><Strd><AddtlRmtInf>PAYPAL CODE 7495//PAYPAL CODE 7495</AddtlRmtInf></Strd></RmtInf><RltdDts><TxDtTm>2018-09-06T17:46:16</TxDtTm></RltdDts><AddtlTxInf>PPRD00000000ALBYWY1020180906826235262</AddtlTxInf></TxDtls><AddtlNtryInf>COMPLETE//0000//003//CREDIT</AddtlNtryInf></Ntry><Ntry><Amt Ccy="GBP">251.52</Amt><CdtDbtInd>CRDT</CdtDbtInd><Sts>BOOK</Sts><BookgDt><Dt>2018-09-06</Dt></BookgDt><BkTxCd><Prtry><Cd>FDP UKBA CR 40269</Cd></Prtry></BkTxCd><TxDtls><Refs><EndToEndId>00150469632BBZHXTT</EndToEndId><TxId>00150469632BBZHXTT</TxId></Refs><RltdPties><Dbtr><Nm>BACKOFFICE ONE LIMITED</Nm></Dbtr><DbtrAcct><Id><PrtryAcct><Id>09022210605642</Id></PrtryAcct></Id></DbtrAcct><Cdtr><Nm>P Goldir</Nm></Cdtr><CdtrAcct><Id><PrtryAcct><Id>23008200023785</Id></PrtryAcct></Id></CdtrAcct><Prtry><Tp>2S81166</Tp><Pty/></Prtry></RltdPties><RmtInf><Strd><AddtlRmtInf>NO REF</AddtlRmtInf></Strd><Strd><AddtlRmtInf>BACKOFFICE ONE LIM//2S81166</AddtlRmtInf></Strd></RmtInf><RltdDts><TxDtTm>2018-09-06T17:57:06</TxDtTm></RltdDts><AddtlTxInf>00150469632BBZHXTT4020180906826090222</AddtlTxInf></TxDtls><AddtlNtryInf>COMPLETE//0000//003//CREDIT</AddtlNtryInf></Ntry><Ntry><Amt Ccy="GBP">276.87</Amt><CdtDbtInd>CRDT</CdtDbtInd><Sts>BOOK</Sts><BookgDt><Dt>2018-09-06</Dt></BookgDt><BkTxCd><Prtry><Cd>FDP UKBA CR 40269</Cd></Prtry></BkTxCd><TxDtls><Refs><EndToEndId>00150469632BBZHXTS</EndToEndId><TxId>00150469632BBZHXTS</TxId></Refs><RltdPties><Dbtr><Nm>BACKOFFICE ONE LIMITED</Nm></Dbtr><DbtrAcct><Id><PrtryAcct><Id>09022210605642</Id></PrtryAcct></Id></DbtrAcct><Cdtr><Nm>MACIEJ GILEWSKI</Nm></Cdtr><CdtrAcct><Id><PrtryAcct><Id>23008200303322</Id></PrtryAcct></Id></CdtrAcct><Prtry><Tp>2S92341</Tp><Pty/></Prtry></RltdPties><RmtInf><Strd><AddtlRmtInf>NO REF</AddtlRmtInf></Strd><Strd><AddtlRmtInf>BACKOFFICE ONE LIM//2S92341</AddtlRmtInf></Strd></RmtInf><RltdDts><TxDtTm>2018-09-06T17:57:06</TxDtTm></RltdDts><AddtlTxInf>00150469632BBZHXTS4020180906826090222</AddtlTxInf></TxDtls><AddtlNtryInf>COMPLETE//0000//003//CREDIT</AddtlNtryInf></Ntry></Ntfctn></BkToCstmrDbtCdtNtfctnV01></Document>