<?xml version="1.0" encoding="UTF-8"?><Document xmlns:xsi="http://www.w3.org/2001/XMLSchema-instance" xmlns="urn:iso:std:iso:20022:tech:xsd:camt.054.001.01"><BkToCstmrDbtCdtNtfctnV01><GrpHdr><MsgId>80309K//12625</MsgId><CreDtTm>2018-09-09T12:30:00</CreDtTm></GrpHdr><Ntfctn><Id>80309K//12625//1</Id><CreDtTm>2018-09-09T12:30:00</CreDtTm><Acct><Id><PrtryAcct><Id>20594233939774</Id></PrtryAcct></Id><Ccy>GBP</Ccy></Acct><TxsSummry><TtlNtries><NbOfNtries>3</NbOfNtries><Sum>85.30</Sum></TtlNtries><TtlCdtNtries><NbOfNtries>3</NbOfNtries><Sum>85.30</Sum></TtlCdtNtries><TtlDbtNtries><NbOfNtries>0</NbOfNtries><Sum>0.00</Sum></TtlDbtNtries></TxsSummry><Ntry><Amt Ccy="GBP">53.00</Amt><CdtDbtInd>CRDT</CdtDbtInd><Sts>BOOK</Sts><BookgDt><Dt>2018-09-10</Dt></BookgDt><BkTxCd><Prtry><Cd>SIP UKBA CR 40269</Cd></Prtry></BkTxCd><TxDtls><Refs><EndToEndId>00153425632BVYBTVP</EndToEndId><TxId>00153425632BVYBTVP</TxId></Refs><RltdPties><Dbtr><Nm>JOHNSON ADEBAYO</Nm></Dbtr><DbtrAcct><Id><PrtryAcct><Id>09012904500872</Id></PrtryAcct></Id></DbtrAcct><Cdtr><Nm>TANNES SOLUTIONS</Nm></Cdtr><CdtrAcct><Id><PrtryAcct><Id>23008200220991</Id></PrtryAcct></Id></CdtrAcct><Prtry><Tp>Johnson Adebayo</Tp><Pty/></Prtry></RltdPties><RmtInf><Strd><AddtlRmtInf>NO REF</AddtlRmtInf></Strd><Strd><AddtlRmtInf>JOHNSON ADEBAYO//Johnson Adebayo</AddtlRmtInf></Strd></RmtInf><RltdDts><TxDtTm>2018-09-09T12:06:15</TxDtTm></RltdDts><AddtlTxInf>00153425632BVYBTVP1020180909826090129</AddtlTxInf></TxDtls><AddtlNtryInf>COMPLETE//0000//003//CREDIT</AddtlNtryInf></Ntry><Ntry><Amt Ccy="GBP">2.00</Amt><CdtDbtInd>CRDT</CdtDbtInd><Sts>BOOK</Sts><BookgDt><Dt>2018-09-10</Dt></BookgDt><BkTxCd><Prtry><Cd>DCA UKBA CR 40269</Cd></Prtry></BkTxCd><TxDtls><Refs><EndToEndId>NOREF</EndToEndId><TxId>000000013515419101</TxId><Prtry><Tp>STO REF</Tp><Ref>0000</Ref></Prtry></Refs><RltdPties><Dbtr><Nm>23327200940610</Nm></Dbtr><DbtrAcct><Id><PrtryAcct><Id>20594263428524</Id></PrtryAcct></Id></DbtrAcct><Cdtr><Nm>ROBERT LAWSON</Nm></Cdtr><CdtrAcct><Id><PrtryAcct><Id>23008200435720</Id></PrtryAcct></Id></CdtrAcct><Prtry><Tp>IOU</Tp><Pty/></Prtry></RltdPties><RmtInf><Strd><AddtlRmtInf>NO REF</AddtlRmtInf></Strd><Strd><AddtlRmtInf>23327200940610//IOU</AddtlRmtInf></Strd></RmtInf><RltdDts><TxDtTm>2018-09-09T12:16:33</TxDtTm></RltdDts><AddtlTxInf>0000000135154191015020180909826205942</AddtlTxInf></TxDtls><AddtlNtryInf>COMPLETE//0000//003//CREDIT</AddtlNtryInf></Ntry><Ntry><Amt Ccy="GBP">30.30</Amt><CdtDbtInd>CRDT</CdtDbtInd><Sts>BOOK</Sts><BookgDt><Dt>2018-09-10</Dt></BookgDt><BkTxCd><Prtry><Cd>SIP UKBA CR 40269</Cd></Prtry></BkTxCd><TxDtls><Refs><EndToEndId>NIK</EndToEndId><TxId>29122542678659000N</TxId><Prtry><Tp>STO REF</Tp><Ref>0000</Ref></Prtry></Refs><RltdPties><Dbtr><Nm>LOVELL NS</Nm></Dbtr><DbtrAcct><Id><PrtryAcct><Id>60242089771583</Id></PrtryAcct></Id></DbtrAcct><Cdtr><Nm>N LOVELL</Nm></Cdtr><CdtrAcct><Id><PrtryAcct><Id>23008200376717</Id></PrtryAcct></Id></CdtrAcct><Prtry><Tp>NIK</Tp><Pty/></Prtry></RltdPties><RmtInf><Strd><AddtlRmtInf>LOVELL NS         NIK               VIA MOBILE - LVP</AddtlRmtInf></Strd><Strd><AddtlRmtInf>LOVELL NS//NIK</AddtlRmtInf></Strd></RmtInf><RltdDts><TxDtTm>2018-09-09T12:25:42</TxDtTm></RltdDts><AddtlTxInf>29122542678659000N1020180909826602420</AddtlTxInf></TxDtls><AddtlNtryInf>COMPLETE//0000//003//CREDIT</AddtlNtryInf></Ntry></Ntfctn></BkToCstmrDbtCdtNtfctnV01></Document>