<?xml version="1.0" encoding="UTF-8"?><Document xmlns:xsi="http://www.w3.org/2001/XMLSchema-instance" xmlns="urn:iso:std:iso:20022:tech:xsd:camt.054.001.01"><BkToCstmrDbtCdtNtfctnV01><GrpHdr><MsgId>80309K//12599</MsgId><CreDtTm>2018-09-08T18:30:00</CreDtTm></GrpHdr><Ntfctn><Id>80309K//12599//1</Id><CreDtTm>2018-09-08T18:30:00</CreDtTm><Acct><Id><PrtryAcct><Id>20594233939774</Id></PrtryAcct></Id><Ccy>GBP</Ccy></Acct><TxsSummry><TtlNtries><NbOfNtries>6</NbOfNtries><Sum>708.01</Sum></TtlNtries><TtlCdtNtries><NbOfNtries>6</NbOfNtries><Sum>708.01</Sum></TtlCdtNtries><TtlDbtNtries><NbOfNtries>0</NbOfNtries><Sum>0.00</Sum></TtlDbtNtries></TxsSummry><Ntry><Amt Ccy="GBP">100.00</Amt><CdtDbtInd>CRDT</CdtDbtInd><Sts>BOOK</Sts><BookgDt><Dt>2018-09-10</Dt></BookgDt><BkTxCd><Prtry><Cd>SIP UKBA CR 40269</Cd></Prtry></BkTxCd><TxDtls><Refs><EndToEndId>NOREF</EndToEndId><TxId>400000000391960646</TxId></Refs><RltdPties><Dbtr><Nm>W Laver</Nm></Dbtr><DbtrAcct><Id><PrtryAcct><Id>11039611678567</Id></PrtryAcct></Id></DbtrAcct><Cdtr><Nm>WARREN</Nm></Cdtr><CdtrAcct><Id><PrtryAcct><Id>23008200428939</Id></PrtryAcct></Id></CdtrAcct><Prtry><Tp>T</Tp><Pty/></Prtry></RltdPties><RmtInf><Strd><AddtlRmtInf>NO REF</AddtlRmtInf></Strd><Strd><AddtlRmtInf>W Laver//T</AddtlRmtInf></Strd></RmtInf><RltdDts><TxDtTm>2018-09-08T18:03:20</TxDtTm></RltdDts><AddtlTxInf>4000000003919606461020180908826110396</AddtlTxInf></TxDtls><AddtlNtryInf>COMPLETE//0000//003//CREDIT</AddtlNtryInf></Ntry><Ntry><Amt Ccy="GBP">300.00</Amt><CdtDbtInd>CRDT</CdtDbtInd><Sts>BOOK</Sts><BookgDt><Dt>2018-09-10</Dt></BookgDt><BkTxCd><Prtry><Cd>SIP UKBA CR 40269</Cd></Prtry></BkTxCd><TxDtls><Refs><EndToEndId>NOREF</EndToEndId><TxId>814011004081809001</TxId><Prtry><Tp>STO REF</Tp><Ref>0000</Ref></Prtry></Refs><RltdPties><Dbtr><Nm>RYSAVA ALENA</Nm></Dbtr><DbtrAcct><Id><PrtryAcct><Id>40141211643428</Id></PrtryAcct></Id></DbtrAcct><Cdtr><Nm>JULIE RYSAVA</Nm></Cdtr><CdtrAcct><Id><PrtryAcct><Id>23008200220237</Id></PrtryAcct></Id></CdtrAcct><Prtry><Tp>A.RYSAVA</Tp><Pty/></Prtry></RltdPties><RmtInf><Strd><AddtlRmtInf>NO REF</AddtlRmtInf></Strd><Strd><AddtlRmtInf>RYSAVA ALENA//A.RYSAVA</AddtlRmtInf></Strd></RmtInf><RltdDts><TxDtTm>2018-09-08T18:04:00</TxDtTm></RltdDts><AddtlTxInf>8140110040818090011020180908826401412</AddtlTxInf></TxDtls><AddtlNtryInf>COMPLETE//0000//003//CREDIT</AddtlNtryInf></Ntry><Ntry><Amt Ccy="GBP">0.01</Amt><CdtDbtInd>CRDT</CdtDbtInd><Sts>BOOK</Sts><BookgDt><Dt>2018-09-10</Dt></BookgDt><BkTxCd><Prtry><Cd>SIP UKBA CR 40269</Cd></Prtry></BkTxCd><TxDtls><Refs><EndToEndId>PPRD00000000ALTVA2</EndToEndId><TxId>PPRD00000000ALTVA2</TxId></Refs><RltdPties><Dbtr><Nm>PAYPAL CODE 8402</Nm><PstlAdr><AdrLine>2211 N 1st Street San Jose CA 95131</AdrLine><Ctry/></PstlAdr></Dbtr><DbtrAcct><Id><PrtryAcct><Id>23526285010101</Id></PrtryAcct></Id></DbtrAcct><Cdtr><Nm>Kelly Tennant</Nm><PstlAdr><AdrLine>27 lavant road</AdrLine><Ctry/></PstlAdr></Cdtr><CdtrAcct><Id><PrtryAcct><Id>23008200435606</Id></PrtryAcct></Id></CdtrAcct><Prtry><Tp>PAYPAL CODE 8402</Tp><Pty/></Prtry></RltdPties><RmtInf><Strd><RfrdDocInf><RfrdDocTp><Prtry>002</Prtry></RfrdDocTp></RfrdDocInf><AddtlRmtInf>NO REF</AddtlRmtInf></Strd><Strd><AddtlRmtInf>PAYPAL CODE 8402//PAYPAL CODE 8402</AddtlRmtInf></Strd></RmtInf><RltdDts><TxDtTm>2018-09-08T18:14:33</TxDtTm></RltdDts><AddtlTxInf>PPRD00000000ALTVA21020180908826235262</AddtlTxInf></TxDtls><AddtlNtryInf>COMPLETE//0000//003//CREDIT</AddtlNtryInf></Ntry><Ntry><Amt Ccy="GBP">5.00</Amt><CdtDbtInd>CRDT</CdtDbtInd><Sts>BOOK</Sts><BookgDt><Dt>2018-09-10</Dt></BookgDt><BkTxCd><Prtry><Cd>SIP UKBA CR 40269</Cd></Prtry></BkTxCd><TxDtls><Refs><EndToEndId>MONIES</EndToEndId><TxId>01182058521943000N</TxId><Prtry><Tp>STO REF</Tp><Ref>0000</Ref></Prtry></Refs><RltdPties><Dbtr><Nm>ANDERSON RJ</Nm></Dbtr><DbtrAcct><Id><PrtryAcct><Id>01090263880679</Id></PrtryAcct></Id></DbtrAcct><Cdtr><Nm>AARON ARRO</Nm></Cdtr><CdtrAcct><Id><PrtryAcct><Id>23008200428934</Id></PrtryAcct></Id></CdtrAcct><Prtry><Tp>MONIES</Tp><Pty/></Prtry></RltdPties><RmtInf><Strd><AddtlRmtInf>ANDERSON RJ       MONIES            VIA ONLINE - PYMT</AddtlRmtInf></Strd><Strd><AddtlRmtInf>ANDERSON RJ//MONIES</AddtlRmtInf></Strd></RmtInf><RltdDts><TxDtTm>2018-09-08T18:20:58</TxDtTm></RltdDts><AddtlTxInf>01182058521943000N1020180908826010902</AddtlTxInf></TxDtls><AddtlNtryInf>COMPLETE//0000//003//CREDIT</AddtlNtryInf></Ntry><Ntry><Amt Ccy="GBP">300.00</Amt><CdtDbtInd>CRDT</CdtDbtInd><Sts>BOOK</Sts><BookgDt><Dt>2018-09-10</Dt></BookgDt><BkTxCd><Prtry><Cd>SIP UKBA CR 40269</Cd></Prtry></BkTxCd><TxDtls><Refs><EndToEndId>NOREF</EndToEndId><TxId>RP4659984158042900</TxId></Refs><RltdPties><Dbtr><Nm>TENNANT D+K</Nm></Dbtr><DbtrAcct><Id><PrtryAcct><Id>20551373561917</Id></PrtryAcct></Id></DbtrAcct><Cdtr><Nm>JUSTIN WILKINS</Nm></Cdtr><CdtrAcct><Id><PrtryAcct><Id>23008200435606</Id></PrtryAcct></Id></CdtrAcct><Prtry><Tp>KELLY</Tp><Pty/></Prtry></RltdPties><RmtInf><Strd><AddtlRmtInf>NO REF</AddtlRmtInf></Strd><Strd><AddtlRmtInf>TENNANT D+K//KELLY</AddtlRmtInf></Strd></RmtInf><RltdDts><TxDtTm>2018-09-08T18:22:24</TxDtTm></RltdDts><AddtlTxInf>RP46599841580429001020180908826200026</AddtlTxInf></TxDtls><AddtlNtryInf>COMPLETE//0000//003//CREDIT</AddtlNtryInf></Ntry><Ntry><Amt Ccy="GBP">3.00</Amt><CdtDbtInd>CRDT</CdtDbtInd><Sts>BOOK</Sts><BookgDt><Dt>2018-09-10</Dt></BookgDt><BkTxCd><Prtry><Cd>SIP UKBA CR 40269</Cd></Prtry></BkTxCd><TxDtls><Refs><EndToEndId>000000FT18250Z7T28</EndToEndId><TxId>000000FT18250Z7T28</TxId></Refs><RltdPties><Dbtr><Nm>STEFAN VECIUNCA</Nm><PstlAdr><AdrLine>115B;STANMORE</AdrLine><Ctry/></PstlAdr></Dbtr><DbtrAcct><Id><PrtryAcct><Id>23058020163644</Id></PrtryAcct></Id></DbtrAcct><Cdtr><Nm>Daniela Veciunca</Nm><PstlAdr><AdrLine>WIRECARD;WIRECARD CARD SOLUTIONS</AdrLine><Ctry/></PstlAdr></Cdtr><CdtrAcct><Id><PrtryAcct><Id>23008200399366</Id></PrtryAcct></Id></CdtrAcct><Prtry><Tp>3</Tp><Pty/></Prtry></RltdPties><RmtInf><Strd><AddtlRmtInf>NO REF</AddtlRmtInf></Strd><Strd><AddtlRmtInf>STEFAN VECIUNCA//3</AddtlRmtInf></Strd></RmtInf><RltdDts><TxDtTm>2018-09-08T18:23:28</TxDtTm></RltdDts><AddtlTxInf>000000FT18250Z7T281020180908826230580</AddtlTxInf></TxDtls><AddtlNtryInf>COMPLETE//0000//003//CREDIT</AddtlNtryInf></Ntry></Ntfctn></BkToCstmrDbtCdtNtfctnV01></Document>