<?xml version="1.0" encoding="UTF-8"?><Document xmlns:xsi="http://www.w3.org/2001/XMLSchema-instance" xmlns="urn:iso:std:iso:20022:tech:xsd:camt.054.001.01"><BkToCstmrDbtCdtNtfctnV01><GrpHdr><MsgId>80309K//13191</MsgId><CreDtTm>2018-09-22T16:00:00</CreDtTm></GrpHdr><Ntfctn><Id>80309K//13191//1</Id><CreDtTm>2018-09-22T16:00:00</CreDtTm><Acct><Id><PrtryAcct><Id>20594233939774</Id></PrtryAcct></Id><Ccy>GBP</Ccy></Acct><TxsSummry><TtlNtries><NbOfNtries>10</NbOfNtries><Sum>631.71</Sum></TtlNtries><TtlCdtNtries><NbOfNtries>10</NbOfNtries><Sum>631.71</Sum></TtlCdtNtries><TtlDbtNtries><NbOfNtries>0</NbOfNtries><Sum>0.00</Sum></TtlDbtNtries></TxsSummry><Ntry><Amt Ccy="GBP">1.98</Amt><CdtDbtInd>CRDT</CdtDbtInd><Sts>BOOK</Sts><BookgDt><Dt>2018-09-24</Dt></BookgDt><BkTxCd><Prtry><Cd>SIP UKBA CR 40269</Cd></Prtry></BkTxCd><TxDtls><Refs><EndToEndId>NOREF</EndToEndId><TxId>600000000390676941</TxId></Refs><RltdPties><Dbtr><Nm>K Pearson</Nm></Dbtr><DbtrAcct><Id><PrtryAcct><Id>11734010772769</Id></PrtryAcct></Id></DbtrAcct><Cdtr><Nm>KEVIN PEARSON</Nm></Cdtr><CdtrAcct><Id><PrtryAcct><Id>23008200395561</Id></PrtryAcct></Id></CdtrAcct></RltdPties><RmtInf><Strd><AddtlRmtInf>NO REF</AddtlRmtInf></Strd><Strd><AddtlRmtInf>K Pearson//</AddtlRmtInf></Strd></RmtInf><RltdDts><TxDtTm>2018-09-22T15:32:03</TxDtTm></RltdDts><AddtlTxInf>6000000003906769411020180922826117340</AddtlTxInf></TxDtls><AddtlNtryInf>COMPLETE//0000//003//CREDIT</AddtlNtryInf></Ntry><Ntry><Amt Ccy="GBP">3.00</Amt><CdtDbtInd>CRDT</CdtDbtInd><Sts>BOOK</Sts><BookgDt><Dt>2018-09-24</Dt></BookgDt><BkTxCd><Prtry><Cd>SIP UKBA CR 40269</Cd></Prtry></BkTxCd><TxDtls><Refs><EndToEndId>NOREF</EndToEndId><TxId>500000000390960238</TxId></Refs><RltdPties><Dbtr><Nm>R Fothergill</Nm></Dbtr><DbtrAcct><Id><PrtryAcct><Id>11011512211160</Id></PrtryAcct></Id></DbtrAcct><Cdtr><Nm>CHOPPER</Nm></Cdtr><CdtrAcct><Id><PrtryAcct><Id>23008200439525</Id></PrtryAcct></Id></CdtrAcct></RltdPties><RmtInf><Strd><AddtlRmtInf>NO REF</AddtlRmtInf></Strd><Strd><AddtlRmtInf>R Fothergill//</AddtlRmtInf></Strd></RmtInf><RltdDts><TxDtTm>2018-09-22T15:33:56</TxDtTm></RltdDts><AddtlTxInf>5000000003909602381020180922826110115</AddtlTxInf></TxDtls><AddtlNtryInf>COMPLETE//0000//003//CREDIT</AddtlNtryInf></Ntry><Ntry><Amt Ccy="GBP">5.00</Amt><CdtDbtInd>CRDT</CdtDbtInd><Sts>BOOK</Sts><BookgDt><Dt>2018-09-24</Dt></BookgDt><BkTxCd><Prtry><Cd>SIP UKBA CR 40269</Cd></Prtry></BkTxCd><TxDtls><Refs><EndToEndId>NOREF</EndToEndId><TxId>RP4659985105496100</TxId></Refs><RltdPties><Dbtr><Nm>KNOWLES + KNOWLE</Nm></Dbtr><DbtrAcct><Id><PrtryAcct><Id>20027700866733</Id></PrtryAcct></Id></DbtrAcct><Cdtr><Nm>G CARS</Nm></Cdtr><CdtrAcct><Id><PrtryAcct><Id>23008200459468</Id></PrtryAcct></Id></CdtrAcct><Prtry><Tp>DEPSIT</Tp><Pty/></Prtry></RltdPties><RmtInf><Strd><AddtlRmtInf>NO REF</AddtlRmtInf></Strd><Strd><AddtlRmtInf>KNOWLES + KNOWLE//DEPSIT</AddtlRmtInf></Strd></RmtInf><RltdDts><TxDtTm>2018-09-22T15:35:34</TxDtTm></RltdDts><AddtlTxInf>RP46599851054961001020180922826200026</AddtlTxInf></TxDtls><AddtlNtryInf>COMPLETE//0000//003//CREDIT</AddtlNtryInf></Ntry><Ntry><Amt Ccy="GBP">10.00</Amt><CdtDbtInd>CRDT</CdtDbtInd><Sts>BOOK</Sts><BookgDt><Dt>2018-09-24</Dt></BookgDt><BkTxCd><Prtry><Cd>SIP UKBA CR 40269</Cd></Prtry></BkTxCd><TxDtls><Refs><EndToEndId>PPWD00000000APBVY0</EndToEndId><TxId>PPWD00000000APBVY0</TxId></Refs><RltdPties><Dbtr><Nm>PayPal</Nm><PstlAdr><AdrLine>2211 N 1st Street San Jose CA 95131</AdrLine><Ctry/></PstlAdr></Dbtr><DbtrAcct><Id><PrtryAcct><Id>23526278959595</Id></PrtryAcct></Id></DbtrAcct><Cdtr><Nm>adrian bennett</Nm><PstlAdr><AdrLine>70</AdrLine><Ctry/></PstlAdr></Cdtr><CdtrAcct><Id><PrtryAcct><Id>23008200377203</Id></PrtryAcct></Id></CdtrAcct><Prtry><Tp>PPWDL4NPJ2ALAC52LE</Tp><Pty/></Prtry></RltdPties><RmtInf><Strd><RfrdDocInf><RfrdDocTp><Prtry>002</Prtry></RfrdDocTp></RfrdDocInf><AddtlRmtInf>NO REF</AddtlRmtInf></Strd><Strd><AddtlRmtInf>PayPal//PPWDL4NPJ2ALAC52LE</AddtlRmtInf></Strd></RmtInf><RltdDts><TxDtTm>2018-09-22T15:36:45</TxDtTm></RltdDts><AddtlTxInf>PPWD00000000APBVY01020180922826235262</AddtlTxInf></TxDtls><AddtlNtryInf>COMPLETE//0000//003//CREDIT</AddtlNtryInf></Ntry><Ntry><Amt Ccy="GBP">124.50</Amt><CdtDbtInd>CRDT</CdtDbtInd><Sts>BOOK</Sts><BookgDt><Dt>2018-09-24</Dt></BookgDt><BkTxCd><Prtry><Cd>SIP UKBA CR 40269</Cd></Prtry></BkTxCd><TxDtls><Refs><EndToEndId>NOREF</EndToEndId><TxId>320049501451229001</TxId><Prtry><Tp>STO REF</Tp><Ref>0000</Ref></Prtry></Refs><RltdPties><Dbtr><Nm>MMD CLEAN LD</Nm></Dbtr><DbtrAcct><Id><PrtryAcct><Id>40171771581767</Id></PrtryAcct></Id></DbtrAcct><Cdtr><Nm>VICTOR DI GIORGIO</Nm></Cdtr><CdtrAcct><Id><PrtryAcct><Id>23008200178279</Id></PrtryAcct></Id></CdtrAcct><Prtry><Tp>SAL</Tp><Pty/></Prtry></RltdPties><RmtInf><Strd><AddtlRmtInf>NO REF</AddtlRmtInf></Strd><Strd><AddtlRmtInf>MMD CLEAN LD//SAL</AddtlRmtInf></Strd></RmtInf><RltdDts><TxDtTm>2018-09-22T15:41:06</TxDtTm></RltdDts><AddtlTxInf>3200495014512290011020180922826401717</AddtlTxInf></TxDtls><AddtlNtryInf>COMPLETE//0000//003//CREDIT</AddtlNtryInf></Ntry><Ntry><Amt Ccy="GBP">50.00</Amt><CdtDbtInd>CRDT</CdtDbtInd><Sts>BOOK</Sts><BookgDt><Dt>2018-09-24</Dt></BookgDt><BkTxCd><Prtry><Cd>SIP UKBA CR 40269</Cd></Prtry></BkTxCd><TxDtls><Refs><EndToEndId>NOREF</EndToEndId><TxId>RP4679962000910200</TxId></Refs><RltdPties><Dbtr><Nm>MURORINKA B</Nm></Dbtr><DbtrAcct><Id><PrtryAcct><Id>20530450056413</Id></PrtryAcct></Id></DbtrAcct><Cdtr><Nm>LINDA VINCENT</Nm></Cdtr><CdtrAcct><Id><PrtryAcct><Id>23008200234277</Id></PrtryAcct></Id></CdtrAcct><Prtry><Tp>MAMA</Tp><Pty/></Prtry></RltdPties><RmtInf><Strd><AddtlRmtInf>NO REF</AddtlRmtInf></Strd><Strd><AddtlRmtInf>MURORINKA B//MAMA</AddtlRmtInf></Strd></RmtInf><RltdDts><TxDtTm>2018-09-22T15:41:31</TxDtTm></RltdDts><AddtlTxInf>RP46799620009102001020180922826200026</AddtlTxInf></TxDtls><AddtlNtryInf>COMPLETE//0000//003//CREDIT</AddtlNtryInf></Ntry><Ntry><Amt Ccy="GBP">45.00</Amt><CdtDbtInd>CRDT</CdtDbtInd><Sts>BOOK</Sts><BookgDt><Dt>2018-09-24</Dt></BookgDt><BkTxCd><Prtry><Cd>SIP UKBA CR 40269</Cd></Prtry></BkTxCd><TxDtls><Refs><EndToEndId>NOREF</EndToEndId><TxId>RP4659985105862200</TxId></Refs><RltdPties><Dbtr><Nm>RUSLING L+L</Nm></Dbtr><DbtrAcct><Id><PrtryAcct><Id>20768980910481</Id></PrtryAcct></Id></DbtrAcct><Cdtr><Nm>K CUTHBERT</Nm></Cdtr><CdtrAcct><Id><PrtryAcct><Id>23008200458890</Id></PrtryAcct></Id></CdtrAcct><Prtry><Tp>221018</Tp><Pty/></Prtry></RltdPties><RmtInf><Strd><AddtlRmtInf>NO REF</AddtlRmtInf></Strd><Strd><AddtlRmtInf>RUSLING L+L//221018</AddtlRmtInf></Strd></RmtInf><RltdDts><TxDtTm>2018-09-22T15:41:31</TxDtTm></RltdDts><AddtlTxInf>RP46599851058622001020180922826200026</AddtlTxInf></TxDtls><AddtlNtryInf>COMPLETE//0000//003//CREDIT</AddtlNtryInf></Ntry><Ntry><Amt Ccy="GBP">70.00</Amt><CdtDbtInd>CRDT</CdtDbtInd><Sts>BOOK</Sts><BookgDt><Dt>2018-09-24</Dt></BookgDt><BkTxCd><Prtry><Cd>SIP UKBA CR 40269</Cd></Prtry></BkTxCd><TxDtls><Refs><EndToEndId>NOREF</EndToEndId><TxId>300000000394611005</TxId></Refs><RltdPties><Dbtr><Nm>R Ali</Nm></Dbtr><DbtrAcct><Id><PrtryAcct><Id>30945134606960</Id></PrtryAcct></Id></DbtrAcct><Cdtr><Nm>ALI KAKAR</Nm></Cdtr><CdtrAcct><Id><PrtryAcct><Id>23008200245300</Id></PrtryAcct></Id></CdtrAcct><Prtry><Tp>ALI</Tp><Pty/></Prtry></RltdPties><RmtInf><Strd><AddtlRmtInf>NO REF</AddtlRmtInf></Strd><Strd><AddtlRmtInf>R Ali//ALI</AddtlRmtInf></Strd></RmtInf><RltdDts><TxDtTm>2018-09-22T15:43:56</TxDtTm></RltdDts><AddtlTxInf>3000000003946110051020180922826309451</AddtlTxInf></TxDtls><AddtlNtryInf>COMPLETE//0000//003//CREDIT</AddtlNtryInf></Ntry><Ntry><Amt Ccy="GBP">250.00</Amt><CdtDbtInd>CRDT</CdtDbtInd><Sts>BOOK</Sts><BookgDt><Dt>2018-09-24</Dt></BookgDt><BkTxCd><Prtry><Cd>SIP UKBA CR 40269</Cd></Prtry></BkTxCd><TxDtls><Refs><EndToEndId>NOREF</EndToEndId><TxId>300000000394611147</TxId></Refs><RltdPties><Dbtr><Nm>J Buchanan</Nm></Dbtr><DbtrAcct><Id><PrtryAcct><Id>11023900971925</Id></PrtryAcct></Id></DbtrAcct><Cdtr><Nm>REBBECCA</Nm></Cdtr><CdtrAcct><Id><PrtryAcct><Id>23008200451347</Id></PrtryAcct></Id></CdtrAcct><Prtry><Tp>STEVAN</Tp><Pty/></Prtry></RltdPties><RmtInf><Strd><AddtlRmtInf>NO REF</AddtlRmtInf></Strd><Strd><AddtlRmtInf>J Buchanan//STEVAN</AddtlRmtInf></Strd></RmtInf><RltdDts><TxDtTm>2018-09-22T15:44:43</TxDtTm></RltdDts><AddtlTxInf>3000000003946111471020180922826110239</AddtlTxInf></TxDtls><AddtlNtryInf>COMPLETE//0000//003//CREDIT</AddtlNtryInf></Ntry><Ntry><Amt Ccy="GBP">72.23</Amt><CdtDbtInd>CRDT</CdtDbtInd><Sts>BOOK</Sts><BookgDt><Dt>2018-09-24</Dt></BookgDt><BkTxCd><Prtry><Cd>SIP UKBA CR 40269</Cd></Prtry></BkTxCd><TxDtls><Refs><EndToEndId>PPWD00000000APC17G</EndToEndId><TxId>PPWD00000000APC17G</TxId></Refs><RltdPties><Dbtr><Nm>PayPal</Nm><PstlAdr><AdrLine>2211 N 1st Street San Jose CA 95131</AdrLine><Ctry/></PstlAdr></Dbtr><DbtrAcct><Id><PrtryAcct><Id>23526278959595</Id></PrtryAcct></Id></DbtrAcct><Cdtr><Nm>Great Wazzy Pet Wear</Nm><PstlAdr><AdrLine>100 Surbiton Hill Park</AdrLine><Ctry/></PstlAdr></Cdtr><CdtrAcct><Id><PrtryAcct><Id>23008200454553</Id></PrtryAcct></Id></CdtrAcct><Prtry><Tp>PPWDL4ER22ALACFMLU</Tp><Pty/></Prtry></RltdPties><RmtInf><Strd><RfrdDocInf><RfrdDocTp><Prtry>002</Prtry></RfrdDocTp></RfrdDocInf><AddtlRmtInf>NO REF</AddtlRmtInf></Strd><Strd><AddtlRmtInf>PayPal//PPWDL4ER22ALACFMLU</AddtlRmtInf></Strd></RmtInf><RltdDts><TxDtTm>2018-09-22T15:56:10</TxDtTm></RltdDts><AddtlTxInf>PPWD00000000APC17G1020180922826235262</AddtlTxInf></TxDtls><AddtlNtryInf>COMPLETE//0000//003//CREDIT</AddtlNtryInf></Ntry></Ntfctn></BkToCstmrDbtCdtNtfctnV01></Document>