<?xml version="1.0" encoding="UTF-8"?><Document xmlns:xsi="http://www.w3.org/2001/XMLSchema-instance" xmlns="urn:iso:std:iso:20022:tech:xsd:camt.054.001.01"><BkToCstmrDbtCdtNtfctnV01><GrpHdr><MsgId>80309K//12368</MsgId><CreDtTm>2018-09-03T15:30:00</CreDtTm></GrpHdr><Ntfctn><Id>80309K//12368//1</Id><CreDtTm>2018-09-03T15:30:00</CreDtTm><Acct><Id><PrtryAcct><Id>20594233939774</Id></PrtryAcct></Id><Ccy>GBP</Ccy></Acct><TxsSummry><TtlNtries><NbOfNtries>8</NbOfNtries><Sum>2304.18</Sum></TtlNtries><TtlCdtNtries><NbOfNtries>8</NbOfNtries><Sum>2304.18</Sum></TtlCdtNtries><TtlDbtNtries><NbOfNtries>0</NbOfNtries><Sum>0.00</Sum></TtlDbtNtries></TxsSummry><Ntry><Amt Ccy="GBP">1048.00</Amt><CdtDbtInd>CRDT</CdtDbtInd><Sts>BOOK</Sts><BookgDt><Dt>2018-09-03</Dt></BookgDt><BkTxCd><Prtry><Cd>SIP UKBA CR 40269</Cd></Prtry></BkTxCd><TxDtls><Refs><EndToEndId>GO CLICK FEE</EndToEndId><TxId>26150346185659000R</TxId><Prtry><Tp>STO REF</Tp><Ref>0000</Ref></Prtry></Refs><RltdPties><Dbtr><Nm>MARQ MILLIONS LTD</Nm></Dbtr><DbtrAcct><Id><PrtryAcct><Id>16001810123776</Id></PrtryAcct></Id></DbtrAcct><Cdtr><Nm>GO CLICK - ARRO</Nm></Cdtr><CdtrAcct><Id><PrtryAcct><Id>23008200033404</Id></PrtryAcct></Id></CdtrAcct><Prtry><Tp>GO CLICK FEE</Tp><Pty/></Prtry></RltdPties><RmtInf><Strd><AddtlRmtInf>MARQ MILLIONS LTD GO CLICK FEE      VIA ONLINE - PYMT</AddtlRmtInf></Strd><Strd><AddtlRmtInf>MARQ MILLIONS LTD//GO CLICK FEE</AddtlRmtInf></Strd></RmtInf><RltdDts><TxDtTm>2018-09-03T15:03:46</TxDtTm></RltdDts><AddtlTxInf>26150346185659000R1020180903826160018</AddtlTxInf></TxDtls><AddtlNtryInf>COMPLETE//0000//002//CREDIT</AddtlNtryInf></Ntry><Ntry><Amt Ccy="GBP">67.00</Amt><CdtDbtInd>CRDT</CdtDbtInd><Sts>BOOK</Sts><BookgDt><Dt>2018-09-03</Dt></BookgDt><BkTxCd><Prtry><Cd>DCA UKBA CR 40269</Cd></Prtry></BkTxCd><TxDtls><Refs><EndToEndId>NOREF</EndToEndId><TxId>000000013453343801</TxId><Prtry><Tp>STO REF</Tp><Ref>0000</Ref></Prtry></Refs><RltdPties><Dbtr><Nm>23630701420721</Nm></Dbtr><DbtrAcct><Id><PrtryAcct><Id>20594243523659</Id></PrtryAcct></Id></DbtrAcct><Cdtr><Nm>D MCDONALD</Nm></Cdtr><CdtrAcct><Id><PrtryAcct><Id>23008200321503</Id></PrtryAcct></Id></CdtrAcct><Prtry><Tp>DMC</Tp><Pty/></Prtry></RltdPties><RmtInf><Strd><AddtlRmtInf>NO REF</AddtlRmtInf></Strd><Strd><AddtlRmtInf>23630701420721//DMC</AddtlRmtInf></Strd></RmtInf><RltdDts><TxDtTm>2018-09-03T15:16:46</TxDtTm></RltdDts><AddtlTxInf>0000000134533438015020180903826205942</AddtlTxInf></TxDtls><AddtlNtryInf>COMPLETE//0000//002//CREDIT</AddtlNtryInf></Ntry><Ntry><Amt Ccy="GBP">139.00</Amt><CdtDbtInd>CRDT</CdtDbtInd><Sts>BOOK</Sts><BookgDt><Dt>2018-09-03</Dt></BookgDt><BkTxCd><Prtry><Cd>DCA UKBA CR 40269</Cd></Prtry></BkTxCd><TxDtls><Refs><EndToEndId>NOREF</EndToEndId><TxId>000000013453348901</TxId><Prtry><Tp>STO REF</Tp><Ref>0000</Ref></Prtry></Refs><RltdPties><Dbtr><Nm>23630700604038</Nm></Dbtr><DbtrAcct><Id><PrtryAcct><Id>20594243523659</Id></PrtryAcct></Id></DbtrAcct><Cdtr><Nm>O JOHNSON</Nm></Cdtr><CdtrAcct><Id><PrtryAcct><Id>23008200221522</Id></PrtryAcct></Id></CdtrAcct><Prtry><Tp>OLI</Tp><Pty/></Prtry></RltdPties><RmtInf><Strd><AddtlRmtInf>NO REF</AddtlRmtInf></Strd><Strd><AddtlRmtInf>23630700604038//OLI</AddtlRmtInf></Strd></RmtInf><RltdDts><TxDtTm>2018-09-03T15:16:46</TxDtTm></RltdDts><AddtlTxInf>0000000134533489015020180903826205942</AddtlTxInf></TxDtls><AddtlNtryInf>COMPLETE//0000//002//CREDIT</AddtlNtryInf></Ntry><Ntry><Amt Ccy="GBP">305.18</Amt><CdtDbtInd>CRDT</CdtDbtInd><Sts>BOOK</Sts><BookgDt><Dt>2018-09-03</Dt></BookgDt><BkTxCd><Prtry><Cd>SIP UKBA CR 40269</Cd></Prtry></BkTxCd><TxDtls><Refs><EndToEndId>BAILEYSAGY/WAGES</EndToEndId><TxId>40151733450950000N</TxId><Prtry><Tp>STO REF</Tp><Ref>0000</Ref></Prtry></Refs><RltdPties><Dbtr><Nm>BAILEYS PERMANENT</Nm></Dbtr><DbtrAcct><Id><PrtryAcct><Id>55701378395461</Id></PrtryAcct></Id></DbtrAcct><Cdtr><Nm>MR COLIN LAYHE</Nm></Cdtr><CdtrAcct><Id><PrtryAcct><Id>23008200389163</Id></PrtryAcct></Id></CdtrAcct><Prtry><Tp>BAILEYSAGY/WAGES</Tp><Pty/></Prtry></RltdPties><RmtInf><Strd><AddtlRmtInf>BAILEYS PERMANENT BAILEYSAGY/WAGES  VIA ONLINE - PYMT</AddtlRmtInf></Strd><Strd><AddtlRmtInf>BAILEYS PERMANENT//BAILEYSAGY/WAGES</AddtlRmtInf></Strd></RmtInf><RltdDts><TxDtTm>2018-09-03T15:17:33</TxDtTm></RltdDts><AddtlTxInf>40151733450950000N1020180903826557013</AddtlTxInf></TxDtls><AddtlNtryInf>COMPLETE//0000//002//CREDIT</AddtlNtryInf></Ntry><Ntry><Amt Ccy="GBP">90.00</Amt><CdtDbtInd>CRDT</CdtDbtInd><Sts>BOOK</Sts><BookgDt><Dt>2018-09-03</Dt></BookgDt><BkTxCd><Prtry><Cd>SIP UKBA CR 40269</Cd></Prtry></BkTxCd><TxDtls><Refs><EndToEndId>NOREF</EndToEndId><TxId>CBBPI1521252058211</TxId></Refs><RltdPties><Dbtr><Nm>MARY GASKIN</Nm></Dbtr><DbtrAcct><Id><PrtryAcct><Id>82693450543353</Id></PrtryAcct></Id></DbtrAcct><Cdtr><Nm>Mum</Nm></Cdtr><CdtrAcct><Id><PrtryAcct><Id>23008200350230</Id></PrtryAcct></Id></CdtrAcct><Prtry><Tp>Mum</Tp><Pty/></Prtry></RltdPties><RmtInf><Strd><RfrdDocInf><RfrdDocTp><Prtry>002</Prtry></RfrdDocTp></RfrdDocInf><AddtlRmtInf>NO REF</AddtlRmtInf></Strd><Strd><AddtlRmtInf>MARY GASKIN//Mum</AddtlRmtInf></Strd></RmtInf><RltdDts><TxDtTm>2018-09-03T15:21:26</TxDtTm></RltdDts><AddtlTxInf>CBBPI15212520582111020180903826826934</AddtlTxInf></TxDtls><AddtlNtryInf>COMPLETE//0000//002//CREDIT</AddtlNtryInf></Ntry><Ntry><Amt Ccy="GBP">300.00</Amt><CdtDbtInd>CRDT</CdtDbtInd><Sts>BOOK</Sts><BookgDt><Dt>2018-09-03</Dt></BookgDt><BkTxCd><Prtry><Cd>SIP UKBA CR 40269</Cd></Prtry></BkTxCd><TxDtls><Refs><EndToEndId>00156551632BBDHTNP</EndToEndId><TxId>00156551632BBDHTNP</TxId></Refs><RltdPties><Dbtr><Nm>FREIGHT MANAGEMENT EUROPEAN LTD</Nm></Dbtr><DbtrAcct><Id><PrtryAcct><Id>09072001122630</Id></PrtryAcct></Id></DbtrAcct><Cdtr><Nm>T Marshall</Nm></Cdtr><CdtrAcct><Id><PrtryAcct><Id>23008200033369</Id></PrtryAcct></Id></CdtrAcct><Prtry><Tp>FREIGHT MANAGEMENT</Tp><Pty/></Prtry></RltdPties><RmtInf><Strd><AddtlRmtInf>FREIGHT MANAGEMENT</AddtlRmtInf></Strd><Strd><AddtlRmtInf>FREIGHT MANAGEMENT//FREIGHT MANAGEMENT</AddtlRmtInf></Strd></RmtInf><RltdDts><TxDtTm>2018-09-03T15:22:08</TxDtTm></RltdDts><AddtlTxInf>00156551632BBDHTNP1020180903826090720</AddtlTxInf></TxDtls><AddtlNtryInf>COMPLETE//0000//002//CREDIT</AddtlNtryInf></Ntry><Ntry><Amt Ccy="GBP">325.00</Amt><CdtDbtInd>CRDT</CdtDbtInd><Sts>BOOK</Sts><BookgDt><Dt>2018-09-03</Dt></BookgDt><BkTxCd><Prtry><Cd>SIP UKBA CR 40269</Cd></Prtry></BkTxCd><TxDtls><Refs><EndToEndId>NOREF</EndToEndId><TxId>200000000383928717</TxId></Refs><RltdPties><Dbtr><Nm>G Backhouse</Nm></Dbtr><DbtrAcct><Id><PrtryAcct><Id>11012600241291</Id></PrtryAcct></Id></DbtrAcct><Cdtr><Nm>PPI PAY</Nm></Cdtr><CdtrAcct><Id><PrtryAcct><Id>23008200347305</Id></PrtryAcct></Id></CdtrAcct></RltdPties><RmtInf><Strd><AddtlRmtInf>NO REF</AddtlRmtInf></Strd><Strd><AddtlRmtInf>G Backhouse//</AddtlRmtInf></Strd></RmtInf><RltdDts><TxDtTm>2018-09-03T15:22:25</TxDtTm></RltdDts><AddtlTxInf>2000000003839287171020180903826110126</AddtlTxInf></TxDtls><AddtlNtryInf>COMPLETE//0000//002//CREDIT</AddtlNtryInf></Ntry><Ntry><Amt Ccy="GBP">30.00</Amt><CdtDbtInd>CRDT</CdtDbtInd><Sts>BOOK</Sts><BookgDt><Dt>2018-09-03</Dt></BookgDt><BkTxCd><Prtry><Cd>SIP UKBA CR 40269</Cd></Prtry></BkTxCd><TxDtls><Refs><EndToEndId>X</EndToEndId><TxId>54152902802537000N</TxId><Prtry><Tp>STO REF</Tp><Ref>0000</Ref></Prtry></Refs><RltdPties><Dbtr><Nm>KAYA ZO</Nm></Dbtr><DbtrAcct><Id><PrtryAcct><Id>60193832094876</Id></PrtryAcct></Id></DbtrAcct><Cdtr><Nm>CHLOE</Nm></Cdtr><CdtrAcct><Id><PrtryAcct><Id>23008200243828</Id></PrtryAcct></Id></CdtrAcct><Prtry><Tp>X</Tp><Pty/></Prtry></RltdPties><RmtInf><Strd><AddtlRmtInf>KAYA ZO           X                 VIA MOBILE - LVP</AddtlRmtInf></Strd><Strd><AddtlRmtInf>KAYA ZO//X</AddtlRmtInf></Strd></RmtInf><RltdDts><TxDtTm>2018-09-03T15:29:03</TxDtTm></RltdDts><AddtlTxInf>54152902802537000N1020180903826601938</AddtlTxInf></TxDtls><AddtlNtryInf>COMPLETE//0000//002//CREDIT</AddtlNtryInf></Ntry></Ntfctn></BkToCstmrDbtCdtNtfctnV01></Document>