<?xml version="1.0" encoding="UTF-8"?><Document xmlns:xsi="http://www.w3.org/2001/XMLSchema-instance" xmlns="urn:iso:std:iso:20022:tech:xsd:camt.054.001.01"><BkToCstmrDbtCdtNtfctnV01><GrpHdr><MsgId>80309K//13328</MsgId><CreDtTm>2018-09-25T20:30:00</CreDtTm></GrpHdr><Ntfctn><Id>80309K//13328//1</Id><CreDtTm>2018-09-25T20:30:00</CreDtTm><Acct><Id><PrtryAcct><Id>20594233939774</Id></PrtryAcct></Id><Ccy>GBP</Ccy></Acct><TxsSummry><TtlNtries><NbOfNtries>8</NbOfNtries><Sum>1339.50</Sum></TtlNtries><TtlCdtNtries><NbOfNtries>8</NbOfNtries><Sum>1339.50</Sum></TtlCdtNtries><TtlDbtNtries><NbOfNtries>0</NbOfNtries><Sum>0.00</Sum></TtlDbtNtries></TxsSummry><Ntry><Amt Ccy="GBP">200.00</Amt><CdtDbtInd>CRDT</CdtDbtInd><Sts>BOOK</Sts><BookgDt><Dt>2018-09-26</Dt></BookgDt><BkTxCd><Prtry><Cd>SIP UKBA CR 40269</Cd></Prtry></BkTxCd><TxDtls><Refs><EndToEndId>NOREF</EndToEndId><TxId>200000000390160667</TxId></Refs><RltdPties><Dbtr><Nm>S Nichitean</Nm></Dbtr><DbtrAcct><Id><PrtryAcct><Id>11057612820566</Id></PrtryAcct></Id></DbtrAcct><Cdtr><Nm>GLOBE MOTORING</Nm></Cdtr><CdtrAcct><Id><PrtryAcct><Id>23008200464812</Id></PrtryAcct></Id></CdtrAcct><Prtry><Tp>31677119</Tp><Pty/></Prtry></RltdPties><RmtInf><Strd><AddtlRmtInf>NO REF</AddtlRmtInf></Strd><Strd><AddtlRmtInf>S Nichitean//31677119</AddtlRmtInf></Strd></RmtInf><RltdDts><TxDtTm>2018-09-25T20:02:50</TxDtTm></RltdDts><AddtlTxInf>2000000003901606671020180925826110576</AddtlTxInf></TxDtls><AddtlNtryInf>COMPLETE//0000//003//CREDIT</AddtlNtryInf></Ntry><Ntry><Amt Ccy="GBP">193.00</Amt><CdtDbtInd>CRDT</CdtDbtInd><Sts>BOOK</Sts><BookgDt><Dt>2018-09-26</Dt></BookgDt><BkTxCd><Prtry><Cd>SIP UKBA CR 40269</Cd></Prtry></BkTxCd><TxDtls><Refs><EndToEndId>NOREF</EndToEndId><TxId>RP4679962236423400</TxId></Refs><RltdPties><Dbtr><Nm>HAYHURST D</Nm></Dbtr><DbtrAcct><Id><PrtryAcct><Id>20199610953768</Id></PrtryAcct></Id></DbtrAcct><Cdtr><Nm>MR NADO</Nm></Cdtr><CdtrAcct><Id><PrtryAcct><Id>23008200149542</Id></PrtryAcct></Id></CdtrAcct><Prtry><Tp>PAYBACKLENDING</Tp><Pty/></Prtry></RltdPties><RmtInf><Strd><AddtlRmtInf>NO REF</AddtlRmtInf></Strd><Strd><AddtlRmtInf>HAYHURST D//PAYBACKLENDING</AddtlRmtInf></Strd></RmtInf><RltdDts><TxDtTm>2018-09-25T20:05:51</TxDtTm></RltdDts><AddtlTxInf>RP46799622364234001020180925826200026</AddtlTxInf></TxDtls><AddtlNtryInf>COMPLETE//0000//003//CREDIT</AddtlNtryInf></Ntry><Ntry><Amt Ccy="GBP">586.00</Amt><CdtDbtInd>CRDT</CdtDbtInd><Sts>BOOK</Sts><BookgDt><Dt>2018-09-26</Dt></BookgDt><BkTxCd><Prtry><Cd>SIP UKBA CR 40269</Cd></Prtry></BkTxCd><TxDtls><Refs><EndToEndId>NOREF</EndToEndId><TxId>RP4659985313206400</TxId></Refs><RltdPties><Dbtr><Nm>CHRISTOPHER B T</Nm></Dbtr><DbtrAcct><Id><PrtryAcct><Id>20396400911135</Id></PrtryAcct></Id></DbtrAcct><Cdtr><Nm>MR PAUL CUMMINGS</Nm></Cdtr><CdtrAcct><Id><PrtryAcct><Id>23008200368493</Id></PrtryAcct></Id></CdtrAcct><Prtry><Tp>PRESSURE WASHER</Tp><Pty/></Prtry></RltdPties><RmtInf><Strd><AddtlRmtInf>NO REF</AddtlRmtInf></Strd><Strd><AddtlRmtInf>CHRISTOPHER B T//PRESSURE WASHER</AddtlRmtInf></Strd></RmtInf><RltdDts><TxDtTm>2018-09-25T20:05:56</TxDtTm></RltdDts><AddtlTxInf>RP46599853132064001020180925826200026</AddtlTxInf></TxDtls><AddtlNtryInf>COMPLETE//0000//003//CREDIT</AddtlNtryInf></Ntry><Ntry><Amt Ccy="GBP">15.00</Amt><CdtDbtInd>CRDT</CdtDbtInd><Sts>BOOK</Sts><BookgDt><Dt>2018-09-26</Dt></BookgDt><BkTxCd><Prtry><Cd>FDP UKBA CR 40269</Cd></Prtry></BkTxCd><TxDtls><Refs><EndToEndId>CIRCLE-UK-QZB6WEA</EndToEndId><TxId>PH1000001408431700</TxId></Refs><RltdPties><Dbtr><Nm>Circle UK Trading Limited</Nm></Dbtr><DbtrAcct><Id><PrtryAcct><Id>20000023376060</Id></PrtryAcct></Id></DbtrAcct><Cdtr><Nm>Kay Hogg</Nm></Cdtr><CdtrAcct><Id><PrtryAcct><Id>23008200407222</Id></PrtryAcct></Id></CdtrAcct><Prtry><Tp>Circle UK Trading</Tp><Pty/></Prtry></RltdPties><RmtInf><Strd><AddtlRmtInf>Limited, Ref: CIRCLE-UK-QZB6WEA, supportatcircledotcom, 44-1793-250273</AddtlRmtInf></Strd><Strd><AddtlRmtInf>Circle UK Trading//Circle UK Trading</AddtlRmtInf></Strd></RmtInf><RltdDts><TxDtTm>2018-09-25T20:14:29</TxDtTm></RltdDts><AddtlTxInf>PH10000014084317004020180925826203253</AddtlTxInf></TxDtls><AddtlNtryInf>COMPLETE//0000//003//CREDIT</AddtlNtryInf></Ntry><Ntry><Amt Ccy="GBP">70.00</Amt><CdtDbtInd>CRDT</CdtDbtInd><Sts>BOOK</Sts><BookgDt><Dt>2018-09-26</Dt></BookgDt><BkTxCd><Prtry><Cd>SIP UKBA CR 40269</Cd></Prtry></BkTxCd><TxDtls><Refs><EndToEndId>PPWD00000000AQ54GQ</EndToEndId><TxId>PPWD00000000AQ54GQ</TxId></Refs><RltdPties><Dbtr><Nm>PayPal</Nm><PstlAdr><AdrLine>2211 N 1st Street San Jose CA 95131</AdrLine><Ctry/></PstlAdr></Dbtr><DbtrAcct><Id><PrtryAcct><Id>23526278959595</Id></PrtryAcct></Id></DbtrAcct><Cdtr><Nm>shaun rowley</Nm><PstlAdr><AdrLine>18 Chaucer Road</AdrLine><Ctry/></PstlAdr></Cdtr><CdtrAcct><Id><PrtryAcct><Id>23008200195443</Id></PrtryAcct></Id></CdtrAcct><Prtry><Tp>PPWDL5RP22ALCUEETC</Tp><Pty/></Prtry></RltdPties><RmtInf><Strd><RfrdDocInf><RfrdDocTp><Prtry>002</Prtry></RfrdDocTp></RfrdDocInf><AddtlRmtInf>NO REF</AddtlRmtInf></Strd><Strd><AddtlRmtInf>PayPal//PPWDL5RP22ALCUEETC</AddtlRmtInf></Strd></RmtInf><RltdDts><TxDtTm>2018-09-25T20:15:29</TxDtTm></RltdDts><AddtlTxInf>PPWD00000000AQ54GQ1020180925826235262</AddtlTxInf></TxDtls><AddtlNtryInf>COMPLETE//0000//003//CREDIT</AddtlNtryInf></Ntry><Ntry><Amt Ccy="GBP">4.50</Amt><CdtDbtInd>CRDT</CdtDbtInd><Sts>BOOK</Sts><BookgDt><Dt>2018-09-26</Dt></BookgDt><BkTxCd><Prtry><Cd>SIP UKBA CR 40269</Cd></Prtry></BkTxCd><TxDtls><Refs><EndToEndId>PPWD00000000AQ5526</EndToEndId><TxId>PPWD00000000AQ5526</TxId></Refs><RltdPties><Dbtr><Nm>PayPal</Nm><PstlAdr><AdrLine>2211 N 1st Street San Jose CA 95131</AdrLine><Ctry/></PstlAdr></Dbtr><DbtrAcct><Id><PrtryAcct><Id>23526278959595</Id></PrtryAcct></Id></DbtrAcct><Cdtr><Nm>marc easter</Nm><PstlAdr><AdrLine>24 Church Walk</AdrLine><Ctry/></PstlAdr></Cdtr><CdtrAcct><Id><PrtryAcct><Id>23008200459061</Id></PrtryAcct></Id></CdtrAcct><Prtry><Tp>PPWDL47Y22ALCUFL6J</Tp><Pty/></Prtry></RltdPties><RmtInf><Strd><RfrdDocInf><RfrdDocTp><Prtry>002</Prtry></RfrdDocTp></RfrdDocInf><AddtlRmtInf>NO REF</AddtlRmtInf></Strd><Strd><AddtlRmtInf>PayPal//PPWDL47Y22ALCUFL6J</AddtlRmtInf></Strd></RmtInf><RltdDts><TxDtTm>2018-09-25T20:17:14</TxDtTm></RltdDts><AddtlTxInf>PPWD00000000AQ55261020180925826235262</AddtlTxInf></TxDtls><AddtlNtryInf>COMPLETE//0000//003//CREDIT</AddtlNtryInf></Ntry><Ntry><Amt Ccy="GBP">41.00</Amt><CdtDbtInd>CRDT</CdtDbtInd><Sts>BOOK</Sts><BookgDt><Dt>2018-09-26</Dt></BookgDt><BkTxCd><Prtry><Cd>DCA UKBA CR 40269</Cd></Prtry></BkTxCd><TxDtls><Refs><EndToEndId>NOREF</EndToEndId><TxId>000000013668107901</TxId><Prtry><Tp>STO REF</Tp><Ref>8207</Ref></Prtry></Refs><RltdPties><Dbtr><Nm>EVA AMBER DONKER</Nm></Dbtr><DbtrAcct><Id><PrtryAcct><Id>20035373152596</Id></PrtryAcct></Id></DbtrAcct><Cdtr><Nm>JACOB ONILE</Nm></Cdtr><CdtrAcct><Id><PrtryAcct><Id>23008200466997</Id></PrtryAcct></Id></CdtrAcct><Prtry><Tp>JACOB ONILE</Tp><Pty/></Prtry></RltdPties><RmtInf><Strd><AddtlRmtInf>NO REF</AddtlRmtInf></Strd><Strd><AddtlRmtInf>EVA AMBER DONKER//JACOB ONILE</AddtlRmtInf></Strd></RmtInf><RltdDts><TxDtTm>2018-09-25T20:22:44</TxDtTm></RltdDts><AddtlTxInf>0000000136681079015020180925826200353</AddtlTxInf></TxDtls><AddtlNtryInf>COMPLETE//0000//003//CREDIT</AddtlNtryInf></Ntry><Ntry><Amt Ccy="GBP">230.00</Amt><CdtDbtInd>CRDT</CdtDbtInd><Sts>BOOK</Sts><BookgDt><Dt>2018-09-26</Dt></BookgDt><BkTxCd><Prtry><Cd>SIP UKBA CR 40269</Cd></Prtry></BkTxCd><TxDtls><Refs><EndToEndId>PPWD00000000AQ55T0</EndToEndId><TxId>PPWD00000000AQ55T0</TxId></Refs><RltdPties><Dbtr><Nm>PayPal</Nm><PstlAdr><AdrLine>2211 N 1st Street San Jose CA 95131</AdrLine><Ctry/></PstlAdr></Dbtr><DbtrAcct><Id><PrtryAcct><Id>23526278959595</Id></PrtryAcct></Id></DbtrAcct><Cdtr><Nm>David  Kent</Nm><PstlAdr><AdrLine>7 audley close</AdrLine><Ctry/></PstlAdr></Cdtr><CdtrAcct><Id><PrtryAcct><Id>23008200394419</Id></PrtryAcct></Id></CdtrAcct><Prtry><Tp>PPWDL4MJJ2ALBXG8UJ</Tp><Pty/></Prtry></RltdPties><RmtInf><Strd><RfrdDocInf><RfrdDocTp><Prtry>002</Prtry></RfrdDocTp></RfrdDocInf><AddtlRmtInf>NO REF</AddtlRmtInf></Strd><Strd><AddtlRmtInf>PayPal//PPWDL4MJJ2ALBXG8UJ</AddtlRmtInf></Strd></RmtInf><RltdDts><TxDtTm>2018-09-25T20:29:37</TxDtTm></RltdDts><AddtlTxInf>PPWD00000000AQ55T01020180925826235262</AddtlTxInf></TxDtls><AddtlNtryInf>COMPLETE//0000//003//CREDIT</AddtlNtryInf></Ntry></Ntfctn></BkToCstmrDbtCdtNtfctnV01></Document>