<?xml version="1.0" encoding="UTF-8"?><Document xmlns:xsi="http://www.w3.org/2001/XMLSchema-instance" xmlns="urn:iso:std:iso:20022:tech:xsd:camt.054.001.01"><BkToCstmrDbtCdtNtfctnV01><GrpHdr><MsgId>80309K//13402</MsgId><CreDtTm>2018-09-27T14:30:00</CreDtTm></GrpHdr><Ntfctn><Id>80309K//13402//1</Id><CreDtTm>2018-09-27T14:30:00</CreDtTm><Acct><Id><PrtryAcct><Id>20594233939774</Id></PrtryAcct></Id><Ccy>GBP</Ccy></Acct><TxsSummry><TtlNtries><NbOfNtries>19</NbOfNtries><Sum>7949.07</Sum></TtlNtries><TtlCdtNtries><NbOfNtries>19</NbOfNtries><Sum>7949.07</Sum></TtlCdtNtries><TtlDbtNtries><NbOfNtries>0</NbOfNtries><Sum>0.00</Sum></TtlDbtNtries></TxsSummry><Ntry><Amt Ccy="GBP">3100.00</Amt><CdtDbtInd>CRDT</CdtDbtInd><Sts>BOOK</Sts><BookgDt><Dt>2018-09-27</Dt></BookgDt><BkTxCd><Prtry><Cd>SIP UKBA CR 40269</Cd></Prtry></BkTxCd><TxDtls><Refs><EndToEndId>00156527632BLZXCZN</EndToEndId><TxId>00156527632BLZXCZN</TxId></Refs><RltdPties><Dbtr><Nm>CROSSWAYS SERVICE CENTRE LTD</Nm></Dbtr><DbtrAcct><Id><PrtryAcct><Id>09015001494384</Id></PrtryAcct></Id></DbtrAcct><Cdtr><Nm>Prepared</Nm></Cdtr><CdtrAcct><Id><PrtryAcct><Id>23008200440050</Id></PrtryAcct></Id></CdtrAcct><Prtry><Tp>Arro</Tp><Pty/></Prtry></RltdPties><RmtInf><Strd><AddtlRmtInf>NO REF</AddtlRmtInf></Strd><Strd><AddtlRmtInf>CROSSWAYS SERVICE //Arro</AddtlRmtInf></Strd></RmtInf><RltdDts><TxDtTm>2018-09-27T14:00:28</TxDtTm></RltdDts><AddtlTxInf>00156527632BLZXCZN1020180927826090150</AddtlTxInf></TxDtls><AddtlNtryInf>COMPLETE//0000//002//CREDIT</AddtlNtryInf></Ntry><Ntry><Amt Ccy="GBP">15.00</Amt><CdtDbtInd>CRDT</CdtDbtInd><Sts>BOOK</Sts><BookgDt><Dt>2018-09-27</Dt></BookgDt><BkTxCd><Prtry><Cd>SIP UKBA CR 40269</Cd></Prtry></BkTxCd><TxDtls><Refs><EndToEndId>NOREF</EndToEndId><TxId>400000000397180490</TxId></Refs><RltdPties><Dbtr><Nm>R Webb</Nm></Dbtr><DbtrAcct><Id><PrtryAcct><Id>11112600564070</Id></PrtryAcct></Id></DbtrAcct><Cdtr><Nm>KERRY WALTERS</Nm></Cdtr><CdtrAcct><Id><PrtryAcct><Id>23008200127860</Id></PrtryAcct></Id></CdtrAcct><Prtry><Tp>RUSSELL WEBB</Tp><Pty/></Prtry></RltdPties><RmtInf><Strd><AddtlRmtInf>NO REF</AddtlRmtInf></Strd><Strd><AddtlRmtInf>R Webb//RUSSELL WEBB</AddtlRmtInf></Strd></RmtInf><RltdDts><TxDtTm>2018-09-27T14:01:32</TxDtTm></RltdDts><AddtlTxInf>4000000003971804901020180927826111126</AddtlTxInf></TxDtls><AddtlNtryInf>COMPLETE//0000//002//CREDIT</AddtlNtryInf></Ntry><Ntry><Amt Ccy="GBP">20.00</Amt><CdtDbtInd>CRDT</CdtDbtInd><Sts>BOOK</Sts><BookgDt><Dt>2018-09-27</Dt></BookgDt><BkTxCd><Prtry><Cd>SIP UKBA CR 40269</Cd></Prtry></BkTxCd><TxDtls><Refs><EndToEndId>00153425632BWGMPKZ</EndToEndId><TxId>00153425632BWGMPKZ</TxId></Refs><RltdPties><Dbtr><Nm>JENNIFER HESLINGTON</Nm></Dbtr><DbtrAcct><Id><PrtryAcct><Id>09012928550811</Id></PrtryAcct></Id></DbtrAcct><Cdtr><Nm>matt burton</Nm></Cdtr><CdtrAcct><Id><PrtryAcct><Id>23008200320610</Id></PrtryAcct></Id></CdtrAcct><Prtry><Tp>owed</Tp><Pty/></Prtry></RltdPties><RmtInf><Strd><AddtlRmtInf>NO REF</AddtlRmtInf></Strd><Strd><AddtlRmtInf>JENNIFER HESLINGTO//owed</AddtlRmtInf></Strd></RmtInf><RltdDts><TxDtTm>2018-09-27T14:06:40</TxDtTm></RltdDts><AddtlTxInf>00153425632BWGMPKZ1020180927826090129</AddtlTxInf></TxDtls><AddtlNtryInf>COMPLETE//0000//002//CREDIT</AddtlNtryInf></Ntry><Ntry><Amt Ccy="GBP">100.00</Amt><CdtDbtInd>CRDT</CdtDbtInd><Sts>BOOK</Sts><BookgDt><Dt>2018-09-27</Dt></BookgDt><BkTxCd><Prtry><Cd>SIP UKBA CR 40269</Cd></Prtry></BkTxCd><TxDtls><Refs><EndToEndId>NOREF</EndToEndId><TxId>RP4679962381335500</TxId></Refs><RltdPties><Dbtr><Nm>SAMUEL ONYUGO R</Nm></Dbtr><DbtrAcct><Id><PrtryAcct><Id>20665533549321</Id></PrtryAcct></Id></DbtrAcct><Cdtr><Nm>JEDIDIAH GLOBAL LO</Nm></Cdtr><CdtrAcct><Id><PrtryAcct><Id>23008200032558</Id></PrtryAcct></Id></CdtrAcct><Prtry><Tp>HENRY</Tp><Pty/></Prtry></RltdPties><RmtInf><Strd><AddtlRmtInf>NO REF</AddtlRmtInf></Strd><Strd><AddtlRmtInf>SAMUEL ONYUGO R//HENRY</AddtlRmtInf></Strd></RmtInf><RltdDts><TxDtTm>2018-09-27T14:10:10</TxDtTm></RltdDts><AddtlTxInf>RP46799623813355001020180927826200026</AddtlTxInf></TxDtls><AddtlNtryInf>COMPLETE//0000//002//CREDIT</AddtlNtryInf></Ntry><Ntry><Amt Ccy="GBP">6.00</Amt><CdtDbtInd>CRDT</CdtDbtInd><Sts>BOOK</Sts><BookgDt><Dt>2018-09-27</Dt></BookgDt><BkTxCd><Prtry><Cd>SIP UKBA CR 40269</Cd></Prtry></BkTxCd><TxDtls><Refs><EndToEndId>NOREF</EndToEndId><TxId>200000000390717324</TxId></Refs><RltdPties><Dbtr><Nm>E Donker</Nm></Dbtr><DbtrAcct><Id><PrtryAcct><Id>30155364864460</Id></PrtryAcct></Id></DbtrAcct><Cdtr><Nm>DAYO AMUSA</Nm></Cdtr><CdtrAcct><Id><PrtryAcct><Id>23008200470231</Id></PrtryAcct></Id></CdtrAcct><Prtry><Tp>REMOVE</Tp><Pty/></Prtry></RltdPties><RmtInf><Strd><AddtlRmtInf>NO REF</AddtlRmtInf></Strd><Strd><AddtlRmtInf>E Donker//REMOVE</AddtlRmtInf></Strd></RmtInf><RltdDts><TxDtTm>2018-09-27T14:10:28</TxDtTm></RltdDts><AddtlTxInf>2000000003907173241020180927826301553</AddtlTxInf></TxDtls><AddtlNtryInf>COMPLETE//0000//002//CREDIT</AddtlNtryInf></Ntry><Ntry><Amt Ccy="GBP">5.00</Amt><CdtDbtInd>CRDT</CdtDbtInd><Sts>BOOK</Sts><BookgDt><Dt>2018-09-27</Dt></BookgDt><BkTxCd><Prtry><Cd>SIP UKBA CR 40269</Cd></Prtry></BkTxCd><TxDtls><Refs><EndToEndId>NOREF</EndToEndId><TxId>100000000390727344</TxId></Refs><RltdPties><Dbtr><Nm>B Sahera</Nm></Dbtr><DbtrAcct><Id><PrtryAcct><Id>77130815600262</Id></PrtryAcct></Id></DbtrAcct><Cdtr><Nm>SAGAR</Nm></Cdtr><CdtrAcct><Id><PrtryAcct><Id>23008200456299</Id></PrtryAcct></Id></CdtrAcct><Prtry><Tp>5POUND</Tp><Pty/></Prtry></RltdPties><RmtInf><Strd><AddtlRmtInf>NO REF</AddtlRmtInf></Strd><Strd><AddtlRmtInf>B Sahera//5POUND</AddtlRmtInf></Strd></RmtInf><RltdDts><TxDtTm>2018-09-27T14:11:08</TxDtTm></RltdDts><AddtlTxInf>1000000003907273441020180927826771308</AddtlTxInf></TxDtls><AddtlNtryInf>COMPLETE//0000//002//CREDIT</AddtlNtryInf></Ntry><Ntry><Amt Ccy="GBP">287.36</Amt><CdtDbtInd>CRDT</CdtDbtInd><Sts>BOOK</Sts><BookgDt><Dt>2018-09-27</Dt></BookgDt><BkTxCd><Prtry><Cd>SIP UKBA CR 40269</Cd></Prtry></BkTxCd><TxDtls><Refs><EndToEndId>NOREF</EndToEndId><TxId>60493061114183F8SW</TxId><Prtry><Tp>STO REF</Tp><Ref>0000</Ref></Prtry></Refs><RltdPties><Dbtr><Nm>SKRILL LIMITED</Nm><PstlAdr><AdrLine>LONDON</AdrLine><Ctry/></PstlAdr></Dbtr><DbtrAcct><Id><PrtryAcct><Id>40486563717002</Id></PrtryAcct></Id></DbtrAcct><Cdtr><Nm>WILL ATKINSON</Nm></Cdtr><CdtrAcct><Id><PrtryAcct><Id>23008200433862</Id></PrtryAcct></Id></CdtrAcct><Prtry><Tp>TRN2497460852</Tp><Pty/></Prtry></RltdPties><RmtInf><Strd><AddtlRmtInf>NO REF</AddtlRmtInf></Strd><Strd><AddtlRmtInf>SKRILL LIMITED//TRN2497460852</AddtlRmtInf></Strd></RmtInf><RltdDts><TxDtTm>2018-09-27T14:11:21</TxDtTm></RltdDts><AddtlTxInf>60493061114183F8SW1020180927826400530</AddtlTxInf></TxDtls><AddtlNtryInf>COMPLETE//0000//002//CREDIT</AddtlNtryInf></Ntry><Ntry><Amt Ccy="GBP">100.00</Amt><CdtDbtInd>CRDT</CdtDbtInd><Sts>BOOK</Sts><BookgDt><Dt>2018-09-27</Dt></BookgDt><BkTxCd><Prtry><Cd>SIP UKBA CR 40269</Cd></Prtry></BkTxCd><TxDtls><Refs><EndToEndId>NOREF</EndToEndId><TxId>FP18270O09947198</TxId></Refs><RltdPties><Dbtr><Nm>Musumbu Arlette</Nm></Dbtr><DbtrAcct><Id><PrtryAcct><Id>07043620047053</Id></PrtryAcct></Id></DbtrAcct><Cdtr><Nm>ARLETTE MUUSMBU</Nm></Cdtr><CdtrAcct><Id><PrtryAcct><Id>23008200071864</Id></PrtryAcct></Id></CdtrAcct><Prtry><Tp>TRANSATION</Tp><Pty/></Prtry></RltdPties><RmtInf><Strd><AddtlRmtInf>NO REF</AddtlRmtInf></Strd><Strd><AddtlRmtInf>Musumbu Arlette//TRANSATION</AddtlRmtInf></Strd></RmtInf><RltdDts><TxDtTm>2018-09-27T14:14:50</TxDtTm></RltdDts><AddtlTxInf>FP18270O09947198  1020180927826070436</AddtlTxInf></TxDtls><AddtlNtryInf>COMPLETE//0000//002//CREDIT</AddtlNtryInf></Ntry><Ntry><Amt Ccy="GBP">250.00</Amt><CdtDbtInd>CRDT</CdtDbtInd><Sts>BOOK</Sts><BookgDt><Dt>2018-09-27</Dt></BookgDt><BkTxCd><Prtry><Cd>SIP UKBA CR 40269</Cd></Prtry></BkTxCd><TxDtls><Refs><EndToEndId>NOREF</EndToEndId><TxId>180927141824164663</TxId></Refs><RltdPties><Dbtr><Nm>Linda Foster</Nm></Dbtr><DbtrAcct><Id><PrtryAcct><Id>30987022723060</Id></PrtryAcct></Id></DbtrAcct><Cdtr><Nm>C.Neame</Nm></Cdtr><CdtrAcct><Id><PrtryAcct><Id>23008200342397</Id></PrtryAcct></Id></CdtrAcct></RltdPties><RmtInf><Strd><AddtlRmtInf>NO REF</AddtlRmtInf></Strd><Strd><AddtlRmtInf>Linda Foster//</AddtlRmtInf></Strd></RmtInf><RltdDts><TxDtTm>2018-09-27T14:18:21</TxDtTm></RltdDts><AddtlTxInf>1809271418241646631020180927826309870</AddtlTxInf></TxDtls><AddtlNtryInf>COMPLETE//0000//002//CREDIT</AddtlNtryInf></Ntry><Ntry><Amt Ccy="GBP">6.66</Amt><CdtDbtInd>CRDT</CdtDbtInd><Sts>BOOK</Sts><BookgDt><Dt>2018-09-27</Dt></BookgDt><BkTxCd><Prtry><Cd>SIP UKBA CR 40269</Cd></Prtry></BkTxCd><TxDtls><Refs><EndToEndId>NOREF</EndToEndId><TxId>716148430241729001</TxId><Prtry><Tp>STO REF</Tp><Ref>0000</Ref></Prtry></Refs><RltdPties><Dbtr><Nm>ABENOJAR RKP</Nm></Dbtr><DbtrAcct><Id><PrtryAcct><Id>40452792160595</Id></PrtryAcct></Id></DbtrAcct><Cdtr><Nm>Maria Oddy</Nm></Cdtr><CdtrAcct><Id><PrtryAcct><Id>23008200441427</Id></PrtryAcct></Id></CdtrAcct><Prtry><Tp>Sinigang mix</Tp><Pty/></Prtry></RltdPties><RmtInf><Strd><AddtlRmtInf>NO REF</AddtlRmtInf></Strd><Strd><AddtlRmtInf>ABENOJAR RKP//Sinigang mix</AddtlRmtInf></Strd></RmtInf><RltdDts><TxDtTm>2018-09-27T14:20:35</TxDtTm></RltdDts><AddtlTxInf>7161484302417290011020180927826404527</AddtlTxInf></TxDtls><AddtlNtryInf>COMPLETE//0000//002//CREDIT</AddtlNtryInf></Ntry><Ntry><Amt Ccy="GBP">650.00</Amt><CdtDbtInd>CRDT</CdtDbtInd><Sts>BOOK</Sts><BookgDt><Dt>2018-09-27</Dt></BookgDt><BkTxCd><Prtry><Cd>SIP UKBA CR 40269</Cd></Prtry></BkTxCd><TxDtls><Refs><EndToEndId>NO REF</EndToEndId><TxId>BX1809272059877700</TxId></Refs><RltdPties><Dbtr><Nm>HILLSIDE SPORTS GP</Nm></Dbtr><DbtrAcct><Id><PrtryAcct><Id>20658253013081</Id></PrtryAcct></Id></DbtrAcct><Cdtr><Nm>HENRY BONSU</Nm><PstlAdr><AdrLine>15 Pippin Close   LONDON  NW26HDGB</AdrLine><Ctry/></PstlAdr></Cdtr><CdtrAcct><Id><PrtryAcct><Id>23008200462655</Id></PrtryAcct></Id></CdtrAcct><Prtry><Tp>NO REF</Tp><Pty/></Prtry></RltdPties><RmtInf><Strd><RfrdDocInf><RfrdDocTp><Prtry>002</Prtry></RfrdDocTp></RfrdDocInf><AddtlRmtInf>NO REF</AddtlRmtInf></Strd><Strd><AddtlRmtInf>HILLSIDE SPORTS GP//NO REF</AddtlRmtInf></Strd></RmtInf><RltdDts><TxDtTm>2018-09-27T14:20:59</TxDtTm></RltdDts><AddtlTxInf>BX18092720598777001020180927826200000</AddtlTxInf></TxDtls><AddtlNtryInf>COMPLETE//0000//002//CREDIT</AddtlNtryInf></Ntry><Ntry><Amt Ccy="GBP">5.00</Amt><CdtDbtInd>CRDT</CdtDbtInd><Sts>BOOK</Sts><BookgDt><Dt>2018-09-27</Dt></BookgDt><BkTxCd><Prtry><Cd>DCA UKBA CR 40269</Cd></Prtry></BkTxCd><TxDtls><Refs><EndToEndId>NOREF</EndToEndId><TxId>000000013681494901</TxId><Prtry><Tp>STO REF</Tp><Ref>8207</Ref></Prtry></Refs><RltdPties><Dbtr><Nm>EVA AMBER DONKER</Nm></Dbtr><DbtrAcct><Id><PrtryAcct><Id>20035373152596</Id></PrtryAcct></Id></DbtrAcct><Cdtr><Nm>DAVID JONES</Nm></Cdtr><CdtrAcct><Id><PrtryAcct><Id>23008200470350</Id></PrtryAcct></Id></CdtrAcct><Prtry><Tp>DAVID JONES</Tp><Pty/></Prtry></RltdPties><RmtInf><Strd><AddtlRmtInf>NO REF</AddtlRmtInf></Strd><Strd><AddtlRmtInf>EVA AMBER DONKER//DAVID JONES</AddtlRmtInf></Strd></RmtInf><RltdDts><TxDtTm>2018-09-27T14:22:24</TxDtTm></RltdDts><AddtlTxInf>0000000136814949015020180927826200353</AddtlTxInf></TxDtls><AddtlNtryInf>COMPLETE//0000//002//CREDIT</AddtlNtryInf></Ntry><Ntry><Amt Ccy="GBP">220.18</Amt><CdtDbtInd>CRDT</CdtDbtInd><Sts>BOOK</Sts><BookgDt><Dt>2018-09-27</Dt></BookgDt><BkTxCd><Prtry><Cd>FDP UKBA CR 40269</Cd></Prtry></BkTxCd><TxDtls><Refs><EndToEndId>00150469632BBZRJXV</EndToEndId><TxId>00150469632BBZRJXV</TxId></Refs><RltdPties><Dbtr><Nm>BACKOFFICE ONE LIMITED</Nm></Dbtr><DbtrAcct><Id><PrtryAcct><Id>09022210605642</Id></PrtryAcct></Id></DbtrAcct><Cdtr><Nm>S Jamie</Nm></Cdtr><CdtrAcct><Id><PrtryAcct><Id>23008200005681</Id></PrtryAcct></Id></CdtrAcct><Prtry><Tp>2S3016351</Tp><Pty/></Prtry></RltdPties><RmtInf><Strd><AddtlRmtInf>NO REF</AddtlRmtInf></Strd><Strd><AddtlRmtInf>BACKOFFICE ONE LIM//2S3016351</AddtlRmtInf></Strd></RmtInf><RltdDts><TxDtTm>2018-09-27T14:23:57</TxDtTm></RltdDts><AddtlTxInf>00150469632BBZRJXV4020180927826090222</AddtlTxInf></TxDtls><AddtlNtryInf>COMPLETE//0000//002//CREDIT</AddtlNtryInf></Ntry><Ntry><Amt Ccy="GBP">283.55</Amt><CdtDbtInd>CRDT</CdtDbtInd><Sts>BOOK</Sts><BookgDt><Dt>2018-09-27</Dt></BookgDt><BkTxCd><Prtry><Cd>FDP UKBA CR 40269</Cd></Prtry></BkTxCd><TxDtls><Refs><EndToEndId>00150469632BBZRJXR</EndToEndId><TxId>00150469632BBZRJXR</TxId></Refs><RltdPties><Dbtr><Nm>BACKOFFICE ONE LIMITED</Nm></Dbtr><DbtrAcct><Id><PrtryAcct><Id>09022210605642</Id></PrtryAcct></Id></DbtrAcct><Cdtr><Nm>A Rucareanu</Nm></Cdtr><CdtrAcct><Id><PrtryAcct><Id>23008200377208</Id></PrtryAcct></Id></CdtrAcct><Prtry><Tp>2S3018204</Tp><Pty/></Prtry></RltdPties><RmtInf><Strd><AddtlRmtInf>NO REF</AddtlRmtInf></Strd><Strd><AddtlRmtInf>BACKOFFICE ONE LIM//2S3018204</AddtlRmtInf></Strd></RmtInf><RltdDts><TxDtTm>2018-09-27T14:23:58</TxDtTm></RltdDts><AddtlTxInf>00150469632BBZRJXR4020180927826090222</AddtlTxInf></TxDtls><AddtlNtryInf>COMPLETE//0000//002//CREDIT</AddtlNtryInf></Ntry><Ntry><Amt Ccy="GBP">70.20</Amt><CdtDbtInd>CRDT</CdtDbtInd><Sts>BOOK</Sts><BookgDt><Dt>2018-09-27</Dt></BookgDt><BkTxCd><Prtry><Cd>FDP UKBA CR 40269</Cd></Prtry></BkTxCd><TxDtls><Refs><EndToEndId>00150469632BBZRJXS</EndToEndId><TxId>00150469632BBZRJXS</TxId></Refs><RltdPties><Dbtr><Nm>BACKOFFICE ONE LIMITED</Nm></Dbtr><DbtrAcct><Id><PrtryAcct><Id>09022210605642</Id></PrtryAcct></Id></DbtrAcct><Cdtr><Nm>R Bendik</Nm></Cdtr><CdtrAcct><Id><PrtryAcct><Id>23008200370059</Id></PrtryAcct></Id></CdtrAcct><Prtry><Tp>2S3010205</Tp><Pty/></Prtry></RltdPties><RmtInf><Strd><AddtlRmtInf>NO REF</AddtlRmtInf></Strd><Strd><AddtlRmtInf>BACKOFFICE ONE LIM//2S3010205</AddtlRmtInf></Strd></RmtInf><RltdDts><TxDtTm>2018-09-27T14:23:58</TxDtTm></RltdDts><AddtlTxInf>00150469632BBZRJXS4020180927826090222</AddtlTxInf></TxDtls><AddtlNtryInf>COMPLETE//0000//002//CREDIT</AddtlNtryInf></Ntry><Ntry><Amt Ccy="GBP">224.12</Amt><CdtDbtInd>CRDT</CdtDbtInd><Sts>BOOK</Sts><BookgDt><Dt>2018-09-27</Dt></BookgDt><BkTxCd><Prtry><Cd>FDP UKBA CR 40269</Cd></Prtry></BkTxCd><TxDtls><Refs><EndToEndId>00150469632BBZRJXT</EndToEndId><TxId>00150469632BBZRJXT</TxId></Refs><RltdPties><Dbtr><Nm>BACKOFFICE ONE LIMITED</Nm></Dbtr><DbtrAcct><Id><PrtryAcct><Id>09022210605642</Id></PrtryAcct></Id></DbtrAcct><Cdtr><Nm>M Garaj</Nm></Cdtr><CdtrAcct><Id><PrtryAcct><Id>23008200427649</Id></PrtryAcct></Id></CdtrAcct><Prtry><Tp>2S3023232</Tp><Pty/></Prtry></RltdPties><RmtInf><Strd><AddtlRmtInf>NO REF</AddtlRmtInf></Strd><Strd><AddtlRmtInf>BACKOFFICE ONE LIM//2S3023232</AddtlRmtInf></Strd></RmtInf><RltdDts><TxDtTm>2018-09-27T14:23:57</TxDtTm></RltdDts><AddtlTxInf>00150469632BBZRJXT4020180927826090222</AddtlTxInf></TxDtls><AddtlNtryInf>COMPLETE//0000//002//CREDIT</AddtlNtryInf></Ntry><Ntry><Amt Ccy="GBP">656.00</Amt><CdtDbtInd>CRDT</CdtDbtInd><Sts>BOOK</Sts><BookgDt><Dt>2018-09-27</Dt></BookgDt><BkTxCd><Prtry><Cd>SIP UKBA CR 40269</Cd></Prtry></BkTxCd><TxDtls><Refs><EndToEndId>NOREF</EndToEndId><TxId>RP4659985443950600</TxId></Refs><RltdPties><Dbtr><Nm>RASHID H    APO</Nm></Dbtr><DbtrAcct><Id><PrtryAcct><Id>20364350363723</Id></PrtryAcct></Id></DbtrAcct><Cdtr><Nm>SKYSCANNER</Nm></Cdtr><CdtrAcct><Id><PrtryAcct><Id>23008200470897</Id></PrtryAcct></Id></CdtrAcct><Prtry><Tp>BMNLQR</Tp><Pty/></Prtry></RltdPties><RmtInf><Strd><AddtlRmtInf>NO REF</AddtlRmtInf></Strd><Strd><AddtlRmtInf>RASHID H    APO//BMNLQR</AddtlRmtInf></Strd></RmtInf><RltdDts><TxDtTm>2018-09-27T14:28:13</TxDtTm></RltdDts><AddtlTxInf>RP46599854439506001020180927826200026</AddtlTxInf></TxDtls><AddtlNtryInf>COMPLETE//0000//002//CREDIT</AddtlNtryInf></Ntry><Ntry><Amt Ccy="GBP">1800.00</Amt><CdtDbtInd>CRDT</CdtDbtInd><Sts>BOOK</Sts><BookgDt><Dt>2018-09-27</Dt></BookgDt><BkTxCd><Prtry><Cd>SIP UKBA CR 40269</Cd></Prtry></BkTxCd><TxDtls><Refs><EndToEndId>NOREF</EndToEndId><TxId>100000000390732438</TxId></Refs><RltdPties><Dbtr><Nm>India Inns Limited</Nm></Dbtr><DbtrAcct><Id><PrtryAcct><Id>30971373298260</Id></PrtryAcct></Id></DbtrAcct><Cdtr><Nm>ASB DEBT RECOVERY</Nm></Cdtr><CdtrAcct><Id><PrtryAcct><Id>23008200223721</Id></PrtryAcct></Id></CdtrAcct><Prtry><Tp>WH30</Tp><Pty/></Prtry></RltdPties><RmtInf><Strd><AddtlRmtInf>NO REF</AddtlRmtInf></Strd><Strd><AddtlRmtInf>India Inns Limited//WH30</AddtlRmtInf></Strd></RmtInf><RltdDts><TxDtTm>2018-09-27T14:28:21</TxDtTm></RltdDts><AddtlTxInf>1000000003907324381020180927826309713</AddtlTxInf></TxDtls><AddtlNtryInf>COMPLETE//0000//002//CREDIT</AddtlNtryInf></Ntry><Ntry><Amt Ccy="GBP">150.00</Amt><CdtDbtInd>CRDT</CdtDbtInd><Sts>BOOK</Sts><BookgDt><Dt>2018-09-27</Dt></BookgDt><BkTxCd><Prtry><Cd>SIP UKBA CR 40269</Cd></Prtry></BkTxCd><TxDtls><Refs><EndToEndId>NOREF</EndToEndId><TxId>100000000390732669</TxId></Refs><RltdPties><Dbtr><Nm>Y Petrova</Nm></Dbtr><DbtrAcct><Id><PrtryAcct><Id>77950456307968</Id></PrtryAcct></Id></DbtrAcct><Cdtr><Nm>ALEX</Nm></Cdtr><CdtrAcct><Id><PrtryAcct><Id>23008200004833</Id></PrtryAcct></Id></CdtrAcct><Prtry><Tp>IDK</Tp><Pty/></Prtry></RltdPties><RmtInf><Strd><AddtlRmtInf>NO REF</AddtlRmtInf></Strd><Strd><AddtlRmtInf>Y Petrova//IDK</AddtlRmtInf></Strd></RmtInf><RltdDts><TxDtTm>2018-09-27T14:29:07</TxDtTm></RltdDts><AddtlTxInf>1000000003907326691020180927826779504</AddtlTxInf></TxDtls><AddtlNtryInf>COMPLETE//0000//002//CREDIT</AddtlNtryInf></Ntry></Ntfctn></BkToCstmrDbtCdtNtfctnV01></Document>