<?xml version="1.0" encoding="UTF-8"?><Document xmlns:xsi="http://www.w3.org/2001/XMLSchema-instance" xmlns="urn:iso:std:iso:20022:tech:xsd:camt.054.001.01"><BkToCstmrDbtCdtNtfctnV01><GrpHdr><MsgId>80309K//12478</MsgId><CreDtTm>2018-09-06T02:30:00</CreDtTm></GrpHdr><Ntfctn><Id>80309K//12478//1</Id><CreDtTm>2018-09-06T02:30:00</CreDtTm><Acct><Id><PrtryAcct><Id>20594233939774</Id></PrtryAcct></Id><Ccy>GBP</Ccy></Acct><TxsSummry><TtlNtries><NbOfNtries>1</NbOfNtries><Sum>1.00</Sum></TtlNtries><TtlCdtNtries><NbOfNtries>1</NbOfNtries><Sum>1.00</Sum></TtlCdtNtries><TtlDbtNtries><NbOfNtries>0</NbOfNtries><Sum>0.00</Sum></TtlDbtNtries></TxsSummry><Ntry><Amt Ccy="GBP">1.00</Amt><CdtDbtInd>CRDT</CdtDbtInd><Sts>BOOK</Sts><BookgDt><Dt>2018-09-06</Dt></BookgDt><BkTxCd><Prtry><Cd>SIP UKBA CR 40269</Cd></Prtry></BkTxCd><TxDtls><Refs><EndToEndId>NOREF</EndToEndId><TxId>PTI2NI3JFAA60K73G2</TxId></Refs><RltdPties><Dbtr><Nm>Sheikh Ujjal</Nm><PstlAdr><AdrLine>5 Manor Road, RM6 4LL</AdrLine><Ctry/></PstlAdr></Dbtr><DbtrAcct><Id><PrtryAcct><Id>04000447346410</Id></PrtryAcct></Id></DbtrAcct><Cdtr><Nm>Sheikh Ujjal</Nm></Cdtr><CdtrAcct><Id><PrtryAcct><Id>23008200351948</Id></PrtryAcct></Id></CdtrAcct><Prtry><Tp>1 @ CHEQUE#MONEYSP</Tp><Pty/></Prtry></RltdPties><RmtInf><Strd><AddtlRmtInf>NO REF</AddtlRmtInf></Strd><Strd><AddtlRmtInf>Sheikh Ujjal//1 @ CHEQUE#MONEYSP</AddtlRmtInf></Strd></RmtInf><RltdDts><TxDtTm>2018-09-06T02:26:14</TxDtTm></RltdDts><AddtlTxInf>PTI2NI3JFAA60K73G21020180906826040004</AddtlTxInf></TxDtls><AddtlNtryInf>COMPLETE//0000//003//CREDIT</AddtlNtryInf></Ntry></Ntfctn></BkToCstmrDbtCdtNtfctnV01></Document>