<?xml version="1.0" encoding="UTF-8"?><Document xmlns:xsi="http://www.w3.org/2001/XMLSchema-instance" xmlns="urn:iso:std:iso:20022:tech:xsd:camt.054.001.01"><BkToCstmrDbtCdtNtfctnV01><GrpHdr><MsgId>80309K//12661</MsgId><CreDtTm>2018-09-10T10:00:00</CreDtTm></GrpHdr><Ntfctn><Id>80309K//12661//1</Id><CreDtTm>2018-09-10T10:00:00</CreDtTm><Acct><Id><PrtryAcct><Id>20594233939774</Id></PrtryAcct></Id><Ccy>GBP</Ccy></Acct><TxsSummry><TtlNtries><NbOfNtries>7</NbOfNtries><Sum>4376.33</Sum></TtlNtries><TtlCdtNtries><NbOfNtries>7</NbOfNtries><Sum>4376.33</Sum></TtlCdtNtries><TtlDbtNtries><NbOfNtries>0</NbOfNtries><Sum>0.00</Sum></TtlDbtNtries></TxsSummry><Ntry><Amt Ccy="GBP">10.53</Amt><CdtDbtInd>CRDT</CdtDbtInd><Sts>BOOK</Sts><BookgDt><Dt>2018-09-10</Dt></BookgDt><BkTxCd><Prtry><Cd>SIP UKBA CR 40269</Cd></Prtry></BkTxCd><TxDtls><Refs><EndToEndId>BILLS</EndToEndId><TxId>61093043475119000N</TxId><Prtry><Tp>STO REF</Tp><Ref>0000</Ref></Prtry></Refs><RltdPties><Dbtr><Nm>MORRISON LD</Nm></Dbtr><DbtrAcct><Id><PrtryAcct><Id>01095460611340</Id></PrtryAcct></Id></DbtrAcct><Cdtr><Nm>ARRO BILL CARD</Nm></Cdtr><CdtrAcct><Id><PrtryAcct><Id>23008200181249</Id></PrtryAcct></Id></CdtrAcct><Prtry><Tp>BILLS</Tp><Pty/></Prtry></RltdPties><RmtInf><Strd><AddtlRmtInf>MORRISON LD       BILLS             VIA MOBILE - LVP</AddtlRmtInf></Strd><Strd><AddtlRmtInf>MORRISON LD//BILLS</AddtlRmtInf></Strd></RmtInf><RltdDts><TxDtTm>2018-09-10T09:30:43</TxDtTm></RltdDts><AddtlTxInf>61093043475119000N1020180910826010954</AddtlTxInf></TxDtls><AddtlNtryInf>COMPLETE//0000//001//CREDIT</AddtlNtryInf></Ntry><Ntry><Amt Ccy="GBP">60.00</Amt><CdtDbtInd>CRDT</CdtDbtInd><Sts>BOOK</Sts><BookgDt><Dt>2018-09-10</Dt></BookgDt><BkTxCd><Prtry><Cd>SIP UKBA CR 40269</Cd></Prtry></BkTxCd><TxDtls><Refs><EndToEndId>NUJ</EndToEndId><TxId>37094425943378000N</TxId><Prtry><Tp>STO REF</Tp><Ref>0000</Ref></Prtry></Refs><RltdPties><Dbtr><Nm>BUNTORNWON N</Nm></Dbtr><DbtrAcct><Id><PrtryAcct><Id>60020860956577</Id></PrtryAcct></Id></DbtrAcct><Cdtr><Nm>MR GRAIPICH VUDTO</Nm></Cdtr><CdtrAcct><Id><PrtryAcct><Id>23008200249668</Id></PrtryAcct></Id></CdtrAcct><Prtry><Tp>NUJ</Tp><Pty/></Prtry></RltdPties><RmtInf><Strd><AddtlRmtInf>BUNTORNWON N      NUJ               VIA MOBILE - LVP</AddtlRmtInf></Strd><Strd><AddtlRmtInf>BUNTORNWON N//NUJ</AddtlRmtInf></Strd></RmtInf><RltdDts><TxDtTm>2018-09-10T09:44:26</TxDtTm></RltdDts><AddtlTxInf>37094425943378000N1020180910826600208</AddtlTxInf></TxDtls><AddtlNtryInf>COMPLETE//0000//001//CREDIT</AddtlNtryInf></Ntry><Ntry><Amt Ccy="GBP">150.00</Amt><CdtDbtInd>CRDT</CdtDbtInd><Sts>BOOK</Sts><BookgDt><Dt>2018-09-10</Dt></BookgDt><BkTxCd><Prtry><Cd>SIP UKBA CR 40269</Cd></Prtry></BkTxCd><TxDtls><Refs><EndToEndId>NOREF</EndToEndId><TxId>FP18253O15949286</TxId></Refs><RltdPties><Dbtr><Nm>Parks Emma</Nm></Dbtr><DbtrAcct><Id><PrtryAcct><Id>07043631847647</Id></PrtryAcct></Id></DbtrAcct><Cdtr><Nm>EMMA PARKS</Nm></Cdtr><CdtrAcct><Id><PrtryAcct><Id>23008200312158</Id></PrtryAcct></Id></CdtrAcct><Prtry><Tp>EMMA</Tp><Pty/></Prtry></RltdPties><RmtInf><Strd><AddtlRmtInf>NO REF</AddtlRmtInf></Strd><Strd><AddtlRmtInf>Parks Emma//EMMA</AddtlRmtInf></Strd></RmtInf><RltdDts><TxDtTm>2018-09-10T09:45:03</TxDtTm></RltdDts><AddtlTxInf>FP18253O15949286  1020180910826070436</AddtlTxInf></TxDtls><AddtlNtryInf>COMPLETE//0000//001//CREDIT</AddtlNtryInf></Ntry><Ntry><Amt Ccy="GBP">5.00</Amt><CdtDbtInd>CRDT</CdtDbtInd><Sts>BOOK</Sts><BookgDt><Dt>2018-09-10</Dt></BookgDt><BkTxCd><Prtry><Cd>SIP UKBA CR 40269</Cd></Prtry></BkTxCd><TxDtls><Refs><EndToEndId>NOREF</EndToEndId><TxId>FP18253O15949688</TxId></Refs><RltdPties><Dbtr><Nm>Parks Emma</Nm></Dbtr><DbtrAcct><Id><PrtryAcct><Id>07043631847647</Id></PrtryAcct></Id></DbtrAcct><Cdtr><Nm>EMMA PARKS</Nm></Cdtr><CdtrAcct><Id><PrtryAcct><Id>23008200312158</Id></PrtryAcct></Id></CdtrAcct><Prtry><Tp>EMMA</Tp><Pty/></Prtry></RltdPties><RmtInf><Strd><AddtlRmtInf>NO REF</AddtlRmtInf></Strd><Strd><AddtlRmtInf>Parks Emma//EMMA</AddtlRmtInf></Strd></RmtInf><RltdDts><TxDtTm>2018-09-10T09:45:29</TxDtTm></RltdDts><AddtlTxInf>FP18253O15949688  1020180910826070436</AddtlTxInf></TxDtls><AddtlNtryInf>COMPLETE//0000//001//CREDIT</AddtlNtryInf></Ntry><Ntry><Amt Ccy="GBP">303.00</Amt><CdtDbtInd>CRDT</CdtDbtInd><Sts>BOOK</Sts><BookgDt><Dt>2018-09-10</Dt></BookgDt><BkTxCd><Prtry><Cd>SIP UKBA CR 40269</Cd></Prtry></BkTxCd><TxDtls><Refs><EndToEndId>NOREF</EndToEndId><TxId>395459118490019001</TxId><Prtry><Tp>STO REF</Tp><Ref>0000</Ref></Prtry></Refs><RltdPties><Dbtr><Nm>CLARK J S</Nm></Dbtr><DbtrAcct><Id><PrtryAcct><Id>40303611454323</Id></PrtryAcct></Id></DbtrAcct><Cdtr><Nm>mr robert mackay</Nm></Cdtr><CdtrAcct><Id><PrtryAcct><Id>23008200151661</Id></PrtryAcct></Id></CdtrAcct><Prtry><Tp>xxxxx</Tp><Pty/></Prtry></RltdPties><RmtInf><Strd><AddtlRmtInf>NO REF</AddtlRmtInf></Strd><Strd><AddtlRmtInf>CLARK J S//xxxxx</AddtlRmtInf></Strd></RmtInf><RltdDts><TxDtTm>2018-09-10T09:48:12</TxDtTm></RltdDts><AddtlTxInf>3954591184900190011020180910826403036</AddtlTxInf></TxDtls><AddtlNtryInf>COMPLETE//0000//001//CREDIT</AddtlNtryInf></Ntry><Ntry><Amt Ccy="GBP">3202.80</Amt><CdtDbtInd>CRDT</CdtDbtInd><Sts>BOOK</Sts><BookgDt><Dt>2018-09-10</Dt></BookgDt><BkTxCd><Prtry><Cd>SIP UKBA CR 40269</Cd></Prtry></BkTxCd><TxDtls><Refs><EndToEndId>CIS</EndToEndId><TxId>32095244707316000R</TxId><Prtry><Tp>STO REF</Tp><Ref>0000</Ref></Prtry></Refs><RltdPties><Dbtr><Nm>CONTROL SOL&amp;PIPE L</Nm></Dbtr><DbtrAcct><Id><PrtryAcct><Id>16202010159336</Id></PrtryAcct></Id></DbtrAcct><Cdtr><Nm>PROWELD1963</Nm></Cdtr><CdtrAcct><Id><PrtryAcct><Id>23008200222714</Id></PrtryAcct></Id></CdtrAcct><Prtry><Tp>CIS</Tp><Pty/></Prtry></RltdPties><RmtInf><Strd><AddtlRmtInf>CONTROL SOL&amp;PIPE LCIS               VIA ONLINE - PYMT</AddtlRmtInf></Strd><Strd><AddtlRmtInf>CONTROL SOL&amp;PIPE L//CIS</AddtlRmtInf></Strd></RmtInf><RltdDts><TxDtTm>2018-09-10T09:52:45</TxDtTm></RltdDts><AddtlTxInf>32095244707316000R1020180910826162020</AddtlTxInf></TxDtls><AddtlNtryInf>COMPLETE//0000//001//CREDIT</AddtlNtryInf></Ntry><Ntry><Amt Ccy="GBP">645.00</Amt><CdtDbtInd>CRDT</CdtDbtInd><Sts>BOOK</Sts><BookgDt><Dt>2018-09-10</Dt></BookgDt><BkTxCd><Prtry><Cd>SIP UKBA CR 40269</Cd></Prtry></BkTxCd><TxDtls><Refs><EndToEndId>PPWD00000000AM5G42</EndToEndId><TxId>PPWD00000000AM5G42</TxId></Refs><RltdPties><Dbtr><Nm>PayPal</Nm><PstlAdr><AdrLine>2211 N 1st Street San Jose CA 95131</AdrLine><Ctry/></PstlAdr></Dbtr><DbtrAcct><Id><PrtryAcct><Id>23526278959595</Id></PrtryAcct></Id></DbtrAcct><Cdtr><Nm>Eddie Armstrong</Nm><PstlAdr><AdrLine>26 Salisbury Avenue</AdrLine><Ctry/></PstlAdr></Cdtr><CdtrAcct><Id><PrtryAcct><Id>23008200178851</Id></PrtryAcct></Id></CdtrAcct><Prtry><Tp>PPWDL4UVJ2AKXNWTJG</Tp><Pty/></Prtry></RltdPties><RmtInf><Strd><RfrdDocInf><RfrdDocTp><Prtry>002</Prtry></RfrdDocTp></RfrdDocInf><AddtlRmtInf>NO REF</AddtlRmtInf></Strd><Strd><AddtlRmtInf>PayPal//PPWDL4UVJ2AKXNWTJG</AddtlRmtInf></Strd></RmtInf><RltdDts><TxDtTm>2018-09-10T09:59:24</TxDtTm></RltdDts><AddtlTxInf>PPWD00000000AM5G421020180910826235262</AddtlTxInf></TxDtls><AddtlNtryInf>COMPLETE//0000//001//CREDIT</AddtlNtryInf></Ntry></Ntfctn></BkToCstmrDbtCdtNtfctnV01></Document>