<?xml version="1.0" encoding="UTF-8"?><Document xmlns:xsi="http://www.w3.org/2001/XMLSchema-instance" xmlns="urn:iso:std:iso:20022:tech:xsd:camt.054.001.01"><BkToCstmrDbtCdtNtfctnV01><GrpHdr><MsgId>80309K//12581</MsgId><CreDtTm>2018-09-08T09:30:00</CreDtTm></GrpHdr><Ntfctn><Id>80309K//12581//1</Id><CreDtTm>2018-09-08T09:30:00</CreDtTm><Acct><Id><PrtryAcct><Id>20594233939774</Id></PrtryAcct></Id><Ccy>GBP</Ccy></Acct><TxsSummry><TtlNtries><NbOfNtries>7</NbOfNtries><Sum>4158.38</Sum></TtlNtries><TtlCdtNtries><NbOfNtries>7</NbOfNtries><Sum>4158.38</Sum></TtlCdtNtries><TtlDbtNtries><NbOfNtries>0</NbOfNtries><Sum>0.00</Sum></TtlDbtNtries></TxsSummry><Ntry><Amt Ccy="GBP">5.00</Amt><CdtDbtInd>CRDT</CdtDbtInd><Sts>BOOK</Sts><BookgDt><Dt>2018-09-10</Dt></BookgDt><BkTxCd><Prtry><Cd>SIP UKBA CR 40269</Cd></Prtry></BkTxCd><TxDtls><Refs><EndToEndId>NOREF</EndToEndId><TxId>500000000387055512</TxId></Refs><RltdPties><Dbtr><Nm>D Oprea</Nm></Dbtr><DbtrAcct><Id><PrtryAcct><Id>77010327770368</Id></PrtryAcct></Id></DbtrAcct><Cdtr><Nm>DENISA OPREA</Nm></Cdtr><CdtrAcct><Id><PrtryAcct><Id>23008200423601</Id></PrtryAcct></Id></CdtrAcct><Prtry><Tp>IUBI</Tp><Pty/></Prtry></RltdPties><RmtInf><Strd><AddtlRmtInf>NO REF</AddtlRmtInf></Strd><Strd><AddtlRmtInf>D Oprea//IUBI</AddtlRmtInf></Strd></RmtInf><RltdDts><TxDtTm>2018-09-08T09:03:55</TxDtTm></RltdDts><AddtlTxInf>5000000003870555121020180908826770103</AddtlTxInf></TxDtls><AddtlNtryInf>COMPLETE//0000//003//CREDIT</AddtlNtryInf></Ntry><Ntry><Amt Ccy="GBP">788.38</Amt><CdtDbtInd>CRDT</CdtDbtInd><Sts>BOOK</Sts><BookgDt><Dt>2018-09-10</Dt></BookgDt><BkTxCd><Prtry><Cd>SIP UKBA CR 40269</Cd></Prtry></BkTxCd><TxDtls><Refs><EndToEndId>NOREF</EndToEndId><TxId>RP4679960910131700</TxId></Refs><RltdPties><Dbtr><Nm>WISE EYE CON LTD</Nm></Dbtr><DbtrAcct><Id><PrtryAcct><Id>20845853340309</Id></PrtryAcct></Id></DbtrAcct><Cdtr><Nm>ALL SPORT WORLD</Nm></Cdtr><CdtrAcct><Id><PrtryAcct><Id>23008200372856</Id></PrtryAcct></Id></CdtrAcct><Prtry><Tp>SWINDON COLLEGE RU</Tp><Pty/></Prtry></RltdPties><RmtInf><Strd><AddtlRmtInf>NO REF</AddtlRmtInf></Strd><Strd><AddtlRmtInf>WISE EYE CON LTD//SWINDON COLLEGE RU</AddtlRmtInf></Strd></RmtInf><RltdDts><TxDtTm>2018-09-08T09:06:01</TxDtTm></RltdDts><AddtlTxInf>RP46799609101317001020180908826200026</AddtlTxInf></TxDtls><AddtlNtryInf>COMPLETE//0000//003//CREDIT</AddtlNtryInf></Ntry><Ntry><Amt Ccy="GBP">65.00</Amt><CdtDbtInd>CRDT</CdtDbtInd><Sts>BOOK</Sts><BookgDt><Dt>2018-09-10</Dt></BookgDt><BkTxCd><Prtry><Cd>SIP UKBA CR 40269</Cd></Prtry></BkTxCd><TxDtls><Refs><EndToEndId>MISS L K BIRD</EndToEndId><TxId>37090606971036000N</TxId><Prtry><Tp>STO REF</Tp><Ref>0000</Ref></Prtry></Refs><RltdPties><Dbtr><Nm>BIRD LK</Nm></Dbtr><DbtrAcct><Id><PrtryAcct><Id>60222259521597</Id></PrtryAcct></Id></DbtrAcct><Cdtr><Nm>BAEMMS LTD</Nm></Cdtr><CdtrAcct><Id><PrtryAcct><Id>23008200223303</Id></PrtryAcct></Id></CdtrAcct><Prtry><Tp>MISS L K BIRD</Tp><Pty/></Prtry></RltdPties><RmtInf><Strd><AddtlRmtInf>BIRD LK           MISS L K BIRD     VIA ONLINE - PYMT</AddtlRmtInf></Strd><Strd><AddtlRmtInf>BIRD LK//MISS L K BIRD</AddtlRmtInf></Strd></RmtInf><RltdDts><TxDtTm>2018-09-08T09:06:07</TxDtTm></RltdDts><AddtlTxInf>37090606971036000N1020180908826602222</AddtlTxInf></TxDtls><AddtlNtryInf>COMPLETE//0000//003//CREDIT</AddtlNtryInf></Ntry><Ntry><Amt Ccy="GBP">350.00</Amt><CdtDbtInd>CRDT</CdtDbtInd><Sts>BOOK</Sts><BookgDt><Dt>2018-09-10</Dt></BookgDt><BkTxCd><Prtry><Cd>SIP UKBA CR 40269</Cd></Prtry></BkTxCd><TxDtls><Refs><EndToEndId>NOREF</EndToEndId><TxId>RP4659984120737600</TxId></Refs><RltdPties><Dbtr><Nm>SECURE FM LTD</Nm></Dbtr><DbtrAcct><Id><PrtryAcct><Id>20454550932698</Id></PrtryAcct></Id></DbtrAcct><Cdtr><Nm>RELIEF SECURE</Nm></Cdtr><CdtrAcct><Id><PrtryAcct><Id>23008200017980</Id></PrtryAcct></Id></CdtrAcct><Prtry><Tp>INV</Tp><Pty/></Prtry></RltdPties><RmtInf><Strd><AddtlRmtInf>NO REF</AddtlRmtInf></Strd><Strd><AddtlRmtInf>SECURE FM LTD//INV</AddtlRmtInf></Strd></RmtInf><RltdDts><TxDtTm>2018-09-08T09:13:30</TxDtTm></RltdDts><AddtlTxInf>RP46599841207376001020180908826200026</AddtlTxInf></TxDtls><AddtlNtryInf>COMPLETE//0000//003//CREDIT</AddtlNtryInf></Ntry><Ntry><Amt Ccy="GBP">450.00</Amt><CdtDbtInd>CRDT</CdtDbtInd><Sts>BOOK</Sts><BookgDt><Dt>2018-09-10</Dt></BookgDt><BkTxCd><Prtry><Cd>SIP UKBA CR 40269</Cd></Prtry></BkTxCd><TxDtls><Refs><EndToEndId>NOREF</EndToEndId><TxId>RP4659984120760900</TxId></Refs><RltdPties><Dbtr><Nm>SECURE FM LTD</Nm></Dbtr><DbtrAcct><Id><PrtryAcct><Id>20454550932698</Id></PrtryAcct></Id></DbtrAcct><Cdtr><Nm>RELIEF SECURE</Nm></Cdtr><CdtrAcct><Id><PrtryAcct><Id>23008200017980</Id></PrtryAcct></Id></CdtrAcct><Prtry><Tp>INV</Tp><Pty/></Prtry></RltdPties><RmtInf><Strd><AddtlRmtInf>NO REF</AddtlRmtInf></Strd><Strd><AddtlRmtInf>SECURE FM LTD//INV</AddtlRmtInf></Strd></RmtInf><RltdDts><TxDtTm>2018-09-08T09:13:52</TxDtTm></RltdDts><AddtlTxInf>RP46599841207609001020180908826200026</AddtlTxInf></TxDtls><AddtlNtryInf>COMPLETE//0000//003//CREDIT</AddtlNtryInf></Ntry><Ntry><Amt Ccy="GBP">2100.00</Amt><CdtDbtInd>CRDT</CdtDbtInd><Sts>BOOK</Sts><BookgDt><Dt>2018-09-10</Dt></BookgDt><BkTxCd><Prtry><Cd>SIP UKBA CR 40269</Cd></Prtry></BkTxCd><TxDtls><Refs><EndToEndId>NOREF</EndToEndId><TxId>RP4659984120809300</TxId></Refs><RltdPties><Dbtr><Nm>SECURE FM LTD</Nm></Dbtr><DbtrAcct><Id><PrtryAcct><Id>20454550932698</Id></PrtryAcct></Id></DbtrAcct><Cdtr><Nm>RELLIEF SECURE</Nm></Cdtr><CdtrAcct><Id><PrtryAcct><Id>23008200031623</Id></PrtryAcct></Id></CdtrAcct><Prtry><Tp>SLA/INV/84</Tp><Pty/></Prtry></RltdPties><RmtInf><Strd><AddtlRmtInf>NO REF</AddtlRmtInf></Strd><Strd><AddtlRmtInf>SECURE FM LTD//SLA/INV/84</AddtlRmtInf></Strd></RmtInf><RltdDts><TxDtTm>2018-09-08T09:14:52</TxDtTm></RltdDts><AddtlTxInf>RP46599841208093001020180908826200026</AddtlTxInf></TxDtls><AddtlNtryInf>COMPLETE//0000//003//CREDIT</AddtlNtryInf></Ntry><Ntry><Amt Ccy="GBP">400.00</Amt><CdtDbtInd>CRDT</CdtDbtInd><Sts>BOOK</Sts><BookgDt><Dt>2018-09-10</Dt></BookgDt><BkTxCd><Prtry><Cd>SIP UKBA CR 40269</Cd></Prtry></BkTxCd><TxDtls><Refs><EndToEndId>NOREF</EndToEndId><TxId>RP4659984121396400</TxId></Refs><RltdPties><Dbtr><Nm>T + J NEWS SW</Nm></Dbtr><DbtrAcct><Id><PrtryAcct><Id>20454553811840</Id></PrtryAcct></Id></DbtrAcct><Cdtr><Nm>SOLUTIONS FOR ALL</Nm></Cdtr><CdtrAcct><Id><PrtryAcct><Id>23008200040618</Id></PrtryAcct></Id></CdtrAcct><Prtry><Tp>T AND J NEWS</Tp><Pty/></Prtry></RltdPties><RmtInf><Strd><AddtlRmtInf>NO REF</AddtlRmtInf></Strd><Strd><AddtlRmtInf>T + J NEWS SW//T AND J NEWS</AddtlRmtInf></Strd></RmtInf><RltdDts><TxDtTm>2018-09-08T09:23:53</TxDtTm></RltdDts><AddtlTxInf>RP46599841213964001020180908826200026</AddtlTxInf></TxDtls><AddtlNtryInf>COMPLETE//0000//003//CREDIT</AddtlNtryInf></Ntry></Ntfctn></BkToCstmrDbtCdtNtfctnV01></Document>