<?xml version="1.0" encoding="UTF-8"?><Document xmlns:xsi="http://www.w3.org/2001/XMLSchema-instance" xmlns="urn:iso:std:iso:20022:tech:xsd:camt.054.001.01"><BkToCstmrDbtCdtNtfctnV01><GrpHdr><MsgId>80309K//12512</MsgId><CreDtTm>2018-09-06T20:00:00</CreDtTm></GrpHdr><Ntfctn><Id>80309K//12512//1</Id><CreDtTm>2018-09-06T20:00:00</CreDtTm><Acct><Id><PrtryAcct><Id>20594233939774</Id></PrtryAcct></Id><Ccy>GBP</Ccy></Acct><TxsSummry><TtlNtries><NbOfNtries>3</NbOfNtries><Sum>1700.00</Sum></TtlNtries><TtlCdtNtries><NbOfNtries>3</NbOfNtries><Sum>1700.00</Sum></TtlCdtNtries><TtlDbtNtries><NbOfNtries>0</NbOfNtries><Sum>0.00</Sum></TtlDbtNtries></TxsSummry><Ntry><Amt Ccy="GBP">1500.00</Amt><CdtDbtInd>CRDT</CdtDbtInd><Sts>BOOK</Sts><BookgDt><Dt>2018-09-07</Dt></BookgDt><BkTxCd><Prtry><Cd>SIP UKBA CR 40269</Cd></Prtry></BkTxCd><TxDtls><Refs><EndToEndId>STARLING-ZJ63EV45XP912OWGPR</EndToEndId><TxId>ZJ63EV45XP912OWGPR</TxId></Refs><RltdPties><Dbtr><Nm>Chikezie Omotola</Nm></Dbtr><DbtrAcct><Id><PrtryAcct><Id>60837178269468</Id></PrtryAcct></Id></DbtrAcct><Cdtr><Nm>Zurna ltd</Nm></Cdtr><CdtrAcct><Id><PrtryAcct><Id>23008200031665</Id></PrtryAcct></Id></CdtrAcct><Prtry><Tp>Pay</Tp><Pty/></Prtry></RltdPties><RmtInf><Strd><AddtlRmtInf>NO REF</AddtlRmtInf></Strd><Strd><AddtlRmtInf>Chikezie Omotola//Pay</AddtlRmtInf></Strd></RmtInf><RltdDts><TxDtTm>2018-09-06T19:53:28</TxDtTm></RltdDts><AddtlTxInf>ZJ63EV45XP912OWGPR1020180906826608371</AddtlTxInf></TxDtls><AddtlNtryInf>COMPLETE//0000//003//CREDIT</AddtlNtryInf></Ntry><Ntry><Amt Ccy="GBP">150.00</Amt><CdtDbtInd>CRDT</CdtDbtInd><Sts>BOOK</Sts><BookgDt><Dt>2018-09-07</Dt></BookgDt><BkTxCd><Prtry><Cd>SIP UKBA CR 40269</Cd></Prtry></BkTxCd><TxDtls><Refs><EndToEndId>NOREF</EndToEndId><TxId>300000000390247960</TxId></Refs><RltdPties><Dbtr><Nm>J Ogunlala</Nm></Dbtr><DbtrAcct><Id><PrtryAcct><Id>30971363686760</Id></PrtryAcct></Id></DbtrAcct><Cdtr><Nm>OLAWALE</Nm></Cdtr><CdtrAcct><Id><PrtryAcct><Id>23008200289584</Id></PrtryAcct></Id></CdtrAcct><Prtry><Tp>OLAWALE NEPHEW</Tp><Pty/></Prtry></RltdPties><RmtInf><Strd><AddtlRmtInf>NO REF</AddtlRmtInf></Strd><Strd><AddtlRmtInf>J Ogunlala//OLAWALE NEPHEW</AddtlRmtInf></Strd></RmtInf><RltdDts><TxDtTm>2018-09-06T19:55:47</TxDtTm></RltdDts><AddtlTxInf>3000000003902479601020180906826309713</AddtlTxInf></TxDtls><AddtlNtryInf>COMPLETE//0000//003//CREDIT</AddtlNtryInf></Ntry><Ntry><Amt Ccy="GBP">50.00</Amt><CdtDbtInd>CRDT</CdtDbtInd><Sts>BOOK</Sts><BookgDt><Dt>2018-09-07</Dt></BookgDt><BkTxCd><Prtry><Cd>SIP UKBA CR 40269</Cd></Prtry></BkTxCd><TxDtls><Refs><EndToEndId>NOREF</EndToEndId><TxId>FP18249O13374414</TxId></Refs><RltdPties><Dbtr><Nm>Milivojevic Milica</Nm></Dbtr><DbtrAcct><Id><PrtryAcct><Id>07043614592066</Id></PrtryAcct></Id></DbtrAcct><Cdtr><Nm>ALISON WELLS</Nm></Cdtr><CdtrAcct><Id><PrtryAcct><Id>23008200432799</Id></PrtryAcct></Id></CdtrAcct><Prtry><Tp>EUROSTAR</Tp><Pty/></Prtry></RltdPties><RmtInf><Strd><AddtlRmtInf>NO REF</AddtlRmtInf></Strd><Strd><AddtlRmtInf>Milivojevic Milica//EUROSTAR</AddtlRmtInf></Strd></RmtInf><RltdDts><TxDtTm>2018-09-06T19:58:16</TxDtTm></RltdDts><AddtlTxInf>FP18249O13374414  1020180906826070436</AddtlTxInf></TxDtls><AddtlNtryInf>COMPLETE//0000//003//CREDIT</AddtlNtryInf></Ntry></Ntfctn></BkToCstmrDbtCdtNtfctnV01></Document>