<?xml version="1.0" encoding="UTF-8"?><Document xmlns:xsi="http://www.w3.org/2001/XMLSchema-instance" xmlns="urn:iso:std:iso:20022:tech:xsd:camt.054.001.01"><BkToCstmrDbtCdtNtfctnV01><GrpHdr><MsgId>80309K//13003</MsgId><CreDtTm>2018-09-18T09:00:00</CreDtTm></GrpHdr><Ntfctn><Id>80309K//13003//1</Id><CreDtTm>2018-09-18T09:00:00</CreDtTm><Acct><Id><PrtryAcct><Id>20594233939774</Id></PrtryAcct></Id><Ccy>GBP</Ccy></Acct><TxsSummry><TtlNtries><NbOfNtries>8</NbOfNtries><Sum>1470.88</Sum></TtlNtries><TtlCdtNtries><NbOfNtries>8</NbOfNtries><Sum>1470.88</Sum></TtlCdtNtries><TtlDbtNtries><NbOfNtries>0</NbOfNtries><Sum>0.00</Sum></TtlDbtNtries></TxsSummry><Ntry><Amt Ccy="GBP">5.00</Amt><CdtDbtInd>CRDT</CdtDbtInd><Sts>BOOK</Sts><BookgDt><Dt>2018-09-18</Dt></BookgDt><BkTxCd><Prtry><Cd>SIP UKBA CR 40269</Cd></Prtry></BkTxCd><TxDtls><Refs><EndToEndId>NOREF</EndToEndId><TxId>FP18261O02080677</TxId></Refs><RltdPties><Dbtr><Nm>Lorains Kayleigh</Nm></Dbtr><DbtrAcct><Id><PrtryAcct><Id>07024612916658</Id></PrtryAcct></Id></DbtrAcct><Cdtr><Nm>HELDER SANTOS</Nm></Cdtr><CdtrAcct><Id><PrtryAcct><Id>23008200207609</Id></PrtryAcct></Id></CdtrAcct><Prtry><Tp>5574220145337720</Tp><Pty/></Prtry></RltdPties><RmtInf><Strd><AddtlRmtInf>NO REF</AddtlRmtInf></Strd><Strd><AddtlRmtInf>Lorains Kayleigh//5574220145337720</AddtlRmtInf></Strd></RmtInf><RltdDts><TxDtTm>2018-09-18T08:33:58</TxDtTm></RltdDts><AddtlTxInf>FP18261O02080677  1020180918826070246</AddtlTxInf></TxDtls><AddtlNtryInf>COMPLETE//0000//001//CREDIT</AddtlNtryInf></Ntry><Ntry><Amt Ccy="GBP">100.00</Amt><CdtDbtInd>CRDT</CdtDbtInd><Sts>BOOK</Sts><BookgDt><Dt>2018-09-18</Dt></BookgDt><BkTxCd><Prtry><Cd>SIP UKBA CR 40269</Cd></Prtry></BkTxCd><TxDtls><Refs><EndToEndId>STARLING-0Z5Q12K9RG162RJ4XK</EndToEndId><TxId>0Z5Q12K9RG162RJ4XK</TxId></Refs><RltdPties><Dbtr><Nm>Kit Clayton</Nm></Dbtr><DbtrAcct><Id><PrtryAcct><Id>60837158816534</Id></PrtryAcct></Id></DbtrAcct><Cdtr><Nm>Martyn</Nm></Cdtr><CdtrAcct><Id><PrtryAcct><Id>23008200407084</Id></PrtryAcct></Id></CdtrAcct><Prtry><Tp>:p</Tp><Pty/></Prtry></RltdPties><RmtInf><Strd><AddtlRmtInf>NO REF</AddtlRmtInf></Strd><Strd><AddtlRmtInf>Kit Clayton//:p</AddtlRmtInf></Strd></RmtInf><RltdDts><TxDtTm>2018-09-18T08:35:51</TxDtTm></RltdDts><AddtlTxInf>0Z5Q12K9RG162RJ4XK1020180918826608371</AddtlTxInf></TxDtls><AddtlNtryInf>COMPLETE//0000//001//CREDIT</AddtlNtryInf></Ntry><Ntry><Amt Ccy="GBP">60.00</Amt><CdtDbtInd>CRDT</CdtDbtInd><Sts>BOOK</Sts><BookgDt><Dt>2018-09-18</Dt></BookgDt><BkTxCd><Prtry><Cd>SIP UKBA CR 40269</Cd></Prtry></BkTxCd><TxDtls><Refs><EndToEndId>NOREF</EndToEndId><TxId>100000000388023891</TxId></Refs><RltdPties><Dbtr><Nm>Critchley M Miss</Nm></Dbtr><DbtrAcct><Id><PrtryAcct><Id>30961215155668</Id></PrtryAcct></Id></DbtrAcct><Cdtr><Nm>AMY CRITCHLEY</Nm></Cdtr><CdtrAcct><Id><PrtryAcct><Id>23008200364177</Id></PrtryAcct></Id></CdtrAcct></RltdPties><RmtInf><Strd><AddtlRmtInf>NO REF</AddtlRmtInf></Strd><Strd><AddtlRmtInf>Critchley M Miss//</AddtlRmtInf></Strd></RmtInf><RltdDts><TxDtTm>2018-09-18T08:36:07</TxDtTm></RltdDts><AddtlTxInf>1000000003880238911020180918826309612</AddtlTxInf></TxDtls><AddtlNtryInf>COMPLETE//0000//001//CREDIT</AddtlNtryInf></Ntry><Ntry><Amt Ccy="GBP">137.00</Amt><CdtDbtInd>CRDT</CdtDbtInd><Sts>BOOK</Sts><BookgDt><Dt>2018-09-18</Dt></BookgDt><BkTxCd><Prtry><Cd>SIP UKBA CR 40269</Cd></Prtry></BkTxCd><TxDtls><Refs><EndToEndId>NOREF</EndToEndId><TxId>RP4659984773102400</TxId></Refs><RltdPties><Dbtr><Nm>DAWICKA B</Nm></Dbtr><DbtrAcct><Id><PrtryAcct><Id>20090373320685</Id></PrtryAcct></Id></DbtrAcct><Cdtr><Nm>I DAWICKA</Nm></Cdtr><CdtrAcct><Id><PrtryAcct><Id>23008200299801</Id></PrtryAcct></Id></CdtrAcct><Prtry><Tp>B DAWICKA</Tp><Pty/></Prtry></RltdPties><RmtInf><Strd><AddtlRmtInf>NO REF</AddtlRmtInf></Strd><Strd><AddtlRmtInf>DAWICKA B//B DAWICKA</AddtlRmtInf></Strd></RmtInf><RltdDts><TxDtTm>2018-09-18T08:43:09</TxDtTm></RltdDts><AddtlTxInf>RP46599847731024001020180918826200026</AddtlTxInf></TxDtls><AddtlNtryInf>COMPLETE//0000//001//CREDIT</AddtlNtryInf></Ntry><Ntry><Amt Ccy="GBP">837.88</Amt><CdtDbtInd>CRDT</CdtDbtInd><Sts>BOOK</Sts><BookgDt><Dt>2018-09-18</Dt></BookgDt><BkTxCd><Prtry><Cd>FDP UKBA CR 40269</Cd></Prtry></BkTxCd><TxDtls><Refs><EndToEndId>PE-HDSTJUCWO60GWCNRHKOC6LZL3FAB</EndToEndId><TxId>PH1000001369016500</TxId></Refs><RltdPties><Dbtr><Nm>Stripe Payments UK Ltd</Nm></Dbtr><DbtrAcct><Id><PrtryAcct><Id>20000023322890</Id></PrtryAcct></Id></DbtrAcct><Cdtr><Nm>ZEPOS LIMITED</Nm><PstlAdr><AdrLine>BRIARTREE MANOR 130 NEWPORT ROAD CA</AdrLine><AdrLine>RDIFF CF24 1DH GB</AdrLine><Ctry/></PstlAdr></Cdtr><CdtrAcct><Id><PrtryAcct><Id>23008200222251</Id></PrtryAcct></Id></CdtrAcct><Prtry><Tp>STRIPE</Tp><Pty/></Prtry></RltdPties><RmtInf><Strd><AddtlRmtInf>NO REF</AddtlRmtInf></Strd><Strd><AddtlRmtInf>Stripe Payments UK//STRIPE</AddtlRmtInf></Strd></RmtInf><RltdDts><TxDtTm>2018-09-18T08:43:51</TxDtTm></RltdDts><AddtlTxInf>PH10000013690165004020180918826203253</AddtlTxInf></TxDtls><AddtlNtryInf>COMPLETE//0000//001//CREDIT</AddtlNtryInf></Ntry><Ntry><Amt Ccy="GBP">50.00</Amt><CdtDbtInd>CRDT</CdtDbtInd><Sts>BOOK</Sts><BookgDt><Dt>2018-09-18</Dt></BookgDt><BkTxCd><Prtry><Cd>SIP UKBA CR 40269</Cd></Prtry></BkTxCd><TxDtls><Refs><EndToEndId>NOREF</EndToEndId><TxId>600000000389398504</TxId></Refs><RltdPties><Dbtr><Nm>G Adjei Boateng</Nm></Dbtr><DbtrAcct><Id><PrtryAcct><Id>11076412319967</Id></PrtryAcct></Id></DbtrAcct><Cdtr><Nm>FREDERICK ANNAN</Nm></Cdtr><CdtrAcct><Id><PrtryAcct><Id>23008200450856</Id></PrtryAcct></Id></CdtrAcct><Prtry><Tp>DEBT</Tp><Pty/></Prtry></RltdPties><RmtInf><Strd><AddtlRmtInf>NO REF</AddtlRmtInf></Strd><Strd><AddtlRmtInf>G Adjei Boateng//DEBT</AddtlRmtInf></Strd></RmtInf><RltdDts><TxDtTm>2018-09-18T08:45:54</TxDtTm></RltdDts><AddtlTxInf>6000000003893985041020180918826110764</AddtlTxInf></TxDtls><AddtlNtryInf>COMPLETE//0000//001//CREDIT</AddtlNtryInf></Ntry><Ntry><Amt Ccy="GBP">280.00</Amt><CdtDbtInd>CRDT</CdtDbtInd><Sts>BOOK</Sts><BookgDt><Dt>2018-09-18</Dt></BookgDt><BkTxCd><Prtry><Cd>DCA UKBA CR 40269</Cd></Prtry></BkTxCd><TxDtls><Refs><EndToEndId>NOREF</EndToEndId><TxId>000000013591271601</TxId><Prtry><Tp>STO REF</Tp><Ref>9673</Ref></Prtry></Refs><RltdPties><Dbtr><Nm>T LEVER</Nm></Dbtr><DbtrAcct><Id><PrtryAcct><Id>20035373152596</Id></PrtryAcct></Id></DbtrAcct><Cdtr><Nm>THOMAS LEVER1</Nm></Cdtr><CdtrAcct><Id><PrtryAcct><Id>23008200424253</Id></PrtryAcct></Id></CdtrAcct><Prtry><Tp>ARRO BILLS</Tp><Pty/></Prtry></RltdPties><RmtInf><Strd><AddtlRmtInf>NO REF</AddtlRmtInf></Strd><Strd><AddtlRmtInf>T LEVER//ARRO BILLS</AddtlRmtInf></Strd></RmtInf><RltdDts><TxDtTm>2018-09-18T08:52:47</TxDtTm></RltdDts><AddtlTxInf>0000000135912716015020180918826200353</AddtlTxInf></TxDtls><AddtlNtryInf>COMPLETE//0000//001//CREDIT</AddtlNtryInf></Ntry><Ntry><Amt Ccy="GBP">1.00</Amt><CdtDbtInd>CRDT</CdtDbtInd><Sts>BOOK</Sts><BookgDt><Dt>2018-09-18</Dt></BookgDt><BkTxCd><Prtry><Cd>SIP UKBA CR 40269</Cd></Prtry></BkTxCd><TxDtls><Refs><EndToEndId>STARLING-3QGOMVGZRGPW2D5WR4</EndToEndId><TxId>3QGOMVGZRGPW2D5WR4</TxId></Refs><RltdPties><Dbtr><Nm>Kit Clayton</Nm></Dbtr><DbtrAcct><Id><PrtryAcct><Id>60837158816534</Id></PrtryAcct></Id></DbtrAcct><Cdtr><Nm>Martyn</Nm></Cdtr><CdtrAcct><Id><PrtryAcct><Id>23008200407084</Id></PrtryAcct></Id></CdtrAcct><Prtry><Tp>:p</Tp><Pty/></Prtry></RltdPties><RmtInf><Strd><AddtlRmtInf>NO REF</AddtlRmtInf></Strd><Strd><AddtlRmtInf>Kit Clayton//:p</AddtlRmtInf></Strd></RmtInf><RltdDts><TxDtTm>2018-09-18T08:57:24</TxDtTm></RltdDts><AddtlTxInf>3QGOMVGZRGPW2D5WR41020180918826608371</AddtlTxInf></TxDtls><AddtlNtryInf>COMPLETE//0000//001//CREDIT</AddtlNtryInf></Ntry></Ntfctn></BkToCstmrDbtCdtNtfctnV01></Document>