<?xml version="1.0" encoding="UTF-8"?><Document xmlns:xsi="http://www.w3.org/2001/XMLSchema-instance" xmlns="urn:iso:std:iso:20022:tech:xsd:camt.054.001.01"><BkToCstmrDbtCdtNtfctnV01><GrpHdr><MsgId>80309K//13080</MsgId><CreDtTm>2018-09-20T02:30:00</CreDtTm></GrpHdr><Ntfctn><Id>80309K//13080//1</Id><CreDtTm>2018-09-20T02:30:00</CreDtTm><Acct><Id><PrtryAcct><Id>20594233939774</Id></PrtryAcct></Id><Ccy>GBP</Ccy></Acct><TxsSummry><TtlNtries><NbOfNtries>1</NbOfNtries><Sum>52.50</Sum></TtlNtries><TtlCdtNtries><NbOfNtries>1</NbOfNtries><Sum>52.50</Sum></TtlCdtNtries><TtlDbtNtries><NbOfNtries>0</NbOfNtries><Sum>0.00</Sum></TtlDbtNtries></TxsSummry><Ntry><Amt Ccy="GBP">52.50</Amt><CdtDbtInd>CRDT</CdtDbtInd><Sts>BOOK</Sts><BookgDt><Dt>2018-09-20</Dt></BookgDt><BkTxCd><Prtry><Cd>SIP UKBA CR 40269</Cd></Prtry></BkTxCd><TxDtls><Refs><EndToEndId>NOREF</EndToEndId><TxId>FP18263O03512037</TxId></Refs><RltdPties><Dbtr><Nm>Faruq Thaire</Nm></Dbtr><DbtrAcct><Id><PrtryAcct><Id>07011600910554</Id></PrtryAcct></Id></DbtrAcct><Cdtr><Nm>MR M</Nm></Cdtr><CdtrAcct><Id><PrtryAcct><Id>23008200223303</Id></PrtryAcct></Id></CdtrAcct><Prtry><Tp>THAIRE FARUQ</Tp><Pty/></Prtry></RltdPties><RmtInf><Strd><AddtlRmtInf>NO REF</AddtlRmtInf></Strd><Strd><AddtlRmtInf>Faruq Thaire//THAIRE FARUQ</AddtlRmtInf></Strd></RmtInf><RltdDts><TxDtTm>2018-09-20T02:18:18</TxDtTm></RltdDts><AddtlTxInf>FP18263O03512037  1020180920826070116</AddtlTxInf></TxDtls><AddtlNtryInf>COMPLETE//0000//003//CREDIT</AddtlNtryInf></Ntry></Ntfctn></BkToCstmrDbtCdtNtfctnV01></Document>