<?xml version="1.0" encoding="UTF-8"?><Document xmlns:xsi="http://www.w3.org/2001/XMLSchema-instance" xmlns="urn:iso:std:iso:20022:tech:xsd:camt.054.001.01"><BkToCstmrDbtCdtNtfctnV01><GrpHdr><MsgId>80309K//12794</MsgId><CreDtTm>2018-09-13T12:00:00</CreDtTm></GrpHdr><Ntfctn><Id>80309K//12794//1</Id><CreDtTm>2018-09-13T12:00:00</CreDtTm><Acct><Id><PrtryAcct><Id>20594233939774</Id></PrtryAcct></Id><Ccy>GBP</Ccy></Acct><TxsSummry><TtlNtries><NbOfNtries>22</NbOfNtries><Sum>3198.51</Sum></TtlNtries><TtlCdtNtries><NbOfNtries>22</NbOfNtries><Sum>3198.51</Sum></TtlCdtNtries><TtlDbtNtries><NbOfNtries>0</NbOfNtries><Sum>0.00</Sum></TtlDbtNtries></TxsSummry><Ntry><Amt Ccy="GBP">1990.33</Amt><CdtDbtInd>CRDT</CdtDbtInd><Sts>BOOK</Sts><BookgDt><Dt>2018-09-13</Dt></BookgDt><BkTxCd><Prtry><Cd>SIP UKBA CR 40269</Cd></Prtry></BkTxCd><TxDtls><Refs><EndToEndId>RENT</EndToEndId><TxId>47113005527683000N</TxId><Prtry><Tp>STO REF</Tp><Ref>0000</Ref></Prtry></Refs><RltdPties><Dbtr><Nm>PLEWINSKI-TWELL KM</Nm></Dbtr><DbtrAcct><Id><PrtryAcct><Id>56006144959788</Id></PrtryAcct></Id></DbtrAcct><Cdtr><Nm>NONYE AKUBUEZE</Nm></Cdtr><CdtrAcct><Id><PrtryAcct><Id>23008200355888</Id></PrtryAcct></Id></CdtrAcct><Prtry><Tp>RENT</Tp><Pty/></Prtry></RltdPties><RmtInf><Strd><AddtlRmtInf>PLEWINSKI-TWELL KMRENT              VIA ONLINE - PYMT</AddtlRmtInf></Strd><Strd><AddtlRmtInf>PLEWINSKI-TWELL KM//RENT</AddtlRmtInf></Strd></RmtInf><RltdDts><TxDtTm>2018-09-13T11:30:05</TxDtTm></RltdDts><AddtlTxInf>47113005527683000N1020180913826560061</AddtlTxInf></TxDtls><AddtlNtryInf>COMPLETE//0000//001//CREDIT</AddtlNtryInf></Ntry><Ntry><Amt Ccy="GBP">100.00</Amt><CdtDbtInd>CRDT</CdtDbtInd><Sts>BOOK</Sts><BookgDt><Dt>2018-09-13</Dt></BookgDt><BkTxCd><Prtry><Cd>SIP UKBA CR 40269</Cd></Prtry></BkTxCd><TxDtls><Refs><EndToEndId>NOREF</EndToEndId><TxId>180913113032654936</TxId></Refs><RltdPties><Dbtr><Nm>Mohammed Akhtar</Nm><PstlAdr><AdrLine>LEACROFT ROAD DERBY DE23 8HT</AdrLine><Ctry/></PstlAdr></Dbtr><DbtrAcct><Id><PrtryAcct><Id>77080640299760</Id></PrtryAcct></Id></DbtrAcct><Cdtr><Nm>SOLUTIONS FOR ALL</Nm></Cdtr><CdtrAcct><Id><PrtryAcct><Id>23008200040618</Id></PrtryAcct></Id></CdtrAcct><Prtry><Tp>AKHTAR</Tp><Pty/></Prtry></RltdPties><RmtInf><Strd><AddtlRmtInf>NO REF</AddtlRmtInf></Strd><Strd><AddtlRmtInf>Mohammed Akhtar//AKHTAR</AddtlRmtInf></Strd></RmtInf><RltdDts><TxDtTm>2018-09-13T11:30:30</TxDtTm></RltdDts><AddtlTxInf>1809131130326549361020180913826770806</AddtlTxInf></TxDtls><AddtlNtryInf>COMPLETE//0000//001//CREDIT</AddtlNtryInf></Ntry><Ntry><Amt Ccy="GBP">2.00</Amt><CdtDbtInd>CRDT</CdtDbtInd><Sts>BOOK</Sts><BookgDt><Dt>2018-09-13</Dt></BookgDt><BkTxCd><Prtry><Cd>SIP UKBA CR 40269</Cd></Prtry></BkTxCd><TxDtls><Refs><EndToEndId>PETE</EndToEndId><TxId>36113405802428000N</TxId><Prtry><Tp>STO REF</Tp><Ref>0000</Ref></Prtry></Refs><RltdPties><Dbtr><Nm>ANDERSON P</Nm></Dbtr><DbtrAcct><Id><PrtryAcct><Id>54412648347426</Id></PrtryAcct></Id></DbtrAcct><Cdtr><Nm>LIZ ANDERSON</Nm></Cdtr><CdtrAcct><Id><PrtryAcct><Id>23008200305981</Id></PrtryAcct></Id></CdtrAcct><Prtry><Tp>PETE</Tp><Pty/></Prtry></RltdPties><RmtInf><Strd><AddtlRmtInf>ANDERSON P        PETE              VIA ONLINE - PYMT</AddtlRmtInf></Strd><Strd><AddtlRmtInf>ANDERSON P//PETE</AddtlRmtInf></Strd></RmtInf><RltdDts><TxDtTm>2018-09-13T11:34:06</TxDtTm></RltdDts><AddtlTxInf>36113405802428000N1020180913826544126</AddtlTxInf></TxDtls><AddtlNtryInf>COMPLETE//0000//001//CREDIT</AddtlNtryInf></Ntry><Ntry><Amt Ccy="GBP">5.00</Amt><CdtDbtInd>CRDT</CdtDbtInd><Sts>BOOK</Sts><BookgDt><Dt>2018-09-13</Dt></BookgDt><BkTxCd><Prtry><Cd>SIP UKBA CR 40269</Cd></Prtry></BkTxCd><TxDtls><Refs><EndToEndId>NOREF</EndToEndId><TxId>500000000388346444</TxId></Refs><RltdPties><Dbtr><Nm>D Kabasubabo</Nm></Dbtr><DbtrAcct><Id><PrtryAcct><Id>11736108225063</Id></PrtryAcct></Id></DbtrAcct><Cdtr><Nm>RITHA BOMOLO</Nm></Cdtr><CdtrAcct><Id><PrtryAcct><Id>23008200073584</Id></PrtryAcct></Id></CdtrAcct><Prtry><Tp>TICKET</Tp><Pty/></Prtry></RltdPties><RmtInf><Strd><AddtlRmtInf>NO REF</AddtlRmtInf></Strd><Strd><AddtlRmtInf>D Kabasubabo//TICKET</AddtlRmtInf></Strd></RmtInf><RltdDts><TxDtTm>2018-09-13T11:43:23</TxDtTm></RltdDts><AddtlTxInf>5000000003883464441020180913826117361</AddtlTxInf></TxDtls><AddtlNtryInf>COMPLETE//0000//001//CREDIT</AddtlNtryInf></Ntry><Ntry><Amt Ccy="GBP">10.50</Amt><CdtDbtInd>CRDT</CdtDbtInd><Sts>BOOK</Sts><BookgDt><Dt>2018-09-13</Dt></BookgDt><BkTxCd><Prtry><Cd>DCA UKBA CR 40269</Cd></Prtry></BkTxCd><TxDtls><Refs><EndToEndId>NOREF</EndToEndId><TxId>000000013553262401</TxId><Prtry><Tp>STO REF</Tp><Ref>0000</Ref></Prtry></Refs><RltdPties><Dbtr><Nm>PULSE FINANCE MANU</Nm></Dbtr><DbtrAcct><Id><PrtryAcct><Id>40141332533375</Id></PrtryAcct></Id></DbtrAcct><Cdtr><Nm>HEATHER HAMMOND</Nm></Cdtr><CdtrAcct><Id><PrtryAcct><Id>23008200217865</Id></PrtryAcct></Id></CdtrAcct><Prtry><Tp>BUS TRAVEL W/C  23</Tp><Pty/></Prtry></RltdPties><RmtInf><Strd><AddtlRmtInf>NO REF</AddtlRmtInf></Strd><Strd><AddtlRmtInf>PULSE FINANCE MANU//BUS TRAVEL W/C  23</AddtlRmtInf></Strd></RmtInf><RltdDts><TxDtTm>2018-09-13T11:46:35</TxDtTm></RltdDts><AddtlTxInf>0000000135532624015020180913826401413</AddtlTxInf></TxDtls><AddtlNtryInf>COMPLETE//0000//001//CREDIT</AddtlNtryInf></Ntry><Ntry><Amt Ccy="GBP">15.00</Amt><CdtDbtInd>CRDT</CdtDbtInd><Sts>BOOK</Sts><BookgDt><Dt>2018-09-13</Dt></BookgDt><BkTxCd><Prtry><Cd>DCA UKBA CR 40269</Cd></Prtry></BkTxCd><TxDtls><Refs><EndToEndId>NOREF</EndToEndId><TxId>000000013553262501</TxId><Prtry><Tp>STO REF</Tp><Ref>0000</Ref></Prtry></Refs><RltdPties><Dbtr><Nm>PULSE FINANCE MANU</Nm></Dbtr><DbtrAcct><Id><PrtryAcct><Id>40141332533375</Id></PrtryAcct></Id></DbtrAcct><Cdtr><Nm>HEATHER HAMMOND</Nm></Cdtr><CdtrAcct><Id><PrtryAcct><Id>23008200217865</Id></PrtryAcct></Id></CdtrAcct><Prtry><Tp>BUS TRAVEL W/C  4T</Tp><Pty/></Prtry></RltdPties><RmtInf><Strd><AddtlRmtInf>NO REF</AddtlRmtInf></Strd><Strd><AddtlRmtInf>PULSE FINANCE MANU//BUS TRAVEL W/C  4T</AddtlRmtInf></Strd></RmtInf><RltdDts><TxDtTm>2018-09-13T11:46:35</TxDtTm></RltdDts><AddtlTxInf>0000000135532625015020180913826401413</AddtlTxInf></TxDtls><AddtlNtryInf>COMPLETE//0000//001//CREDIT</AddtlNtryInf></Ntry><Ntry><Amt Ccy="GBP">21.20</Amt><CdtDbtInd>CRDT</CdtDbtInd><Sts>BOOK</Sts><BookgDt><Dt>2018-09-13</Dt></BookgDt><BkTxCd><Prtry><Cd>DCA UKBA CR 40269</Cd></Prtry></BkTxCd><TxDtls><Refs><EndToEndId>NOREF</EndToEndId><TxId>000000013553263101</TxId><Prtry><Tp>STO REF</Tp><Ref>0000</Ref></Prtry></Refs><RltdPties><Dbtr><Nm>PULSE FINANCE MANU</Nm></Dbtr><DbtrAcct><Id><PrtryAcct><Id>40141332533375</Id></PrtryAcct></Id></DbtrAcct><Cdtr><Nm>HEATHER HAMMOND</Nm></Cdtr><CdtrAcct><Id><PrtryAcct><Id>23008200217865</Id></PrtryAcct></Id></CdtrAcct><Prtry><Tp>BUS TRAVEL W/C  2N</Tp><Pty/></Prtry></RltdPties><RmtInf><Strd><AddtlRmtInf>NO REF</AddtlRmtInf></Strd><Strd><AddtlRmtInf>PULSE FINANCE MANU//BUS TRAVEL W/C  2N</AddtlRmtInf></Strd></RmtInf><RltdDts><TxDtTm>2018-09-13T11:46:35</TxDtTm></RltdDts><AddtlTxInf>0000000135532631015020180913826401413</AddtlTxInf></TxDtls><AddtlNtryInf>COMPLETE//0000//001//CREDIT</AddtlNtryInf></Ntry><Ntry><Amt Ccy="GBP">17.00</Amt><CdtDbtInd>CRDT</CdtDbtInd><Sts>BOOK</Sts><BookgDt><Dt>2018-09-13</Dt></BookgDt><BkTxCd><Prtry><Cd>DCA UKBA CR 40269</Cd></Prtry></BkTxCd><TxDtls><Refs><EndToEndId>NOREF</EndToEndId><TxId>000000013553262701</TxId><Prtry><Tp>STO REF</Tp><Ref>0000</Ref></Prtry></Refs><RltdPties><Dbtr><Nm>PULSE FINANCE MANU</Nm></Dbtr><DbtrAcct><Id><PrtryAcct><Id>40141332533375</Id></PrtryAcct></Id></DbtrAcct><Cdtr><Nm>HEATHER HAMMOND</Nm></Cdtr><CdtrAcct><Id><PrtryAcct><Id>23008200217865</Id></PrtryAcct></Id></CdtrAcct><Prtry><Tp>BUS TRAVEL W/C  18</Tp><Pty/></Prtry></RltdPties><RmtInf><Strd><AddtlRmtInf>NO REF</AddtlRmtInf></Strd><Strd><AddtlRmtInf>PULSE FINANCE MANU//BUS TRAVEL W/C  18</AddtlRmtInf></Strd></RmtInf><RltdDts><TxDtTm>2018-09-13T11:46:35</TxDtTm></RltdDts><AddtlTxInf>0000000135532627015020180913826401413</AddtlTxInf></TxDtls><AddtlNtryInf>COMPLETE//0000//001//CREDIT</AddtlNtryInf></Ntry><Ntry><Amt Ccy="GBP">6.00</Amt><CdtDbtInd>CRDT</CdtDbtInd><Sts>BOOK</Sts><BookgDt><Dt>2018-09-13</Dt></BookgDt><BkTxCd><Prtry><Cd>DCA UKBA CR 40269</Cd></Prtry></BkTxCd><TxDtls><Refs><EndToEndId>NOREF</EndToEndId><TxId>000000013553263601</TxId><Prtry><Tp>STO REF</Tp><Ref>0000</Ref></Prtry></Refs><RltdPties><Dbtr><Nm>PULSE FINANCE MANU</Nm></Dbtr><DbtrAcct><Id><PrtryAcct><Id>40141332533375</Id></PrtryAcct></Id></DbtrAcct><Cdtr><Nm>HEATHER HAMMOND</Nm></Cdtr><CdtrAcct><Id><PrtryAcct><Id>23008200217865</Id></PrtryAcct></Id></CdtrAcct><Prtry><Tp>BUS TRAVEL W/C  30</Tp><Pty/></Prtry></RltdPties><RmtInf><Strd><AddtlRmtInf>NO REF</AddtlRmtInf></Strd><Strd><AddtlRmtInf>PULSE FINANCE MANU//BUS TRAVEL W/C  30</AddtlRmtInf></Strd></RmtInf><RltdDts><TxDtTm>2018-09-13T11:46:35</TxDtTm></RltdDts><AddtlTxInf>0000000135532636015020180913826401413</AddtlTxInf></TxDtls><AddtlNtryInf>COMPLETE//0000//001//CREDIT</AddtlNtryInf></Ntry><Ntry><Amt Ccy="GBP">10.50</Amt><CdtDbtInd>CRDT</CdtDbtInd><Sts>BOOK</Sts><BookgDt><Dt>2018-09-13</Dt></BookgDt><BkTxCd><Prtry><Cd>DCA UKBA CR 40269</Cd></Prtry></BkTxCd><TxDtls><Refs><EndToEndId>NOREF</EndToEndId><TxId>000000013553262601</TxId><Prtry><Tp>STO REF</Tp><Ref>0000</Ref></Prtry></Refs><RltdPties><Dbtr><Nm>PULSE FINANCE MANU</Nm></Dbtr><DbtrAcct><Id><PrtryAcct><Id>40141332533375</Id></PrtryAcct></Id></DbtrAcct><Cdtr><Nm>HEATHER HAMMOND</Nm></Cdtr><CdtrAcct><Id><PrtryAcct><Id>23008200217865</Id></PrtryAcct></Id></CdtrAcct><Prtry><Tp>BUS TRAVEL W/C  11</Tp><Pty/></Prtry></RltdPties><RmtInf><Strd><AddtlRmtInf>NO REF</AddtlRmtInf></Strd><Strd><AddtlRmtInf>PULSE FINANCE MANU//BUS TRAVEL W/C  11</AddtlRmtInf></Strd></RmtInf><RltdDts><TxDtTm>2018-09-13T11:46:35</TxDtTm></RltdDts><AddtlTxInf>0000000135532626015020180913826401413</AddtlTxInf></TxDtls><AddtlNtryInf>COMPLETE//0000//001//CREDIT</AddtlNtryInf></Ntry><Ntry><Amt Ccy="GBP">13.50</Amt><CdtDbtInd>CRDT</CdtDbtInd><Sts>BOOK</Sts><BookgDt><Dt>2018-09-13</Dt></BookgDt><BkTxCd><Prtry><Cd>DCA UKBA CR 40269</Cd></Prtry></BkTxCd><TxDtls><Refs><EndToEndId>NOREF</EndToEndId><TxId>000000013553263501</TxId><Prtry><Tp>STO REF</Tp><Ref>0000</Ref></Prtry></Refs><RltdPties><Dbtr><Nm>PULSE FINANCE MANU</Nm></Dbtr><DbtrAcct><Id><PrtryAcct><Id>40141332533375</Id></PrtryAcct></Id></DbtrAcct><Cdtr><Nm>HEATHER HAMMOND</Nm></Cdtr><CdtrAcct><Id><PrtryAcct><Id>23008200217865</Id></PrtryAcct></Id></CdtrAcct><Prtry><Tp>BUS TRAVEL W/C  20</Tp><Pty/></Prtry></RltdPties><RmtInf><Strd><AddtlRmtInf>NO REF</AddtlRmtInf></Strd><Strd><AddtlRmtInf>PULSE FINANCE MANU//BUS TRAVEL W/C  20</AddtlRmtInf></Strd></RmtInf><RltdDts><TxDtTm>2018-09-13T11:46:35</TxDtTm></RltdDts><AddtlTxInf>0000000135532635015020180913826401413</AddtlTxInf></TxDtls><AddtlNtryInf>COMPLETE//0000//001//CREDIT</AddtlNtryInf></Ntry><Ntry><Amt Ccy="GBP">16.50</Amt><CdtDbtInd>CRDT</CdtDbtInd><Sts>BOOK</Sts><BookgDt><Dt>2018-09-13</Dt></BookgDt><BkTxCd><Prtry><Cd>DCA UKBA CR 40269</Cd></Prtry></BkTxCd><TxDtls><Refs><EndToEndId>NOREF</EndToEndId><TxId>000000013553263001</TxId><Prtry><Tp>STO REF</Tp><Ref>0000</Ref></Prtry></Refs><RltdPties><Dbtr><Nm>PULSE FINANCE MANU</Nm></Dbtr><DbtrAcct><Id><PrtryAcct><Id>40141332533375</Id></PrtryAcct></Id></DbtrAcct><Cdtr><Nm>HEATHER HAMMOND</Nm></Cdtr><CdtrAcct><Id><PrtryAcct><Id>23008200217865</Id></PrtryAcct></Id></CdtrAcct><Prtry><Tp>BUS TRAVEL W/C  30</Tp><Pty/></Prtry></RltdPties><RmtInf><Strd><AddtlRmtInf>NO REF</AddtlRmtInf></Strd><Strd><AddtlRmtInf>PULSE FINANCE MANU//BUS TRAVEL W/C  30</AddtlRmtInf></Strd></RmtInf><RltdDts><TxDtTm>2018-09-13T11:46:35</TxDtTm></RltdDts><AddtlTxInf>0000000135532630015020180913826401413</AddtlTxInf></TxDtls><AddtlNtryInf>COMPLETE//0000//001//CREDIT</AddtlNtryInf></Ntry><Ntry><Amt Ccy="GBP">9.00</Amt><CdtDbtInd>CRDT</CdtDbtInd><Sts>BOOK</Sts><BookgDt><Dt>2018-09-13</Dt></BookgDt><BkTxCd><Prtry><Cd>DCA UKBA CR 40269</Cd></Prtry></BkTxCd><TxDtls><Refs><EndToEndId>NOREF</EndToEndId><TxId>000000013553262301</TxId><Prtry><Tp>STO REF</Tp><Ref>0000</Ref></Prtry></Refs><RltdPties><Dbtr><Nm>PULSE FINANCE MANU</Nm></Dbtr><DbtrAcct><Id><PrtryAcct><Id>40141332533375</Id></PrtryAcct></Id></DbtrAcct><Cdtr><Nm>HEATHER HAMMOND</Nm></Cdtr><CdtrAcct><Id><PrtryAcct><Id>23008200217865</Id></PrtryAcct></Id></CdtrAcct><Prtry><Tp>BUS TRAVEL W/C  29</Tp><Pty/></Prtry></RltdPties><RmtInf><Strd><AddtlRmtInf>NO REF</AddtlRmtInf></Strd><Strd><AddtlRmtInf>PULSE FINANCE MANU//BUS TRAVEL W/C  29</AddtlRmtInf></Strd></RmtInf><RltdDts><TxDtTm>2018-09-13T11:46:35</TxDtTm></RltdDts><AddtlTxInf>0000000135532623015020180913826401413</AddtlTxInf></TxDtls><AddtlNtryInf>COMPLETE//0000//001//CREDIT</AddtlNtryInf></Ntry><Ntry><Amt Ccy="GBP">15.00</Amt><CdtDbtInd>CRDT</CdtDbtInd><Sts>BOOK</Sts><BookgDt><Dt>2018-09-13</Dt></BookgDt><BkTxCd><Prtry><Cd>DCA UKBA CR 40269</Cd></Prtry></BkTxCd><TxDtls><Refs><EndToEndId>NOREF</EndToEndId><TxId>000000013553263201</TxId><Prtry><Tp>STO REF</Tp><Ref>0000</Ref></Prtry></Refs><RltdPties><Dbtr><Nm>PULSE FINANCE MANU</Nm></Dbtr><DbtrAcct><Id><PrtryAcct><Id>40141332533375</Id></PrtryAcct></Id></DbtrAcct><Cdtr><Nm>HEATHER HAMMOND</Nm></Cdtr><CdtrAcct><Id><PrtryAcct><Id>23008200217865</Id></PrtryAcct></Id></CdtrAcct><Prtry><Tp>BUS TRAVEL W/C  9T</Tp><Pty/></Prtry></RltdPties><RmtInf><Strd><AddtlRmtInf>NO REF</AddtlRmtInf></Strd><Strd><AddtlRmtInf>PULSE FINANCE MANU//BUS TRAVEL W/C  9T</AddtlRmtInf></Strd></RmtInf><RltdDts><TxDtTm>2018-09-13T11:46:35</TxDtTm></RltdDts><AddtlTxInf>0000000135532632015020180913826401413</AddtlTxInf></TxDtls><AddtlNtryInf>COMPLETE//0000//001//CREDIT</AddtlNtryInf></Ntry><Ntry><Amt Ccy="GBP">7.50</Amt><CdtDbtInd>CRDT</CdtDbtInd><Sts>BOOK</Sts><BookgDt><Dt>2018-09-13</Dt></BookgDt><BkTxCd><Prtry><Cd>DCA UKBA CR 40269</Cd></Prtry></BkTxCd><TxDtls><Refs><EndToEndId>NOREF</EndToEndId><TxId>000000013553262201</TxId><Prtry><Tp>STO REF</Tp><Ref>0000</Ref></Prtry></Refs><RltdPties><Dbtr><Nm>PULSE FINANCE MANU</Nm></Dbtr><DbtrAcct><Id><PrtryAcct><Id>40141332533375</Id></PrtryAcct></Id></DbtrAcct><Cdtr><Nm>HEATHER HAMMOND</Nm></Cdtr><CdtrAcct><Id><PrtryAcct><Id>23008200217865</Id></PrtryAcct></Id></CdtrAcct><Prtry><Tp>BUS TRAVEL W/C  30</Tp><Pty/></Prtry></RltdPties><RmtInf><Strd><AddtlRmtInf>NO REF</AddtlRmtInf></Strd><Strd><AddtlRmtInf>PULSE FINANCE MANU//BUS TRAVEL W/C  30</AddtlRmtInf></Strd></RmtInf><RltdDts><TxDtTm>2018-09-13T11:46:35</TxDtTm></RltdDts><AddtlTxInf>0000000135532622015020180913826401413</AddtlTxInf></TxDtls><AddtlNtryInf>COMPLETE//0000//001//CREDIT</AddtlNtryInf></Ntry><Ntry><Amt Ccy="GBP">16.50</Amt><CdtDbtInd>CRDT</CdtDbtInd><Sts>BOOK</Sts><BookgDt><Dt>2018-09-13</Dt></BookgDt><BkTxCd><Prtry><Cd>DCA UKBA CR 40269</Cd></Prtry></BkTxCd><TxDtls><Refs><EndToEndId>NOREF</EndToEndId><TxId>000000013553263401</TxId><Prtry><Tp>STO REF</Tp><Ref>0000</Ref></Prtry></Refs><RltdPties><Dbtr><Nm>PULSE FINANCE MANU</Nm></Dbtr><DbtrAcct><Id><PrtryAcct><Id>40141332533375</Id></PrtryAcct></Id></DbtrAcct><Cdtr><Nm>HEATHER HAMMOND</Nm></Cdtr><CdtrAcct><Id><PrtryAcct><Id>23008200217865</Id></PrtryAcct></Id></CdtrAcct><Prtry><Tp>BUS TRAVEL W/C  13</Tp><Pty/></Prtry></RltdPties><RmtInf><Strd><AddtlRmtInf>NO REF</AddtlRmtInf></Strd><Strd><AddtlRmtInf>PULSE FINANCE MANU//BUS TRAVEL W/C  13</AddtlRmtInf></Strd></RmtInf><RltdDts><TxDtTm>2018-09-13T11:46:35</TxDtTm></RltdDts><AddtlTxInf>0000000135532634015020180913826401413</AddtlTxInf></TxDtls><AddtlNtryInf>COMPLETE//0000//001//CREDIT</AddtlNtryInf></Ntry><Ntry><Amt Ccy="GBP">10.50</Amt><CdtDbtInd>CRDT</CdtDbtInd><Sts>BOOK</Sts><BookgDt><Dt>2018-09-13</Dt></BookgDt><BkTxCd><Prtry><Cd>DCA UKBA CR 40269</Cd></Prtry></BkTxCd><TxDtls><Refs><EndToEndId>NOREF</EndToEndId><TxId>000000013553262801</TxId><Prtry><Tp>STO REF</Tp><Ref>0000</Ref></Prtry></Refs><RltdPties><Dbtr><Nm>PULSE FINANCE MANU</Nm></Dbtr><DbtrAcct><Id><PrtryAcct><Id>40141332533375</Id></PrtryAcct></Id></DbtrAcct><Cdtr><Nm>HEATHER HAMMOND</Nm></Cdtr><CdtrAcct><Id><PrtryAcct><Id>23008200217865</Id></PrtryAcct></Id></CdtrAcct><Prtry><Tp>BUS TRAVEL W/C  25</Tp><Pty/></Prtry></RltdPties><RmtInf><Strd><AddtlRmtInf>NO REF</AddtlRmtInf></Strd><Strd><AddtlRmtInf>PULSE FINANCE MANU//BUS TRAVEL W/C  25</AddtlRmtInf></Strd></RmtInf><RltdDts><TxDtTm>2018-09-13T11:46:35</TxDtTm></RltdDts><AddtlTxInf>0000000135532628015020180913826401413</AddtlTxInf></TxDtls><AddtlNtryInf>COMPLETE//0000//001//CREDIT</AddtlNtryInf></Ntry><Ntry><Amt Ccy="GBP">13.50</Amt><CdtDbtInd>CRDT</CdtDbtInd><Sts>BOOK</Sts><BookgDt><Dt>2018-09-13</Dt></BookgDt><BkTxCd><Prtry><Cd>DCA UKBA CR 40269</Cd></Prtry></BkTxCd><TxDtls><Refs><EndToEndId>NOREF</EndToEndId><TxId>000000013553262901</TxId><Prtry><Tp>STO REF</Tp><Ref>0000</Ref></Prtry></Refs><RltdPties><Dbtr><Nm>PULSE FINANCE MANU</Nm></Dbtr><DbtrAcct><Id><PrtryAcct><Id>40141332533375</Id></PrtryAcct></Id></DbtrAcct><Cdtr><Nm>HEATHER HAMMOND</Nm></Cdtr><CdtrAcct><Id><PrtryAcct><Id>23008200217865</Id></PrtryAcct></Id></CdtrAcct><Prtry><Tp>BUS TRAVEL W/C  23</Tp><Pty/></Prtry></RltdPties><RmtInf><Strd><AddtlRmtInf>NO REF</AddtlRmtInf></Strd><Strd><AddtlRmtInf>PULSE FINANCE MANU//BUS TRAVEL W/C  23</AddtlRmtInf></Strd></RmtInf><RltdDts><TxDtTm>2018-09-13T11:46:35</TxDtTm></RltdDts><AddtlTxInf>0000000135532629015020180913826401413</AddtlTxInf></TxDtls><AddtlNtryInf>COMPLETE//0000//001//CREDIT</AddtlNtryInf></Ntry><Ntry><Amt Ccy="GBP">6.00</Amt><CdtDbtInd>CRDT</CdtDbtInd><Sts>BOOK</Sts><BookgDt><Dt>2018-09-13</Dt></BookgDt><BkTxCd><Prtry><Cd>DCA UKBA CR 40269</Cd></Prtry></BkTxCd><TxDtls><Refs><EndToEndId>NOREF</EndToEndId><TxId>000000013553263301</TxId><Prtry><Tp>STO REF</Tp><Ref>0000</Ref></Prtry></Refs><RltdPties><Dbtr><Nm>PULSE FINANCE MANU</Nm></Dbtr><DbtrAcct><Id><PrtryAcct><Id>40141332533375</Id></PrtryAcct></Id></DbtrAcct><Cdtr><Nm>HEATHER HAMMOND</Nm></Cdtr><CdtrAcct><Id><PrtryAcct><Id>23008200217865</Id></PrtryAcct></Id></CdtrAcct><Prtry><Tp>BUS TRAVEL W/C  18</Tp><Pty/></Prtry></RltdPties><RmtInf><Strd><AddtlRmtInf>NO REF</AddtlRmtInf></Strd><Strd><AddtlRmtInf>PULSE FINANCE MANU//BUS TRAVEL W/C  18</AddtlRmtInf></Strd></RmtInf><RltdDts><TxDtTm>2018-09-13T11:46:35</TxDtTm></RltdDts><AddtlTxInf>0000000135532633015020180913826401413</AddtlTxInf></TxDtls><AddtlNtryInf>COMPLETE//0000//001//CREDIT</AddtlNtryInf></Ntry><Ntry><Amt Ccy="GBP">300.00</Amt><CdtDbtInd>CRDT</CdtDbtInd><Sts>BOOK</Sts><BookgDt><Dt>2018-09-13</Dt></BookgDt><BkTxCd><Prtry><Cd>SIP UKBA CR 40269</Cd></Prtry></BkTxCd><TxDtls><Refs><EndToEndId>00156310632BBDVLHP</EndToEndId><TxId>00156310632BBDVLHP</TxId></Refs><RltdPties><Dbtr><Nm>ROBERT HORSFIELD</Nm></Dbtr><DbtrAcct><Id><PrtryAcct><Id>09013344608581</Id></PrtryAcct></Id></DbtrAcct><Cdtr><Nm>PAUL</Nm></Cdtr><CdtrAcct><Id><PrtryAcct><Id>23008200356012</Id></PrtryAcct></Id></CdtrAcct><Prtry><Tp>R HORSEFIELD</Tp><Pty/></Prtry></RltdPties><RmtInf><Strd><AddtlRmtInf>NO REF</AddtlRmtInf></Strd><Strd><AddtlRmtInf>ROBERT HORSFIELD//R HORSEFIELD</AddtlRmtInf></Strd></RmtInf><RltdDts><TxDtTm>2018-09-13T11:47:02</TxDtTm></RltdDts><AddtlTxInf>00156310632BBDVLHP1020180913826090133</AddtlTxInf></TxDtls><AddtlNtryInf>COMPLETE//0000//001//CREDIT</AddtlNtryInf></Ntry><Ntry><Amt Ccy="GBP">15.00</Amt><CdtDbtInd>CRDT</CdtDbtInd><Sts>BOOK</Sts><BookgDt><Dt>2018-09-13</Dt></BookgDt><BkTxCd><Prtry><Cd>SIP UKBA CR 40269</Cd></Prtry></BkTxCd><TxDtls><Refs><EndToEndId>NOREF</EndToEndId><TxId>600000000388065148</TxId></Refs><RltdPties><Dbtr><Nm>Sg And Co Services</Nm></Dbtr><DbtrAcct><Id><PrtryAcct><Id>30989733800168</Id></PrtryAcct></Id></DbtrAcct><Cdtr><Nm>BARRY GAMBLE</Nm></Cdtr><CdtrAcct><Id><PrtryAcct><Id>23008200225105</Id></PrtryAcct></Id></CdtrAcct><Prtry><Tp>EXSPENSE</Tp><Pty/></Prtry></RltdPties><RmtInf><Strd><AddtlRmtInf>NO REF</AddtlRmtInf></Strd><Strd><AddtlRmtInf>Sg And Co Services//EXSPENSE</AddtlRmtInf></Strd></RmtInf><RltdDts><TxDtTm>2018-09-13T11:51:14</TxDtTm></RltdDts><AddtlTxInf>6000000003880651481020180913826309897</AddtlTxInf></TxDtls><AddtlNtryInf>COMPLETE//0000//001//CREDIT</AddtlNtryInf></Ntry><Ntry><Amt Ccy="GBP">597.98</Amt><CdtDbtInd>CRDT</CdtDbtInd><Sts>BOOK</Sts><BookgDt><Dt>2018-09-13</Dt></BookgDt><BkTxCd><Prtry><Cd>SIP UKBA CR 40269</Cd></Prtry></BkTxCd><TxDtls><Refs><EndToEndId>NOREF</EndToEndId><TxId>RP4659984444809000</TxId></Refs><RltdPties><Dbtr><Nm>SKEG RUGBY FC</Nm></Dbtr><DbtrAcct><Id><PrtryAcct><Id>20527860820172</Id></PrtryAcct></Id></DbtrAcct><Cdtr><Nm>MYZEPOS</Nm></Cdtr><CdtrAcct><Id><PrtryAcct><Id>23008200222251</Id></PrtryAcct></Id></CdtrAcct><Prtry><Tp>5088</Tp><Pty/></Prtry></RltdPties><RmtInf><Strd><AddtlRmtInf>NO REF</AddtlRmtInf></Strd><Strd><AddtlRmtInf>SKEG RUGBY FC//5088</AddtlRmtInf></Strd></RmtInf><RltdDts><TxDtTm>2018-09-13T11:56:36</TxDtTm></RltdDts><AddtlTxInf>RP46599844448090001020180913826200026</AddtlTxInf></TxDtls><AddtlNtryInf>COMPLETE//0000//001//CREDIT</AddtlNtryInf></Ntry></Ntfctn></BkToCstmrDbtCdtNtfctnV01></Document>