<?xml version="1.0" encoding="UTF-8"?><Document xmlns:xsi="http://www.w3.org/2001/XMLSchema-instance" xmlns="urn:iso:std:iso:20022:tech:xsd:camt.054.001.01"><BkToCstmrDbtCdtNtfctnV01><GrpHdr><MsgId>80309K//12878</MsgId><CreDtTm>2018-09-15T10:30:00</CreDtTm></GrpHdr><Ntfctn><Id>80309K//12878//1</Id><CreDtTm>2018-09-15T10:30:00</CreDtTm><Acct><Id><PrtryAcct><Id>20594233939774</Id></PrtryAcct></Id><Ccy>GBP</Ccy></Acct><TxsSummry><TtlNtries><NbOfNtries>6</NbOfNtries><Sum>195.01</Sum></TtlNtries><TtlCdtNtries><NbOfNtries>6</NbOfNtries><Sum>195.01</Sum></TtlCdtNtries><TtlDbtNtries><NbOfNtries>0</NbOfNtries><Sum>0.00</Sum></TtlDbtNtries></TxsSummry><Ntry><Amt Ccy="GBP">20.00</Amt><CdtDbtInd>CRDT</CdtDbtInd><Sts>BOOK</Sts><BookgDt><Dt>2018-09-17</Dt></BookgDt><BkTxCd><Prtry><Cd>SIP UKBA CR 40269</Cd></Prtry></BkTxCd><TxDtls><Refs><EndToEndId>ARRO</EndToEndId><TxId>15100341602040000N</TxId><Prtry><Tp>STO REF</Tp><Ref>0000</Ref></Prtry></Refs><RltdPties><Dbtr><Nm>SALEEMI H</Nm></Dbtr><DbtrAcct><Id><PrtryAcct><Id>01014226151502</Id></PrtryAcct></Id></DbtrAcct><Cdtr><Nm>MRS SADHIA FAROOQ</Nm></Cdtr><CdtrAcct><Id><PrtryAcct><Id>23008200150876</Id></PrtryAcct></Id></CdtrAcct><Prtry><Tp>ARRO</Tp><Pty/></Prtry></RltdPties><RmtInf><Strd><AddtlRmtInf>SALEEMI H         ARRO              VIA MOBILE - LVP</AddtlRmtInf></Strd><Strd><AddtlRmtInf>SALEEMI H//ARRO</AddtlRmtInf></Strd></RmtInf><RltdDts><TxDtTm>2018-09-15T10:03:41</TxDtTm></RltdDts><AddtlTxInf>15100341602040000N1020180915826010142</AddtlTxInf></TxDtls><AddtlNtryInf>COMPLETE//0000//003//CREDIT</AddtlNtryInf></Ntry><Ntry><Amt Ccy="GBP">30.00</Amt><CdtDbtInd>CRDT</CdtDbtInd><Sts>BOOK</Sts><BookgDt><Dt>2018-09-17</Dt></BookgDt><BkTxCd><Prtry><Cd>SIP UKBA CR 40269</Cd></Prtry></BkTxCd><TxDtls><Refs><EndToEndId>NOREF</EndToEndId><TxId>180915100508052063</TxId></Refs><RltdPties><Dbtr><Nm>Blaise Kimpini</Nm></Dbtr><DbtrAcct><Id><PrtryAcct><Id>77666502655568</Id></PrtryAcct></Id></DbtrAcct><Cdtr><Nm>BLAISE KIMPINI</Nm></Cdtr><CdtrAcct><Id><PrtryAcct><Id>23008200326733</Id></PrtryAcct></Id></CdtrAcct><Prtry><Tp>BF</Tp><Pty/></Prtry></RltdPties><RmtInf><Strd><AddtlRmtInf>NO REF</AddtlRmtInf></Strd><Strd><AddtlRmtInf>Blaise Kimpini//BF</AddtlRmtInf></Strd></RmtInf><RltdDts><TxDtTm>2018-09-15T10:05:06</TxDtTm></RltdDts><AddtlTxInf>1809151005080520631020180915826776665</AddtlTxInf></TxDtls><AddtlNtryInf>COMPLETE//0000//003//CREDIT</AddtlNtryInf></Ntry><Ntry><Amt Ccy="GBP">5.00</Amt><CdtDbtInd>CRDT</CdtDbtInd><Sts>BOOK</Sts><BookgDt><Dt>2018-09-17</Dt></BookgDt><BkTxCd><Prtry><Cd>SIP UKBA CR 40269</Cd></Prtry></BkTxCd><TxDtls><Refs><EndToEndId>NOREF</EndToEndId><TxId>PBWCWMJFQ5288JVU2E</TxId></Refs><RltdPties><Dbtr><Nm>zara yamani</Nm><PstlAdr><AdrLine>Flat 9, RM13 8HF</AdrLine><Ctry/></PstlAdr></Dbtr><DbtrAcct><Id><PrtryAcct><Id>04000460741998</Id></PrtryAcct></Id></DbtrAcct><Cdtr><Nm>zara yamani</Nm></Cdtr><CdtrAcct><Id><PrtryAcct><Id>23008200313226</Id></PrtryAcct></Id></CdtrAcct></RltdPties><RmtInf><Strd><AddtlRmtInf>NO REF</AddtlRmtInf></Strd><Strd><AddtlRmtInf>zara yamani//</AddtlRmtInf></Strd></RmtInf><RltdDts><TxDtTm>2018-09-15T10:11:30</TxDtTm></RltdDts><AddtlTxInf>PBWCWMJFQ5288JVU2E1020180915826040004</AddtlTxInf></TxDtls><AddtlNtryInf>COMPLETE//0000//003//CREDIT</AddtlNtryInf></Ntry><Ntry><Amt Ccy="GBP">0.01</Amt><CdtDbtInd>CRDT</CdtDbtInd><Sts>BOOK</Sts><BookgDt><Dt>2018-09-17</Dt></BookgDt><BkTxCd><Prtry><Cd>SIP UKBA CR 40269</Cd></Prtry></BkTxCd><TxDtls><Refs><EndToEndId>PPRD00000000ANH7D8</EndToEndId><TxId>PPRD00000000ANH7D8</TxId></Refs><RltdPties><Dbtr><Nm>PAYPAL CODE 2497</Nm><PstlAdr><AdrLine>2211 N 1st Street San Jose CA 95131</AdrLine><Ctry/></PstlAdr></Dbtr><DbtrAcct><Id><PrtryAcct><Id>23526285010101</Id></PrtryAcct></Id></DbtrAcct><Cdtr><Nm>Paul Johnson</Nm><PstlAdr><AdrLine>7 Coney Lane</AdrLine><Ctry/></PstlAdr></Cdtr><CdtrAcct><Id><PrtryAcct><Id>23008200445986</Id></PrtryAcct></Id></CdtrAcct><Prtry><Tp>PAYPAL CODE 2497</Tp><Pty/></Prtry></RltdPties><RmtInf><Strd><RfrdDocInf><RfrdDocTp><Prtry>002</Prtry></RfrdDocTp></RfrdDocInf><AddtlRmtInf>NO REF</AddtlRmtInf></Strd><Strd><AddtlRmtInf>PAYPAL CODE 2497//PAYPAL CODE 2497</AddtlRmtInf></Strd></RmtInf><RltdDts><TxDtTm>2018-09-15T10:13:55</TxDtTm></RltdDts><AddtlTxInf>PPRD00000000ANH7D81020180915826235262</AddtlTxInf></TxDtls><AddtlNtryInf>COMPLETE//0000//003//CREDIT</AddtlNtryInf></Ntry><Ntry><Amt Ccy="GBP">130.00</Amt><CdtDbtInd>CRDT</CdtDbtInd><Sts>BOOK</Sts><BookgDt><Dt>2018-09-17</Dt></BookgDt><BkTxCd><Prtry><Cd>SIP UKBA CR 40269</Cd></Prtry></BkTxCd><TxDtls><Refs><EndToEndId>NOREF</EndToEndId><TxId>RP4679961442660000</TxId></Refs><RltdPties><Dbtr><Nm>JACKSON C</Nm></Dbtr><DbtrAcct><Id><PrtryAcct><Id>20305120267058</Id></PrtryAcct></Id></DbtrAcct><Cdtr><Nm>SONIC BACKLINKS</Nm></Cdtr><CdtrAcct><Id><PrtryAcct><Id>23008200225081</Id></PrtryAcct></Id></CdtrAcct><Prtry><Tp>579 AND 663 PAID</Tp><Pty/></Prtry></RltdPties><RmtInf><Strd><AddtlRmtInf>NO REF</AddtlRmtInf></Strd><Strd><AddtlRmtInf>JACKSON C//579 AND 663 PAID</AddtlRmtInf></Strd></RmtInf><RltdDts><TxDtTm>2018-09-15T10:14:42</TxDtTm></RltdDts><AddtlTxInf>RP46799614426600001020180915826200026</AddtlTxInf></TxDtls><AddtlNtryInf>COMPLETE//0000//003//CREDIT</AddtlNtryInf></Ntry><Ntry><Amt Ccy="GBP">10.00</Amt><CdtDbtInd>CRDT</CdtDbtInd><Sts>BOOK</Sts><BookgDt><Dt>2018-09-17</Dt></BookgDt><BkTxCd><Prtry><Cd>SIP UKBA CR 40269</Cd></Prtry></BkTxCd><TxDtls><Refs><EndToEndId>CLOTHES</EndToEndId><TxId>12102010919820000N</TxId><Prtry><Tp>STO REF</Tp><Ref>0000</Ref></Prtry></Refs><RltdPties><Dbtr><Nm>OBADA V</Nm></Dbtr><DbtrAcct><Id><PrtryAcct><Id>60233481656580</Id></PrtryAcct></Id></DbtrAcct><Cdtr><Nm>CLASSIC CLOTHING</Nm></Cdtr><CdtrAcct><Id><PrtryAcct><Id>23008200042452</Id></PrtryAcct></Id></CdtrAcct><Prtry><Tp>CLOTHES</Tp><Pty/></Prtry></RltdPties><RmtInf><Strd><AddtlRmtInf>OBADA V           CLOTHES           VIA MOBILE - LVP</AddtlRmtInf></Strd><Strd><AddtlRmtInf>OBADA V//CLOTHES</AddtlRmtInf></Strd></RmtInf><RltdDts><TxDtTm>2018-09-15T10:20:11</TxDtTm></RltdDts><AddtlTxInf>12102010919820000N1020180915826602334</AddtlTxInf></TxDtls><AddtlNtryInf>COMPLETE//0000//003//CREDIT</AddtlNtryInf></Ntry></Ntfctn></BkToCstmrDbtCdtNtfctnV01></Document>