<?xml version="1.0" encoding="UTF-8"?><Document xmlns:xsi="http://www.w3.org/2001/XMLSchema-instance" xmlns="urn:iso:std:iso:20022:tech:xsd:camt.054.001.01"><BkToCstmrDbtCdtNtfctnV01><GrpHdr><MsgId>80309K//12543</MsgId><CreDtTm>2018-09-07T12:00:00</CreDtTm></GrpHdr><Ntfctn><Id>80309K//12543//1</Id><CreDtTm>2018-09-07T12:00:00</CreDtTm><Acct><Id><PrtryAcct><Id>20594233939774</Id></PrtryAcct></Id><Ccy>GBP</Ccy></Acct><TxsSummry><TtlNtries><NbOfNtries>13</NbOfNtries><Sum>4412.85</Sum></TtlNtries><TtlCdtNtries><NbOfNtries>13</NbOfNtries><Sum>4412.85</Sum></TtlCdtNtries><TtlDbtNtries><NbOfNtries>0</NbOfNtries><Sum>0.00</Sum></TtlDbtNtries></TxsSummry><Ntry><Amt Ccy="GBP">0.10</Amt><CdtDbtInd>CRDT</CdtDbtInd><Sts>BOOK</Sts><BookgDt><Dt>2018-09-07</Dt></BookgDt><BkTxCd><Prtry><Cd>SIP UKBA CR 40269</Cd></Prtry></BkTxCd><TxDtls><Refs><EndToEndId>NOREF</EndToEndId><TxId>180907113423935975</TxId></Refs><RltdPties><Dbtr><Nm>Marlena Krempa</Nm></Dbtr><DbtrAcct><Id><PrtryAcct><Id>77194102174468</Id></PrtryAcct></Id></DbtrAcct><Cdtr><Nm>Marlena KrempaArro</Nm></Cdtr><CdtrAcct><Id><PrtryAcct><Id>23008200427242</Id></PrtryAcct></Id></CdtrAcct></RltdPties><RmtInf><Strd><AddtlRmtInf>NO REF</AddtlRmtInf></Strd><Strd><AddtlRmtInf>Marlena Krempa//</AddtlRmtInf></Strd></RmtInf><RltdDts><TxDtTm>2018-09-07T11:34:21</TxDtTm></RltdDts><AddtlTxInf>1809071134239359751020180907826771941</AddtlTxInf></TxDtls><AddtlNtryInf>COMPLETE//0000//001//CREDIT</AddtlNtryInf></Ntry><Ntry><Amt Ccy="GBP">5.28</Amt><CdtDbtInd>CRDT</CdtDbtInd><Sts>BOOK</Sts><BookgDt><Dt>2018-09-07</Dt></BookgDt><BkTxCd><Prtry><Cd>SIP UKBA CR 40269</Cd></Prtry></BkTxCd><TxDtls><Refs><EndToEndId>NOREF</EndToEndId><TxId>RP4659984052053200</TxId></Refs><RltdPties><Dbtr><Nm>PENALVER S A</Nm></Dbtr><DbtrAcct><Id><PrtryAcct><Id>20980783275760</Id></PrtryAcct></Id></DbtrAcct><Cdtr><Nm>SPENCER ARRO</Nm></Cdtr><CdtrAcct><Id><PrtryAcct><Id>23008200129940</Id></PrtryAcct></Id></CdtrAcct><Prtry><Tp>SAFIA</Tp><Pty/></Prtry></RltdPties><RmtInf><Strd><AddtlRmtInf>NO REF</AddtlRmtInf></Strd><Strd><AddtlRmtInf>PENALVER S A//SAFIA</AddtlRmtInf></Strd></RmtInf><RltdDts><TxDtTm>2018-09-07T11:35:19</TxDtTm></RltdDts><AddtlTxInf>RP46599840520532001020180907826200026</AddtlTxInf></TxDtls><AddtlNtryInf>COMPLETE//0000//001//CREDIT</AddtlNtryInf></Ntry><Ntry><Amt Ccy="GBP">20.00</Amt><CdtDbtInd>CRDT</CdtDbtInd><Sts>BOOK</Sts><BookgDt><Dt>2018-09-07</Dt></BookgDt><BkTxCd><Prtry><Cd>SIP UKBA CR 40269</Cd></Prtry></BkTxCd><TxDtls><Refs><EndToEndId>NOREF</EndToEndId><TxId>RP4679960836727700</TxId></Refs><RltdPties><Dbtr><Nm>WHITE CHRISTOPHE</Nm></Dbtr><DbtrAcct><Id><PrtryAcct><Id>20709483520781</Id></PrtryAcct></Id></DbtrAcct><Cdtr><Nm>CHRISTOPHER WHITE</Nm></Cdtr><CdtrAcct><Id><PrtryAcct><Id>23008200292739</Id></PrtryAcct></Id></CdtrAcct><Prtry><Tp>MONEY</Tp><Pty/></Prtry></RltdPties><RmtInf><Strd><AddtlRmtInf>NO REF</AddtlRmtInf></Strd><Strd><AddtlRmtInf>WHITE CHRISTOPHE//MONEY</AddtlRmtInf></Strd></RmtInf><RltdDts><TxDtTm>2018-09-07T11:41:15</TxDtTm></RltdDts><AddtlTxInf>RP46799608367277001020180907826200026</AddtlTxInf></TxDtls><AddtlNtryInf>COMPLETE//0000//001//CREDIT</AddtlNtryInf></Ntry><Ntry><Amt Ccy="GBP">736.60</Amt><CdtDbtInd>CRDT</CdtDbtInd><Sts>BOOK</Sts><BookgDt><Dt>2018-09-07</Dt></BookgDt><BkTxCd><Prtry><Cd>DCA UKBA CR 40269</Cd></Prtry></BkTxCd><TxDtls><Refs><EndToEndId>NOREF</EndToEndId><TxId>000000013502760101</TxId><Prtry><Tp>STO REF</Tp><Ref>0000</Ref></Prtry></Refs><RltdPties><Dbtr><Nm>ORCHID</Nm></Dbtr><DbtrAcct><Id><PrtryAcct><Id>20659013385272</Id></PrtryAcct></Id></DbtrAcct><Cdtr><Nm>SOLOMON OKORO</Nm></Cdtr><CdtrAcct><Id><PrtryAcct><Id>23008200128618</Id></PrtryAcct></Id></CdtrAcct><Prtry><Tp>00000CS0016020</Tp><Pty/></Prtry></RltdPties><RmtInf><Strd><AddtlRmtInf>NO REF</AddtlRmtInf></Strd><Strd><AddtlRmtInf>ORCHID//00000CS0016020</AddtlRmtInf></Strd></RmtInf><RltdDts><TxDtTm>2018-09-07T11:43:52</TxDtTm></RltdDts><AddtlTxInf>0000000135027601015020180907826206590</AddtlTxInf></TxDtls><AddtlNtryInf>COMPLETE//0000//001//CREDIT</AddtlNtryInf></Ntry><Ntry><Amt Ccy="GBP">140.00</Amt><CdtDbtInd>CRDT</CdtDbtInd><Sts>BOOK</Sts><BookgDt><Dt>2018-09-07</Dt></BookgDt><BkTxCd><Prtry><Cd>SIP UKBA CR 40269</Cd></Prtry></BkTxCd><TxDtls><Refs><EndToEndId>5574220105211394</EndToEndId><TxId>03114521175922000N</TxId><Prtry><Tp>STO REF</Tp><Ref>0000</Ref></Prtry></Refs><RltdPties><Dbtr><Nm>HAYWOOD Y</Nm></Dbtr><DbtrAcct><Id><PrtryAcct><Id>60171787605929</Id></PrtryAcct></Id></DbtrAcct><Cdtr><Nm>ARRO</Nm></Cdtr><CdtrAcct><Id><PrtryAcct><Id>23008200162339</Id></PrtryAcct></Id></CdtrAcct><Prtry><Tp>5574220105211394</Tp><Pty/></Prtry></RltdPties><RmtInf><Strd><AddtlRmtInf>HAYWOOD Y         5574220105211394  VIA MOBILE - PYMT</AddtlRmtInf></Strd><Strd><AddtlRmtInf>HAYWOOD Y//5574220105211394</AddtlRmtInf></Strd></RmtInf><RltdDts><TxDtTm>2018-09-07T11:45:21</TxDtTm></RltdDts><AddtlTxInf>03114521175922000N1020180907826601717</AddtlTxInf></TxDtls><AddtlNtryInf>COMPLETE//0000//001//CREDIT</AddtlNtryInf></Ntry><Ntry><Amt Ccy="GBP">30.00</Amt><CdtDbtInd>CRDT</CdtDbtInd><Sts>BOOK</Sts><BookgDt><Dt>2018-09-07</Dt></BookgDt><BkTxCd><Prtry><Cd>SIP UKBA CR 40269</Cd></Prtry></BkTxCd><TxDtls><Refs><EndToEndId>PETROL MONEY</EndToEndId><TxId>36114639948368000N</TxId><Prtry><Tp>STO REF</Tp><Ref>0000</Ref></Prtry></Refs><RltdPties><Dbtr><Nm>OKUNOREN DB</Nm></Dbtr><DbtrAcct><Id><PrtryAcct><Id>60071843096379</Id></PrtryAcct></Id></DbtrAcct><Cdtr><Nm>BRIAN</Nm></Cdtr><CdtrAcct><Id><PrtryAcct><Id>23008200433481</Id></PrtryAcct></Id></CdtrAcct><Prtry><Tp>PETROL MONEY</Tp><Pty/></Prtry></RltdPties><RmtInf><Strd><AddtlRmtInf>OKUNOREN DB       PETROL MONEY      VIA MOBILE - LVP</AddtlRmtInf></Strd><Strd><AddtlRmtInf>OKUNOREN DB//PETROL MONEY</AddtlRmtInf></Strd></RmtInf><RltdDts><TxDtTm>2018-09-07T11:46:40</TxDtTm></RltdDts><AddtlTxInf>36114639948368000N1020180907826600718</AddtlTxInf></TxDtls><AddtlNtryInf>COMPLETE//0000//001//CREDIT</AddtlNtryInf></Ntry><Ntry><Amt Ccy="GBP">799.33</Amt><CdtDbtInd>CRDT</CdtDbtInd><Sts>BOOK</Sts><BookgDt><Dt>2018-09-07</Dt></BookgDt><BkTxCd><Prtry><Cd>SIP UKBA CR 40269</Cd></Prtry></BkTxCd><TxDtls><Refs><EndToEndId>NOREF</EndToEndId><TxId>500000000386834521</TxId></Refs><RltdPties><Dbtr><Nm>S Kareem</Nm></Dbtr><DbtrAcct><Id><PrtryAcct><Id>77910917521060</Id></PrtryAcct></Id></DbtrAcct><Cdtr><Nm>ADEKUNLE ADEYEMI</Nm></Cdtr><CdtrAcct><Id><PrtryAcct><Id>23008200237729</Id></PrtryAcct></Id></CdtrAcct><Prtry><Tp>BALANCE</Tp><Pty/></Prtry></RltdPties><RmtInf><Strd><AddtlRmtInf>NO REF</AddtlRmtInf></Strd><Strd><AddtlRmtInf>S Kareem//BALANCE</AddtlRmtInf></Strd></RmtInf><RltdDts><TxDtTm>2018-09-07T11:47:39</TxDtTm></RltdDts><AddtlTxInf>5000000003868345211020180907826779109</AddtlTxInf></TxDtls><AddtlNtryInf>COMPLETE//0000//001//CREDIT</AddtlNtryInf></Ntry><Ntry><Amt Ccy="GBP">10.00</Amt><CdtDbtInd>CRDT</CdtDbtInd><Sts>BOOK</Sts><BookgDt><Dt>2018-09-07</Dt></BookgDt><BkTxCd><Prtry><Cd>SIP UKBA CR 40269</Cd></Prtry></BkTxCd><TxDtls><Refs><EndToEndId>NOREF</EndToEndId><TxId>28114825903559000R</TxId><Prtry><Tp>STO REF</Tp><Ref>0000</Ref></Prtry></Refs><RltdPties><Dbtr><Nm>MUSHA EMANUELL WILLIAMS</Nm><PstlAdr><AdrLine>FLAT 235 MISSENDEN;</AdrLine><AdrLine>INVILLE ROAD;</AdrLine><AdrLine>LONDON         UNITED KIN</AdrLine><Ctry/></PstlAdr></Dbtr><DbtrAcct><Id><PrtryAcct><Id>16313022110568</Id></PrtryAcct></Id></DbtrAcct><Cdtr><Nm>MR MUSHA WILLIAMS</Nm></Cdtr><CdtrAcct><Id><PrtryAcct><Id>23008200344890</Id></PrtryAcct></Id></CdtrAcct><Prtry><Tp>MUSHA</Tp><Pty/></Prtry></RltdPties><RmtInf><Strd><AddtlRmtInf>MUSHA</AddtlRmtInf></Strd><Strd><AddtlRmtInf>MUSHA EMANUELL WIL//MUSHA</AddtlRmtInf></Strd></RmtInf><RltdDts><TxDtTm>2018-09-07T11:48:26</TxDtTm></RltdDts><AddtlTxInf>28114825903559000R1020180907826163130</AddtlTxInf></TxDtls><AddtlNtryInf>COMPLETE//0000//001//CREDIT</AddtlNtryInf></Ntry><Ntry><Amt Ccy="GBP">450.00</Amt><CdtDbtInd>CRDT</CdtDbtInd><Sts>BOOK</Sts><BookgDt><Dt>2018-09-07</Dt></BookgDt><BkTxCd><Prtry><Cd>SIP UKBA CR 40269</Cd></Prtry></BkTxCd><TxDtls><Refs><EndToEndId>NOREF</EndToEndId><TxId>39115158624618000N</TxId><Prtry><Tp>STO REF</Tp><Ref>0000</Ref></Prtry></Refs><RltdPties><Dbtr><Nm>MR ALHASSAN SAKO</Nm></Dbtr><DbtrAcct><Id><PrtryAcct><Id>60240460656980</Id></PrtryAcct></Id></DbtrAcct><Cdtr><Nm>FLIGHT SCANNERS</Nm></Cdtr><CdtrAcct><Id><PrtryAcct><Id>23008200432778</Id></PrtryAcct></Id></CdtrAcct><Prtry><Tp>ALHASSAN SAKO</Tp><Pty/></Prtry></RltdPties><RmtInf><Strd><AddtlRmtInf>ALHASSAN SAKO</AddtlRmtInf></Strd><Strd><AddtlRmtInf>MR ALHASSAN SAKO//ALHASSAN SAKO</AddtlRmtInf></Strd></RmtInf><RltdDts><TxDtTm>2018-09-07T11:51:58</TxDtTm></RltdDts><AddtlTxInf>39115158624618000N1020180907826602404</AddtlTxInf></TxDtls><AddtlNtryInf>COMPLETE//0000//001//CREDIT</AddtlNtryInf></Ntry><Ntry><Amt Ccy="GBP">238.00</Amt><CdtDbtInd>CRDT</CdtDbtInd><Sts>BOOK</Sts><BookgDt><Dt>2018-09-07</Dt></BookgDt><BkTxCd><Prtry><Cd>SIP UKBA CR 40269</Cd></Prtry></BkTxCd><TxDtls><Refs><EndToEndId>1009671753</EndToEndId><TxId>500000000386836335</TxId></Refs><RltdPties><Dbtr><Nm>BAUER CONSUMER MEDIA LIMITED</Nm><PstlAdr><AdrLine>MEDIA HOUSE PETERBOROUGH BUSINESS P</AdrLine><AdrLine>ARK PETERBOROUGH PE2 6EA</AdrLine><Ctry/></PstlAdr></Dbtr><DbtrAcct><Id><PrtryAcct><Id>30801216306460</Id></PrtryAcct></Id></DbtrAcct><Cdtr><Nm>SIMON M BRAUND</Nm></Cdtr><CdtrAcct><Id><PrtryAcct><Id>23008200189283</Id></PrtryAcct></Id></CdtrAcct></RltdPties><RmtInf><Strd><AddtlRmtInf>NO REF</AddtlRmtInf></Strd><Strd><AddtlRmtInf>BAUER CONSUMER MED//</AddtlRmtInf></Strd></RmtInf><RltdDts><TxDtTm>2018-09-07T11:52:22</TxDtTm></RltdDts><AddtlTxInf>5000000003868363351020180907826308012</AddtlTxInf></TxDtls><AddtlNtryInf>COMPLETE//0000//001//CREDIT</AddtlNtryInf></Ntry><Ntry><Amt Ccy="GBP">790.54</Amt><CdtDbtInd>CRDT</CdtDbtInd><Sts>BOOK</Sts><BookgDt><Dt>2018-09-07</Dt></BookgDt><BkTxCd><Prtry><Cd>SIP UKBA CR 40269</Cd></Prtry></BkTxCd><TxDtls><Refs><EndToEndId>NOREF</EndToEndId><TxId>416457953511709001</TxId><Prtry><Tp>STO REF</Tp><Ref>0000</Ref></Prtry></Refs><RltdPties><Dbtr><Nm>AXMIN SERV</Nm></Dbtr><DbtrAcct><Id><PrtryAcct><Id>40091821773844</Id></PrtryAcct></Id></DbtrAcct><Cdtr><Nm>BENKARA B</Nm></Cdtr><CdtrAcct><Id><PrtryAcct><Id>23008200067387</Id></PrtryAcct></Id></CdtrAcct><Prtry><Tp>CH003</Tp><Pty/></Prtry></RltdPties><RmtInf><Strd><AddtlRmtInf>NO REF</AddtlRmtInf></Strd><Strd><AddtlRmtInf>AXMIN SERV//CH003</AddtlRmtInf></Strd></RmtInf><RltdDts><TxDtTm>2018-09-07T11:54:00</TxDtTm></RltdDts><AddtlTxInf>4164579535117090011020180907826400918</AddtlTxInf></TxDtls><AddtlNtryInf>COMPLETE//0000//001//CREDIT</AddtlNtryInf></Ntry><Ntry><Amt Ccy="GBP">365.00</Amt><CdtDbtInd>CRDT</CdtDbtInd><Sts>BOOK</Sts><BookgDt><Dt>2018-09-07</Dt></BookgDt><BkTxCd><Prtry><Cd>SIP UKBA CR 40269</Cd></Prtry></BkTxCd><TxDtls><Refs><EndToEndId>NOREF</EndToEndId><TxId>500000000386837283</TxId></Refs><RltdPties><Dbtr><Nm>D Boyd</Nm></Dbtr><DbtrAcct><Id><PrtryAcct><Id>30930500047477</Id></PrtryAcct></Id></DbtrAcct><Cdtr><Nm>Colin Brown</Nm></Cdtr><CdtrAcct><Id><PrtryAcct><Id>23008200354495</Id></PrtryAcct></Id></CdtrAcct><Prtry><Tp>Boyd</Tp><Pty/></Prtry></RltdPties><RmtInf><Strd><AddtlRmtInf>NO REF</AddtlRmtInf></Strd><Strd><AddtlRmtInf>D Boyd//Boyd</AddtlRmtInf></Strd></RmtInf><RltdDts><TxDtTm>2018-09-07T11:55:00</TxDtTm></RltdDts><AddtlTxInf>5000000003868372831020180907826309305</AddtlTxInf></TxDtls><AddtlNtryInf>COMPLETE//0000//001//CREDIT</AddtlNtryInf></Ntry><Ntry><Amt Ccy="GBP">828.00</Amt><CdtDbtInd>CRDT</CdtDbtInd><Sts>BOOK</Sts><BookgDt><Dt>2018-09-07</Dt></BookgDt><BkTxCd><Prtry><Cd>SIP UKBA CR 40269</Cd></Prtry></BkTxCd><TxDtls><Refs><EndToEndId>NOREF</EndToEndId><TxId>RP4679960838335000</TxId></Refs><RltdPties><Dbtr><Nm>LEIGH JE</Nm></Dbtr><DbtrAcct><Id><PrtryAcct><Id>20946740869201</Id></PrtryAcct></Id></DbtrAcct><Cdtr><Nm>STARGATE NETWORK L</Nm></Cdtr><CdtrAcct><Id><PrtryAcct><Id>23008200031948</Id></PrtryAcct></Id></CdtrAcct><Prtry><Tp>DHL</Tp><Pty/></Prtry></RltdPties><RmtInf><Strd><AddtlRmtInf>NO REF</AddtlRmtInf></Strd><Strd><AddtlRmtInf>LEIGH JE//DHL</AddtlRmtInf></Strd></RmtInf><RltdDts><TxDtTm>2018-09-07T11:55:23</TxDtTm></RltdDts><AddtlTxInf>RP46799608383350001020180907826200026</AddtlTxInf></TxDtls><AddtlNtryInf>COMPLETE//0000//001//CREDIT</AddtlNtryInf></Ntry></Ntfctn></BkToCstmrDbtCdtNtfctnV01></Document>