<?xml version="1.0" encoding="UTF-8"?><Document xmlns:xsi="http://www.w3.org/2001/XMLSchema-instance" xmlns="urn:iso:std:iso:20022:tech:xsd:camt.054.001.01"><BkToCstmrDbtCdtNtfctnV01><GrpHdr><MsgId>80309K//12450</MsgId><CreDtTm>2018-09-05T12:30:00</CreDtTm></GrpHdr><Ntfctn><Id>80309K//12450//1</Id><CreDtTm>2018-09-05T12:30:00</CreDtTm><Acct><Id><PrtryAcct><Id>20594233939774</Id></PrtryAcct></Id><Ccy>GBP</Ccy></Acct><TxsSummry><TtlNtries><NbOfNtries>7</NbOfNtries><Sum>3778.74</Sum></TtlNtries><TtlCdtNtries><NbOfNtries>7</NbOfNtries><Sum>3778.74</Sum></TtlCdtNtries><TtlDbtNtries><NbOfNtries>0</NbOfNtries><Sum>0.00</Sum></TtlDbtNtries></TxsSummry><Ntry><Amt Ccy="GBP">20.80</Amt><CdtDbtInd>CRDT</CdtDbtInd><Sts>BOOK</Sts><BookgDt><Dt>2018-09-05</Dt></BookgDt><BkTxCd><Prtry><Cd>SIP UKBA CR 40269</Cd></Prtry></BkTxCd><TxDtls><Refs><EndToEndId>PPWD00000000AKZ8JQ</EndToEndId><TxId>PPWD00000000AKZ8JQ</TxId></Refs><RltdPties><Dbtr><Nm>PayPal</Nm><PstlAdr><AdrLine>2211 N 1st Street San Jose CA 95131</AdrLine><Ctry/></PstlAdr></Dbtr><DbtrAcct><Id><PrtryAcct><Id>23526278959595</Id></PrtryAcct></Id></DbtrAcct><Cdtr><Nm>Ola Akingbogun</Nm><PstlAdr><AdrLine>York Road</AdrLine><Ctry/></PstlAdr></Cdtr><CdtrAcct><Id><PrtryAcct><Id>23008200294917</Id></PrtryAcct></Id></CdtrAcct><Prtry><Tp>PPWDL488J2AKTJBP2N</Tp><Pty/></Prtry></RltdPties><RmtInf><Strd><RfrdDocInf><RfrdDocTp><Prtry>002</Prtry></RfrdDocTp></RfrdDocInf><AddtlRmtInf>NO REF</AddtlRmtInf></Strd><Strd><AddtlRmtInf>PayPal//PPWDL488J2AKTJBP2N</AddtlRmtInf></Strd></RmtInf><RltdDts><TxDtTm>2018-09-05T12:02:23</TxDtTm></RltdDts><AddtlTxInf>PPWD00000000AKZ8JQ1020180905826235262</AddtlTxInf></TxDtls><AddtlNtryInf>COMPLETE//0000//001//CREDIT</AddtlNtryInf></Ntry><Ntry><Amt Ccy="GBP">0.01</Amt><CdtDbtInd>CRDT</CdtDbtInd><Sts>BOOK</Sts><BookgDt><Dt>2018-09-05</Dt></BookgDt><BkTxCd><Prtry><Cd>SIP UKBA CR 40269</Cd></Prtry></BkTxCd><TxDtls><Refs><EndToEndId>PPRD00000000AKZ9WU</EndToEndId><TxId>PPRD00000000AKZ9WU</TxId></Refs><RltdPties><Dbtr><Nm>PAYPAL CODE 9579</Nm><PstlAdr><AdrLine>2211 N 1st Street San Jose CA 95131</AdrLine><Ctry/></PstlAdr></Dbtr><DbtrAcct><Id><PrtryAcct><Id>23526285010101</Id></PrtryAcct></Id></DbtrAcct><Cdtr><Nm>Sue Philips</Nm><PstlAdr><AdrLine>11 Catherton</AdrLine><Ctry/></PstlAdr></Cdtr><CdtrAcct><Id><PrtryAcct><Id>23008200423302</Id></PrtryAcct></Id></CdtrAcct><Prtry><Tp>PAYPAL CODE 9579</Tp><Pty/></Prtry></RltdPties><RmtInf><Strd><RfrdDocInf><RfrdDocTp><Prtry>002</Prtry></RfrdDocTp></RfrdDocInf><AddtlRmtInf>NO REF</AddtlRmtInf></Strd><Strd><AddtlRmtInf>PAYPAL CODE 9579//PAYPAL CODE 9579</AddtlRmtInf></Strd></RmtInf><RltdDts><TxDtTm>2018-09-05T12:06:02</TxDtTm></RltdDts><AddtlTxInf>PPRD00000000AKZ9WU1020180905826235262</AddtlTxInf></TxDtls><AddtlNtryInf>COMPLETE//0000//001//CREDIT</AddtlNtryInf></Ntry><Ntry><Amt Ccy="GBP">2746.00</Amt><CdtDbtInd>CRDT</CdtDbtInd><Sts>BOOK</Sts><BookgDt><Dt>2018-09-05</Dt></BookgDt><BkTxCd><Prtry><Cd>SIP UKBA CR 40269</Cd></Prtry></BkTxCd><TxDtls><Refs><EndToEndId>00152021632BBCHHPZ</EndToEndId><TxId>00152021632BBCHHPZ</TxId></Refs><RltdPties><Dbtr><Nm>ANN MATTINSON</Nm></Dbtr><DbtrAcct><Id><PrtryAcct><Id>09012675478178</Id></PrtryAcct></Id></DbtrAcct><Cdtr><Nm>JOHN MORRISON</Nm></Cdtr><CdtrAcct><Id><PrtryAcct><Id>23008200429904</Id></PrtryAcct></Id></CdtrAcct><Prtry><Tp>020219</Tp><Pty/></Prtry></RltdPties><RmtInf><Strd><AddtlRmtInf>NO REF</AddtlRmtInf></Strd><Strd><AddtlRmtInf>ANN MATTINSON//020219</AddtlRmtInf></Strd></RmtInf><RltdDts><TxDtTm>2018-09-05T12:09:23</TxDtTm></RltdDts><AddtlTxInf>00152021632BBCHHPZ1020180905826090126</AddtlTxInf></TxDtls><AddtlNtryInf>COMPLETE//0000//001//CREDIT</AddtlNtryInf></Ntry><Ntry><Amt Ccy="GBP">500.00</Amt><CdtDbtInd>CRDT</CdtDbtInd><Sts>BOOK</Sts><BookgDt><Dt>2018-09-05</Dt></BookgDt><BkTxCd><Prtry><Cd>SIP UKBA CR 40269</Cd></Prtry></BkTxCd><TxDtls><Refs><EndToEndId>NOREF</EndToEndId><TxId>200000000384516278</TxId></Refs><RltdPties><Dbtr><Nm>M Olatunji</Nm></Dbtr><DbtrAcct><Id><PrtryAcct><Id>11171311814166</Id></PrtryAcct></Id></DbtrAcct><Cdtr><Nm>TANNES LTD</Nm></Cdtr><CdtrAcct><Id><PrtryAcct><Id>23008200220991</Id></PrtryAcct></Id></CdtrAcct><Prtry><Tp>MICHAEL</Tp><Pty/></Prtry></RltdPties><RmtInf><Strd><AddtlRmtInf>NO REF</AddtlRmtInf></Strd><Strd><AddtlRmtInf>M Olatunji//MICHAEL</AddtlRmtInf></Strd></RmtInf><RltdDts><TxDtTm>2018-09-05T12:16:52</TxDtTm></RltdDts><AddtlTxInf>2000000003845162781020180905826111713</AddtlTxInf></TxDtls><AddtlNtryInf>COMPLETE//0000//001//CREDIT</AddtlNtryInf></Ntry><Ntry><Amt Ccy="GBP">300.00</Amt><CdtDbtInd>CRDT</CdtDbtInd><Sts>BOOK</Sts><BookgDt><Dt>2018-09-05</Dt></BookgDt><BkTxCd><Prtry><Cd>SIP UKBA CR 40269</Cd></Prtry></BkTxCd><TxDtls><Refs><EndToEndId>NOREF</EndToEndId><TxId>FP18248O12195354</TxId></Refs><RltdPties><Dbtr><Nm>McDowell Ian</Nm></Dbtr><DbtrAcct><Id><PrtryAcct><Id>07011640338695</Id></PrtryAcct></Id></DbtrAcct><Cdtr><Nm>MR RICHARD WILLIAM</Nm></Cdtr><CdtrAcct><Id><PrtryAcct><Id>23008200116099</Id></PrtryAcct></Id></CdtrAcct><Prtry><Tp>RICHIE</Tp><Pty/></Prtry></RltdPties><RmtInf><Strd><AddtlRmtInf>NO REF</AddtlRmtInf></Strd><Strd><AddtlRmtInf>McDowell Ian//RICHIE</AddtlRmtInf></Strd></RmtInf><RltdDts><TxDtTm>2018-09-05T12:21:10</TxDtTm></RltdDts><AddtlTxInf>FP18248O12195354  1020180905826070116</AddtlTxInf></TxDtls><AddtlNtryInf>COMPLETE//0000//001//CREDIT</AddtlNtryInf></Ntry><Ntry><Amt Ccy="GBP">200.00</Amt><CdtDbtInd>CRDT</CdtDbtInd><Sts>BOOK</Sts><BookgDt><Dt>2018-09-05</Dt></BookgDt><BkTxCd><Prtry><Cd>SIP UKBA CR 40269</Cd></Prtry></BkTxCd><TxDtls><Refs><EndToEndId>RBS</EndToEndId><TxId>01122112725565000R</TxId><Prtry><Tp>STO REF</Tp><Ref>0000</Ref></Prtry></Refs><RltdPties><Dbtr><Nm>HOGG KK</Nm></Dbtr><DbtrAcct><Id><PrtryAcct><Id>83193600611814</Id></PrtryAcct></Id></DbtrAcct><Cdtr><Nm>KAY HOGG</Nm></Cdtr><CdtrAcct><Id><PrtryAcct><Id>23008200407222</Id></PrtryAcct></Id></CdtrAcct><Prtry><Tp>RBS</Tp><Pty/></Prtry></RltdPties><RmtInf><Strd><AddtlRmtInf>HOGG KK           RBS               VIA ONLINE - PYMT</AddtlRmtInf></Strd><Strd><AddtlRmtInf>HOGG KK//RBS</AddtlRmtInf></Strd></RmtInf><RltdDts><TxDtTm>2018-09-05T12:21:13</TxDtTm></RltdDts><AddtlTxInf>01122112725565000R1020180905826831936</AddtlTxInf></TxDtls><AddtlNtryInf>COMPLETE//0000//001//CREDIT</AddtlNtryInf></Ntry><Ntry><Amt Ccy="GBP">11.93</Amt><CdtDbtInd>CRDT</CdtDbtInd><Sts>BOOK</Sts><BookgDt><Dt>2018-09-05</Dt></BookgDt><BkTxCd><Prtry><Cd>SIP UKBA CR 40269</Cd></Prtry></BkTxCd><TxDtls><Refs><EndToEndId>NOREF</EndToEndId><TxId>500000000386184722</TxId></Refs><RltdPties><Dbtr><Nm>O Hacine Bacha</Nm></Dbtr><DbtrAcct><Id><PrtryAcct><Id>30987123621762</Id></PrtryAcct></Id></DbtrAcct><Cdtr><Nm>B HACINE BACHA</Nm></Cdtr><CdtrAcct><Id><PrtryAcct><Id>23008200126734</Id></PrtryAcct></Id></CdtrAcct><Prtry><Tp>MUM</Tp><Pty/></Prtry></RltdPties><RmtInf><Strd><AddtlRmtInf>NO REF</AddtlRmtInf></Strd><Strd><AddtlRmtInf>O Hacine Bacha//MUM</AddtlRmtInf></Strd></RmtInf><RltdDts><TxDtTm>2018-09-05T12:23:32</TxDtTm></RltdDts><AddtlTxInf>5000000003861847221020180905826309871</AddtlTxInf></TxDtls><AddtlNtryInf>COMPLETE//0000//001//CREDIT</AddtlNtryInf></Ntry></Ntfctn></BkToCstmrDbtCdtNtfctnV01></Document>