<?xml version="1.0" encoding="UTF-8"?><Document xmlns:xsi="http://www.w3.org/2001/XMLSchema-instance" xmlns="urn:iso:std:iso:20022:tech:xsd:camt.054.001.01"><BkToCstmrDbtCdtNtfctnV01><GrpHdr><MsgId>80309K//12626</MsgId><CreDtTm>2018-09-09T13:00:00</CreDtTm></GrpHdr><Ntfctn><Id>80309K//12626//1</Id><CreDtTm>2018-09-09T13:00:00</CreDtTm><Acct><Id><PrtryAcct><Id>20594233939774</Id></PrtryAcct></Id><Ccy>GBP</Ccy></Acct><TxsSummry><TtlNtries><NbOfNtries>7</NbOfNtries><Sum>1576.01</Sum></TtlNtries><TtlCdtNtries><NbOfNtries>7</NbOfNtries><Sum>1576.01</Sum></TtlCdtNtries><TtlDbtNtries><NbOfNtries>0</NbOfNtries><Sum>0.00</Sum></TtlDbtNtries></TxsSummry><Ntry><Amt Ccy="GBP">40.00</Amt><CdtDbtInd>CRDT</CdtDbtInd><Sts>BOOK</Sts><BookgDt><Dt>2018-09-10</Dt></BookgDt><BkTxCd><Prtry><Cd>SIP UKBA CR 40269</Cd></Prtry></BkTxCd><TxDtls><Refs><EndToEndId>NOREF</EndToEndId><TxId>100000000385595305</TxId></Refs><RltdPties><Dbtr><Nm>E Donker</Nm></Dbtr><DbtrAcct><Id><PrtryAcct><Id>30155364864460</Id></PrtryAcct></Id></DbtrAcct><Cdtr><Nm>RAYMOND BAKARE</Nm></Cdtr><CdtrAcct><Id><PrtryAcct><Id>23008200436150</Id></PrtryAcct></Id></CdtrAcct><Prtry><Tp>BAG</Tp><Pty/></Prtry></RltdPties><RmtInf><Strd><AddtlRmtInf>NO REF</AddtlRmtInf></Strd><Strd><AddtlRmtInf>E Donker//BAG</AddtlRmtInf></Strd></RmtInf><RltdDts><TxDtTm>2018-09-09T12:39:21</TxDtTm></RltdDts><AddtlTxInf>1000000003855953051020180909826301553</AddtlTxInf></TxDtls><AddtlNtryInf>COMPLETE//0000//003//CREDIT</AddtlNtryInf></Ntry><Ntry><Amt Ccy="GBP">1238.00</Amt><CdtDbtInd>CRDT</CdtDbtInd><Sts>BOOK</Sts><BookgDt><Dt>2018-09-10</Dt></BookgDt><BkTxCd><Prtry><Cd>SIP UKBA CR 40269</Cd></Prtry></BkTxCd><TxDtls><Refs><EndToEndId>NOREF</EndToEndId><TxId>RP4659984184362100</TxId></Refs><RltdPties><Dbtr><Nm>WATKIN CL</Nm></Dbtr><DbtrAcct><Id><PrtryAcct><Id>20271710163406</Id></PrtryAcct></Id></DbtrAcct><Cdtr><Nm>K J R</Nm></Cdtr><CdtrAcct><Id><PrtryAcct><Id>23008200223382</Id></PrtryAcct></Id></CdtrAcct><Prtry><Tp>12743</Tp><Pty/></Prtry></RltdPties><RmtInf><Strd><AddtlRmtInf>NO REF</AddtlRmtInf></Strd><Strd><AddtlRmtInf>WATKIN CL//12743</AddtlRmtInf></Strd></RmtInf><RltdDts><TxDtTm>2018-09-09T12:39:23</TxDtTm></RltdDts><AddtlTxInf>RP46599841843621001020180909826200026</AddtlTxInf></TxDtls><AddtlNtryInf>COMPLETE//0000//003//CREDIT</AddtlNtryInf></Ntry><Ntry><Amt Ccy="GBP">130.00</Amt><CdtDbtInd>CRDT</CdtDbtInd><Sts>BOOK</Sts><BookgDt><Dt>2018-09-10</Dt></BookgDt><BkTxCd><Prtry><Cd>SIP UKBA CR 40269</Cd></Prtry></BkTxCd><TxDtls><Refs><EndToEndId>NOREF</EndToEndId><TxId>RP4659984184508500</TxId></Refs><RltdPties><Dbtr><Nm>TASKALOVA K</Nm></Dbtr><DbtrAcct><Id><PrtryAcct><Id>20457753433471</Id></PrtryAcct></Id></DbtrAcct><Cdtr><Nm>KARINA TASKALOVA</Nm></Cdtr><CdtrAcct><Id><PrtryAcct><Id>23008200365002</Id></PrtryAcct></Id></CdtrAcct><Prtry><Tp>FLAT</Tp><Pty/></Prtry></RltdPties><RmtInf><Strd><AddtlRmtInf>NO REF</AddtlRmtInf></Strd><Strd><AddtlRmtInf>TASKALOVA K//FLAT</AddtlRmtInf></Strd></RmtInf><RltdDts><TxDtTm>2018-09-09T12:42:10</TxDtTm></RltdDts><AddtlTxInf>RP46599841845085001020180909826200026</AddtlTxInf></TxDtls><AddtlNtryInf>COMPLETE//0000//003//CREDIT</AddtlNtryInf></Ntry><Ntry><Amt Ccy="GBP">10.00</Amt><CdtDbtInd>CRDT</CdtDbtInd><Sts>BOOK</Sts><BookgDt><Dt>2018-09-10</Dt></BookgDt><BkTxCd><Prtry><Cd>SIP UKBA CR 40269</Cd></Prtry></BkTxCd><TxDtls><Refs><EndToEndId>NOREF</EndToEndId><TxId>RP4659984184534900</TxId></Refs><RltdPties><Dbtr><Nm>O NEILL E L</Nm></Dbtr><DbtrAcct><Id><PrtryAcct><Id>20271723276104</Id></PrtryAcct></Id></DbtrAcct><Cdtr><Nm>SEAN ONEILL</Nm></Cdtr><CdtrAcct><Id><PrtryAcct><Id>23008200240736</Id></PrtryAcct></Id></CdtrAcct><Prtry><Tp>EMMA</Tp><Pty/></Prtry></RltdPties><RmtInf><Strd><AddtlRmtInf>NO REF</AddtlRmtInf></Strd><Strd><AddtlRmtInf>O NEILL E L//EMMA</AddtlRmtInf></Strd></RmtInf><RltdDts><TxDtTm>2018-09-09T12:42:54</TxDtTm></RltdDts><AddtlTxInf>RP46599841845349001020180909826200026</AddtlTxInf></TxDtls><AddtlNtryInf>COMPLETE//0000//003//CREDIT</AddtlNtryInf></Ntry><Ntry><Amt Ccy="GBP">148.00</Amt><CdtDbtInd>CRDT</CdtDbtInd><Sts>BOOK</Sts><BookgDt><Dt>2018-09-10</Dt></BookgDt><BkTxCd><Prtry><Cd>SIP UKBA CR 40269</Cd></Prtry></BkTxCd><TxDtls><Refs><EndToEndId>NOREF</EndToEndId><TxId>500000000387255091</TxId></Refs><RltdPties><Dbtr><Nm>H De Souza Dobrovo</Nm></Dbtr><DbtrAcct><Id><PrtryAcct><Id>11010712072562</Id></PrtryAcct></Id></DbtrAcct><Cdtr><Nm>KATLENE MANHAS</Nm></Cdtr><CdtrAcct><Id><PrtryAcct><Id>23008200114636</Id></PrtryAcct></Id></CdtrAcct><Prtry><Tp>ELDER</Tp><Pty/></Prtry></RltdPties><RmtInf><Strd><AddtlRmtInf>NO REF</AddtlRmtInf></Strd><Strd><AddtlRmtInf>H De Souza Dobrovo//ELDER</AddtlRmtInf></Strd></RmtInf><RltdDts><TxDtTm>2018-09-09T12:52:07</TxDtTm></RltdDts><AddtlTxInf>5000000003872550911020180909826110107</AddtlTxInf></TxDtls><AddtlNtryInf>COMPLETE//0000//003//CREDIT</AddtlNtryInf></Ntry><Ntry><Amt Ccy="GBP">10.00</Amt><CdtDbtInd>CRDT</CdtDbtInd><Sts>BOOK</Sts><BookgDt><Dt>2018-09-10</Dt></BookgDt><BkTxCd><Prtry><Cd>SIP UKBA CR 40269</Cd></Prtry></BkTxCd><TxDtls><Refs><EndToEndId>00153425632BVYBZPY</EndToEndId><TxId>00153425632BVYBZPY</TxId></Refs><RltdPties><Dbtr><Nm>IDALECIO DOS SANTOS VIEIRA</Nm></Dbtr><DbtrAcct><Id><PrtryAcct><Id>09012924398909</Id></PrtryAcct></Id></DbtrAcct><Cdtr><Nm>boris kirn</Nm></Cdtr><CdtrAcct><Id><PrtryAcct><Id>23008200287605</Id></PrtryAcct></Id></CdtrAcct><Prtry><Tp>arrow rent</Tp><Pty/></Prtry></RltdPties><RmtInf><Strd><AddtlRmtInf>NO REF</AddtlRmtInf></Strd><Strd><AddtlRmtInf>IDALECIO DOS SANTO//arrow rent</AddtlRmtInf></Strd></RmtInf><RltdDts><TxDtTm>2018-09-09T12:54:53</TxDtTm></RltdDts><AddtlTxInf>00153425632BVYBZPY1020180909826090129</AddtlTxInf></TxDtls><AddtlNtryInf>COMPLETE//0000//003//CREDIT</AddtlNtryInf></Ntry><Ntry><Amt Ccy="GBP">0.01</Amt><CdtDbtInd>CRDT</CdtDbtInd><Sts>BOOK</Sts><BookgDt><Dt>2018-09-10</Dt></BookgDt><BkTxCd><Prtry><Cd>SIP UKBA CR 40269</Cd></Prtry></BkTxCd><TxDtls><Refs><EndToEndId>PPRD00000000ALYC00</EndToEndId><TxId>PPRD00000000ALYC00</TxId></Refs><RltdPties><Dbtr><Nm>PAYPAL CODE 1526</Nm><PstlAdr><AdrLine>2211 N 1st Street San Jose CA 95131</AdrLine><Ctry/></PstlAdr></Dbtr><DbtrAcct><Id><PrtryAcct><Id>23526285010101</Id></PrtryAcct></Id></DbtrAcct><Cdtr><Nm>Malcolm Lucas</Nm><PstlAdr><AdrLine>68 Winchcombe Road</AdrLine><Ctry/></PstlAdr></Cdtr><CdtrAcct><Id><PrtryAcct><Id>23008200286212</Id></PrtryAcct></Id></CdtrAcct><Prtry><Tp>PAYPAL CODE 1526</Tp><Pty/></Prtry></RltdPties><RmtInf><Strd><RfrdDocInf><RfrdDocTp><Prtry>002</Prtry></RfrdDocTp></RfrdDocInf><AddtlRmtInf>NO REF</AddtlRmtInf></Strd><Strd><AddtlRmtInf>PAYPAL CODE 1526//PAYPAL CODE 1526</AddtlRmtInf></Strd></RmtInf><RltdDts><TxDtTm>2018-09-09T12:59:43</TxDtTm></RltdDts><AddtlTxInf>PPRD00000000ALYC001020180909826235262</AddtlTxInf></TxDtls><AddtlNtryInf>COMPLETE//0000//003//CREDIT</AddtlNtryInf></Ntry></Ntfctn></BkToCstmrDbtCdtNtfctnV01></Document>