<?xml version="1.0" encoding="UTF-8"?><Document xmlns:xsi="http://www.w3.org/2001/XMLSchema-instance" xmlns="urn:iso:std:iso:20022:tech:xsd:camt.054.001.01"><BkToCstmrDbtCdtNtfctnV01><GrpHdr><MsgId>80309K//12442</MsgId><CreDtTm>2018-09-05T08:30:00</CreDtTm></GrpHdr><Ntfctn><Id>80309K//12442//1</Id><CreDtTm>2018-09-05T08:30:00</CreDtTm><Acct><Id><PrtryAcct><Id>20594233939774</Id></PrtryAcct></Id><Ccy>GBP</Ccy></Acct><TxsSummry><TtlNtries><NbOfNtries>6</NbOfNtries><Sum>1868.90</Sum></TtlNtries><TtlCdtNtries><NbOfNtries>6</NbOfNtries><Sum>1868.90</Sum></TtlCdtNtries><TtlDbtNtries><NbOfNtries>0</NbOfNtries><Sum>0.00</Sum></TtlDbtNtries></TxsSummry><Ntry><Amt Ccy="GBP">130.00</Amt><CdtDbtInd>CRDT</CdtDbtInd><Sts>BOOK</Sts><BookgDt><Dt>2018-09-05</Dt></BookgDt><BkTxCd><Prtry><Cd>FDP UKBA CR 40269</Cd></Prtry></BkTxCd><TxDtls><Refs><EndToEndId>NOREF</EndToEndId><TxId>13080534159476000N</TxId><Prtry><Tp>STO REF</Tp><Ref>0000</Ref></Prtry></Refs><RltdPties><Dbtr><Nm>LANREWAJU OMOYENIAPATA</Nm><PstlAdr><AdrLine>40 HATCHAM PARK ROAD LONDON SE145QD</AdrLine><AdrLine>UNITED KINGDOM</AdrLine><Ctry/></PstlAdr></Dbtr><DbtrAcct><Id><PrtryAcct><Id>60837050059483</Id></PrtryAcct></Id></DbtrAcct><Cdtr><Nm>LARRY A</Nm></Cdtr><CdtrAcct><Id><PrtryAcct><Id>23008200184238</Id></PrtryAcct></Id></CdtrAcct><Prtry><Tp>LARRY</Tp><Pty/></Prtry></RltdPties><RmtInf><Strd><AddtlRmtInf>LARRY</AddtlRmtInf></Strd><Strd><AddtlRmtInf>LANREWAJU OMOYENIA//LARRY</AddtlRmtInf></Strd></RmtInf><RltdDts><TxDtTm>2018-09-05T08:05:34</TxDtTm></RltdDts><AddtlTxInf>13080534159476000N4020180905826608370</AddtlTxInf></TxDtls><AddtlNtryInf>COMPLETE//0000//001//CREDIT</AddtlNtryInf></Ntry><Ntry><Amt Ccy="GBP">150.00</Amt><CdtDbtInd>CRDT</CdtDbtInd><Sts>BOOK</Sts><BookgDt><Dt>2018-09-05</Dt></BookgDt><BkTxCd><Prtry><Cd>SIP UKBA CR 40269</Cd></Prtry></BkTxCd><TxDtls><Refs><EndToEndId>NOREF</EndToEndId><TxId>RP4679960637819200</TxId></Refs><RltdPties><Dbtr><Nm>BANKETAS D</Nm></Dbtr><DbtrAcct><Id><PrtryAcct><Id>20498693990915</Id></PrtryAcct></Id></DbtrAcct><Cdtr><Nm>JAEDENE</Nm></Cdtr><CdtrAcct><Id><PrtryAcct><Id>23008200335625</Id></PrtryAcct></Id></CdtrAcct><Prtry><Tp>NA</Tp><Pty/></Prtry></RltdPties><RmtInf><Strd><AddtlRmtInf>NO REF</AddtlRmtInf></Strd><Strd><AddtlRmtInf>BANKETAS D//NA</AddtlRmtInf></Strd></RmtInf><RltdDts><TxDtTm>2018-09-05T08:06:08</TxDtTm></RltdDts><AddtlTxInf>RP46799606378192001020180905826200026</AddtlTxInf></TxDtls><AddtlNtryInf>COMPLETE//0000//001//CREDIT</AddtlNtryInf></Ntry><Ntry><Amt Ccy="GBP">433.90</Amt><CdtDbtInd>CRDT</CdtDbtInd><Sts>BOOK</Sts><BookgDt><Dt>2018-09-05</Dt></BookgDt><BkTxCd><Prtry><Cd>DCA UKBA CR 40269</Cd></Prtry></BkTxCd><TxDtls><Refs><EndToEndId>NOREF</EndToEndId><TxId>000000013478403901</TxId><Prtry><Tp>STO REF</Tp><Ref>0000</Ref></Prtry></Refs><RltdPties><Dbtr><Nm>DICKSON R B</Nm></Dbtr><DbtrAcct><Id><PrtryAcct><Id>20553483449645</Id></PrtryAcct></Id></DbtrAcct><Cdtr><Nm>WORLDPAY TRANSFER</Nm></Cdtr><CdtrAcct><Id><PrtryAcct><Id>23008200043324</Id></PrtryAcct></Id></CdtrAcct><Prtry><Tp>WORLDPAY TRANSFER</Tp><Pty/></Prtry></RltdPties><RmtInf><Strd><AddtlRmtInf>NO REF</AddtlRmtInf></Strd><Strd><AddtlRmtInf>DICKSON R B//WORLDPAY TRANSFER</AddtlRmtInf></Strd></RmtInf><RltdDts><TxDtTm>2018-09-05T08:08:11</TxDtTm></RltdDts><AddtlTxInf>0000000134784039015020180905826205534</AddtlTxInf></TxDtls><AddtlNtryInf>COMPLETE//0000//001//CREDIT</AddtlNtryInf></Ntry><Ntry><Amt Ccy="GBP">100.00</Amt><CdtDbtInd>CRDT</CdtDbtInd><Sts>BOOK</Sts><BookgDt><Dt>2018-09-05</Dt></BookgDt><BkTxCd><Prtry><Cd>FDP UKBA CR 40269</Cd></Prtry></BkTxCd><TxDtls><Refs><EndToEndId>NOREF</EndToEndId><TxId>066821237251409001</TxId><Prtry><Tp>STO REF</Tp><Ref>0000</Ref></Prtry></Refs><RltdPties><Dbtr><Nm>WEST K V</Nm></Dbtr><DbtrAcct><Id><PrtryAcct><Id>40432662157608</Id></PrtryAcct></Id></DbtrAcct><Cdtr><Nm>MS KERRY WEST</Nm></Cdtr><CdtrAcct><Id><PrtryAcct><Id>23008200421645</Id></PrtryAcct></Id></CdtrAcct><Prtry><Tp>HSBC</Tp><Pty/></Prtry></RltdPties><RmtInf><Strd><AddtlRmtInf>NO REF</AddtlRmtInf></Strd><Strd><AddtlRmtInf>WEST K V//HSBC</AddtlRmtInf></Strd></RmtInf><RltdDts><TxDtTm>2018-09-05T08:11:32</TxDtTm></RltdDts><AddtlTxInf>0668212372514090014020180905826404326</AddtlTxInf></TxDtls><AddtlNtryInf>COMPLETE//0000//001//CREDIT</AddtlNtryInf></Ntry><Ntry><Amt Ccy="GBP">1000.00</Amt><CdtDbtInd>CRDT</CdtDbtInd><Sts>BOOK</Sts><BookgDt><Dt>2018-09-05</Dt></BookgDt><BkTxCd><Prtry><Cd>SIP UKBA CR 40269</Cd></Prtry></BkTxCd><TxDtls><Refs><EndToEndId>NOREF</EndToEndId><TxId>32081920867894000N</TxId><Prtry><Tp>STO REF</Tp><Ref>0000</Ref></Prtry></Refs><RltdPties><Dbtr><Nm>ANTHONY CHINADUM</Nm><PstlAdr><AdrLine>APS COTTONS CENTRE SE1 2QG</AdrLine><Ctry/></PstlAdr></Dbtr><DbtrAcct><Id><PrtryAcct><Id>08719907758681</Id></PrtryAcct></Id></DbtrAcct><Cdtr><Nm>ARRO</Nm></Cdtr><CdtrAcct><Id><PrtryAcct><Id>23008200420376</Id></PrtryAcct></Id></CdtrAcct><Prtry><Tp>BILL</Tp><Pty/></Prtry></RltdPties><RmtInf><Strd><AddtlRmtInf>BILL</AddtlRmtInf></Strd><Strd><AddtlRmtInf>ANTHONY CHINADUM//BILL</AddtlRmtInf></Strd></RmtInf><RltdDts><TxDtTm>2018-09-05T08:19:21</TxDtTm></RltdDts><AddtlTxInf>32081920867894000N1020180905826087199</AddtlTxInf></TxDtls><AddtlNtryInf>COMPLETE//0000//001//CREDIT</AddtlNtryInf></Ntry><Ntry><Amt Ccy="GBP">55.00</Amt><CdtDbtInd>CRDT</CdtDbtInd><Sts>BOOK</Sts><BookgDt><Dt>2018-09-05</Dt></BookgDt><BkTxCd><Prtry><Cd>SIP UKBA CR 40269</Cd></Prtry></BkTxCd><TxDtls><Refs><EndToEndId>NOREF</EndToEndId><TxId>CBBPI0821502059657</TxId></Refs><RltdPties><Dbtr><Nm>MARY GASKIN</Nm></Dbtr><DbtrAcct><Id><PrtryAcct><Id>82693450543353</Id></PrtryAcct></Id></DbtrAcct><Cdtr><Nm>Mum</Nm></Cdtr><CdtrAcct><Id><PrtryAcct><Id>23008200350230</Id></PrtryAcct></Id></CdtrAcct><Prtry><Tp>Mum</Tp><Pty/></Prtry></RltdPties><RmtInf><Strd><RfrdDocInf><RfrdDocTp><Prtry>002</Prtry></RfrdDocTp></RfrdDocInf><AddtlRmtInf>NO REF</AddtlRmtInf></Strd><Strd><AddtlRmtInf>MARY GASKIN//Mum</AddtlRmtInf></Strd></RmtInf><RltdDts><TxDtTm>2018-09-05T08:21:51</TxDtTm></RltdDts><AddtlTxInf>CBBPI08215020596571020180905826826934</AddtlTxInf></TxDtls><AddtlNtryInf>COMPLETE//0000//001//CREDIT</AddtlNtryInf></Ntry></Ntfctn></BkToCstmrDbtCdtNtfctnV01></Document>