<?xml version="1.0" encoding="UTF-8"?><Document xmlns:xsi="http://www.w3.org/2001/XMLSchema-instance" xmlns="urn:iso:std:iso:20022:tech:xsd:camt.054.001.01"><BkToCstmrDbtCdtNtfctnV01><GrpHdr><MsgId>80309K//12903</MsgId><CreDtTm>2018-09-15T23:00:00</CreDtTm></GrpHdr><Ntfctn><Id>80309K//12903//1</Id><CreDtTm>2018-09-15T23:00:00</CreDtTm><Acct><Id><PrtryAcct><Id>20594233939774</Id></PrtryAcct></Id><Ccy>GBP</Ccy></Acct><TxsSummry><TtlNtries><NbOfNtries>5</NbOfNtries><Sum>812.59</Sum></TtlNtries><TtlCdtNtries><NbOfNtries>5</NbOfNtries><Sum>812.59</Sum></TtlCdtNtries><TtlDbtNtries><NbOfNtries>0</NbOfNtries><Sum>0.00</Sum></TtlDbtNtries></TxsSummry><Ntry><Amt Ccy="GBP">730.00</Amt><CdtDbtInd>CRDT</CdtDbtInd><Sts>BOOK</Sts><BookgDt><Dt>2018-09-17</Dt></BookgDt><BkTxCd><Prtry><Cd>DCA UKBA CR 40269</Cd></Prtry></BkTxCd><TxDtls><Refs><EndToEndId>NOREF</EndToEndId><TxId>000000013577515601</TxId><Prtry><Tp>STO REF</Tp><Ref>0000</Ref></Prtry></Refs><RltdPties><Dbtr><Nm>ABOALER   00089756</Nm></Dbtr><DbtrAcct><Id><PrtryAcct><Id>20124223968367</Id></PrtryAcct></Id></DbtrAcct><CdtrAcct><Id><PrtryAcct><Id>23008200446755</Id></PrtryAcct></Id></CdtrAcct><Prtry><Tp>ARRO - PJB</Tp><Pty/></Prtry></RltdPties><RmtInf><Strd><AddtlRmtInf>NO REF</AddtlRmtInf></Strd><Strd><AddtlRmtInf>ABOALER   00089756//ARRO - PJB</AddtlRmtInf></Strd></RmtInf><RltdDts><TxDtTm>2018-09-15T22:30:32</TxDtTm></RltdDts><AddtlTxInf>0000000135775156015020180915826201242</AddtlTxInf></TxDtls><AddtlNtryInf>COMPLETE//0000//003//CREDIT</AddtlNtryInf></Ntry><Ntry><Amt Ccy="GBP">20.00</Amt><CdtDbtInd>CRDT</CdtDbtInd><Sts>BOOK</Sts><BookgDt><Dt>2018-09-17</Dt></BookgDt><BkTxCd><Prtry><Cd>SIP UKBA CR 40269</Cd></Prtry></BkTxCd><TxDtls><Refs><EndToEndId>NOREF</EndToEndId><TxId>RP4679961490429200</TxId></Refs><RltdPties><Dbtr><Nm>IKUDAISI JAO</Nm></Dbtr><DbtrAcct><Id><PrtryAcct><Id>20498140085103</Id></PrtryAcct></Id></DbtrAcct><Cdtr><Nm>ELIZABETH SAWYER</Nm></Cdtr><CdtrAcct><Id><PrtryAcct><Id>23008200351803</Id></PrtryAcct></Id></CdtrAcct><Prtry><Tp>JOSEPH IKUDAISI</Tp><Pty/></Prtry></RltdPties><RmtInf><Strd><AddtlRmtInf>NO REF</AddtlRmtInf></Strd><Strd><AddtlRmtInf>IKUDAISI JAO//JOSEPH IKUDAISI</AddtlRmtInf></Strd></RmtInf><RltdDts><TxDtTm>2018-09-15T22:33:05</TxDtTm></RltdDts><AddtlTxInf>RP46799614904292001020180915826200026</AddtlTxInf></TxDtls><AddtlNtryInf>COMPLETE//0000//003//CREDIT</AddtlNtryInf></Ntry><Ntry><Amt Ccy="GBP">0.01</Amt><CdtDbtInd>CRDT</CdtDbtInd><Sts>BOOK</Sts><BookgDt><Dt>2018-09-17</Dt></BookgDt><BkTxCd><Prtry><Cd>SIP UKBA CR 40269</Cd></Prtry></BkTxCd><TxDtls><Refs><EndToEndId>PPRD00000000ANMLRI</EndToEndId><TxId>PPRD00000000ANMLRI</TxId></Refs><RltdPties><Dbtr><Nm>PAYPAL CODE 3972</Nm><PstlAdr><AdrLine>2211 N 1st Street San Jose CA 95131</AdrLine><Ctry/></PstlAdr></Dbtr><DbtrAcct><Id><PrtryAcct><Id>23526285010101</Id></PrtryAcct></Id></DbtrAcct><Cdtr><Nm>Ben Cosgrove</Nm><PstlAdr><AdrLine>3A Warner Close</AdrLine><Ctry/></PstlAdr></Cdtr><CdtrAcct><Id><PrtryAcct><Id>23008200444339</Id></PrtryAcct></Id></CdtrAcct><Prtry><Tp>PAYPAL CODE 3972</Tp><Pty/></Prtry></RltdPties><RmtInf><Strd><RfrdDocInf><RfrdDocTp><Prtry>002</Prtry></RfrdDocTp></RfrdDocInf><AddtlRmtInf>NO REF</AddtlRmtInf></Strd><Strd><AddtlRmtInf>PAYPAL CODE 3972//PAYPAL CODE 3972</AddtlRmtInf></Strd></RmtInf><RltdDts><TxDtTm>2018-09-15T22:40:47</TxDtTm></RltdDts><AddtlTxInf>PPRD00000000ANMLRI1020180915826235262</AddtlTxInf></TxDtls><AddtlNtryInf>COMPLETE//0000//003//CREDIT</AddtlNtryInf></Ntry><Ntry><Amt Ccy="GBP">42.58</Amt><CdtDbtInd>CRDT</CdtDbtInd><Sts>BOOK</Sts><BookgDt><Dt>2018-09-17</Dt></BookgDt><BkTxCd><Prtry><Cd>SIP UKBA CR 40269</Cd></Prtry></BkTxCd><TxDtls><Refs><EndToEndId>PPWD00000000ANMM2C</EndToEndId><TxId>PPWD00000000ANMM2C</TxId></Refs><RltdPties><Dbtr><Nm>PayPal</Nm><PstlAdr><AdrLine>2211 N 1st Street San Jose CA 95131</AdrLine><Ctry/></PstlAdr></Dbtr><DbtrAcct><Id><PrtryAcct><Id>23526278959595</Id></PrtryAcct></Id></DbtrAcct><Cdtr><Nm>Lora Pee</Nm><PstlAdr><AdrLine>3 Grange Road</AdrLine><Ctry/></PstlAdr></Cdtr><CdtrAcct><Id><PrtryAcct><Id>23008200378670</Id></PrtryAcct></Id></CdtrAcct><Prtry><Tp>PPWDL4BAJ2AL4PNQ5W</Tp><Pty/></Prtry></RltdPties><RmtInf><Strd><RfrdDocInf><RfrdDocTp><Prtry>002</Prtry></RfrdDocTp></RfrdDocInf><AddtlRmtInf>NO REF</AddtlRmtInf></Strd><Strd><AddtlRmtInf>PayPal//PPWDL4BAJ2AL4PNQ5W</AddtlRmtInf></Strd></RmtInf><RltdDts><TxDtTm>2018-09-15T22:42:33</TxDtTm></RltdDts><AddtlTxInf>PPWD00000000ANMM2C1020180915826235262</AddtlTxInf></TxDtls><AddtlNtryInf>COMPLETE//0000//003//CREDIT</AddtlNtryInf></Ntry><Ntry><Amt Ccy="GBP">20.00</Amt><CdtDbtInd>CRDT</CdtDbtInd><Sts>BOOK</Sts><BookgDt><Dt>2018-09-17</Dt></BookgDt><BkTxCd><Prtry><Cd>SIP UKBA CR 40269</Cd></Prtry></BkTxCd><TxDtls><Refs><EndToEndId>NOREF</EndToEndId><TxId>FP18258O00466286</TxId></Refs><RltdPties><Dbtr><Nm>Clark Andrew</Nm></Dbtr><DbtrAcct><Id><PrtryAcct><Id>07043640295428</Id></PrtryAcct></Id></DbtrAcct><Cdtr><Nm>AERO MONEY</Nm></Cdtr><CdtrAcct><Id><PrtryAcct><Id>23008200067366</Id></PrtryAcct></Id></CdtrAcct><Prtry><Tp>MASTERCARD</Tp><Pty/></Prtry></RltdPties><RmtInf><Strd><AddtlRmtInf>NO REF</AddtlRmtInf></Strd><Strd><AddtlRmtInf>Clark Andrew//MASTERCARD</AddtlRmtInf></Strd></RmtInf><RltdDts><TxDtTm>2018-09-15T22:50:02</TxDtTm></RltdDts><AddtlTxInf>FP18258O00466286  1020180915826070436</AddtlTxInf></TxDtls><AddtlNtryInf>COMPLETE//0000//003//CREDIT</AddtlNtryInf></Ntry></Ntfctn></BkToCstmrDbtCdtNtfctnV01></Document>