<?xml version="1.0" encoding="UTF-8"?><Document xmlns:xsi="http://www.w3.org/2001/XMLSchema-instance" xmlns="urn:iso:std:iso:20022:tech:xsd:camt.054.001.01"><BkToCstmrDbtCdtNtfctnV01><GrpHdr><MsgId>80309K//13349</MsgId><CreDtTm>2018-09-26T10:00:00</CreDtTm></GrpHdr><Ntfctn><Id>80309K//13349//1</Id><CreDtTm>2018-09-26T10:00:00</CreDtTm><Acct><Id><PrtryAcct><Id>20594233939774</Id></PrtryAcct></Id><Ccy>GBP</Ccy></Acct><TxsSummry><TtlNtries><NbOfNtries>5</NbOfNtries><Sum>228.86</Sum></TtlNtries><TtlCdtNtries><NbOfNtries>5</NbOfNtries><Sum>228.86</Sum></TtlCdtNtries><TtlDbtNtries><NbOfNtries>0</NbOfNtries><Sum>0.00</Sum></TtlDbtNtries></TxsSummry><Ntry><Amt Ccy="GBP">0.01</Amt><CdtDbtInd>CRDT</CdtDbtInd><Sts>BOOK</Sts><BookgDt><Dt>2018-09-26</Dt></BookgDt><BkTxCd><Prtry><Cd>SIP UKBA CR 40269</Cd></Prtry></BkTxCd><TxDtls><Refs><EndToEndId>PPRD00000000AQ8N8G</EndToEndId><TxId>PPRD00000000AQ8N8G</TxId></Refs><RltdPties><Dbtr><Nm>PAYPAL CODE 4901</Nm><PstlAdr><AdrLine>2211 N 1st Street San Jose CA 95131</AdrLine><Ctry/></PstlAdr></Dbtr><DbtrAcct><Id><PrtryAcct><Id>23526285010101</Id></PrtryAcct></Id></DbtrAcct><Cdtr><Nm>Meirion Williams</Nm><PstlAdr><AdrLine>7 Ridgeway Close</AdrLine><Ctry/></PstlAdr></Cdtr><CdtrAcct><Id><PrtryAcct><Id>23008200459669</Id></PrtryAcct></Id></CdtrAcct><Prtry><Tp>PAYPAL CODE 4901</Tp><Pty/></Prtry></RltdPties><RmtInf><Strd><RfrdDocInf><RfrdDocTp><Prtry>002</Prtry></RfrdDocTp></RfrdDocInf><AddtlRmtInf>NO REF</AddtlRmtInf></Strd><Strd><AddtlRmtInf>PAYPAL CODE 4901//PAYPAL CODE 4901</AddtlRmtInf></Strd></RmtInf><RltdDts><TxDtTm>2018-09-26T09:30:58</TxDtTm></RltdDts><AddtlTxInf>PPRD00000000AQ8N8G1020180926826235262</AddtlTxInf></TxDtls><AddtlNtryInf>COMPLETE//0000//001//CREDIT</AddtlNtryInf></Ntry><Ntry><Amt Ccy="GBP">20.00</Amt><CdtDbtInd>CRDT</CdtDbtInd><Sts>BOOK</Sts><BookgDt><Dt>2018-09-26</Dt></BookgDt><BkTxCd><Prtry><Cd>SIP UKBA CR 40269</Cd></Prtry></BkTxCd><TxDtls><Refs><EndToEndId>NOREF</EndToEndId><TxId>PFVRE3YMYPDWIWCPK5</TxId></Refs><RltdPties><Dbtr><Nm>Chequina Kitoko</Nm><PstlAdr><AdrLine>10 Manton Close, M7 4ZE</AdrLine><Ctry/></PstlAdr></Dbtr><DbtrAcct><Id><PrtryAcct><Id>04000401163910</Id></PrtryAcct></Id></DbtrAcct><Cdtr><Nm>Michael Itela</Nm></Cdtr><CdtrAcct><Id><PrtryAcct><Id>23008200402116</Id></PrtryAcct></Id></CdtrAcct></RltdPties><RmtInf><Strd><AddtlRmtInf>NO REF</AddtlRmtInf></Strd><Strd><AddtlRmtInf>Chequina Kitoko//</AddtlRmtInf></Strd></RmtInf><RltdDts><TxDtTm>2018-09-26T09:43:41</TxDtTm></RltdDts><AddtlTxInf>PFVRE3YMYPDWIWCPK51020180926826040004</AddtlTxInf></TxDtls><AddtlNtryInf>COMPLETE//0000//001//CREDIT</AddtlNtryInf></Ntry><Ntry><Amt Ccy="GBP">38.00</Amt><CdtDbtInd>CRDT</CdtDbtInd><Sts>BOOK</Sts><BookgDt><Dt>2018-09-26</Dt></BookgDt><BkTxCd><Prtry><Cd>SIP UKBA CR 40269</Cd></Prtry></BkTxCd><TxDtls><Refs><EndToEndId>PPWD00000000AQ8S66</EndToEndId><TxId>PPWD00000000AQ8S66</TxId></Refs><RltdPties><Dbtr><Nm>PayPal</Nm><PstlAdr><AdrLine>2211 N 1st Street San Jose CA 95131</AdrLine><Ctry/></PstlAdr></Dbtr><DbtrAcct><Id><PrtryAcct><Id>23526278959595</Id></PrtryAcct></Id></DbtrAcct><Cdtr><Nm>Nicholas Jones</Nm><PstlAdr><AdrLine>56 Harold Street</AdrLine><Ctry/></PstlAdr></Cdtr><CdtrAcct><Id><PrtryAcct><Id>23008200351123</Id></PrtryAcct></Id></CdtrAcct><Prtry><Tp>PPWDL4D422ALDAT3LU</Tp><Pty/></Prtry></RltdPties><RmtInf><Strd><RfrdDocInf><RfrdDocTp><Prtry>002</Prtry></RfrdDocTp></RfrdDocInf><AddtlRmtInf>NO REF</AddtlRmtInf></Strd><Strd><AddtlRmtInf>PayPal//PPWDL4D422ALDAT3LU</AddtlRmtInf></Strd></RmtInf><RltdDts><TxDtTm>2018-09-26T09:44:32</TxDtTm></RltdDts><AddtlTxInf>PPWD00000000AQ8S661020180926826235262</AddtlTxInf></TxDtls><AddtlNtryInf>COMPLETE//0000//001//CREDIT</AddtlNtryInf></Ntry><Ntry><Amt Ccy="GBP">170.00</Amt><CdtDbtInd>CRDT</CdtDbtInd><Sts>BOOK</Sts><BookgDt><Dt>2018-09-26</Dt></BookgDt><BkTxCd><Prtry><Cd>SIP UKBA CR 40269</Cd></Prtry></BkTxCd><TxDtls><Refs><EndToEndId>00156527632BLZVDNV</EndToEndId><TxId>00156527632BLZVDNV</TxId></Refs><RltdPties><Dbtr><Nm>LYNN KEHOE</Nm></Dbtr><DbtrAcct><Id><PrtryAcct><Id>09012708847100</Id></PrtryAcct></Id></DbtrAcct><Cdtr><Nm>BAEMMS</Nm></Cdtr><CdtrAcct><Id><PrtryAcct><Id>23008200223303</Id></PrtryAcct></Id></CdtrAcct><Prtry><Tp>lynn kehoe</Tp><Pty/></Prtry></RltdPties><RmtInf><Strd><AddtlRmtInf>NO REF</AddtlRmtInf></Strd><Strd><AddtlRmtInf>LYNN KEHOE//lynn kehoe</AddtlRmtInf></Strd></RmtInf><RltdDts><TxDtTm>2018-09-26T09:56:27</TxDtTm></RltdDts><AddtlTxInf>00156527632BLZVDNV1020180926826090127</AddtlTxInf></TxDtls><AddtlNtryInf>COMPLETE//0000//001//CREDIT</AddtlNtryInf></Ntry><Ntry><Amt Ccy="GBP">0.85</Amt><CdtDbtInd>CRDT</CdtDbtInd><Sts>BOOK</Sts><BookgDt><Dt>2018-09-26</Dt></BookgDt><BkTxCd><Prtry><Cd>SIP UKBA CR 40269</Cd></Prtry></BkTxCd><TxDtls><Refs><EndToEndId>041163101</EndToEndId><TxId>32095809863308000N</TxId><Prtry><Tp>STO REF</Tp><Ref>0000</Ref></Prtry></Refs><RltdPties><Dbtr><Nm>FOLKARD CI</Nm></Dbtr><DbtrAcct><Id><PrtryAcct><Id>60153168332459</Id></PrtryAcct></Id></DbtrAcct><Cdtr><Nm>COLIN FOLKARD</Nm></Cdtr><CdtrAcct><Id><PrtryAcct><Id>23008200360970</Id></PrtryAcct></Id></CdtrAcct><Prtry><Tp>041163101</Tp><Pty/></Prtry></RltdPties><RmtInf><Strd><AddtlRmtInf>FOLKARD CI        041163101         VIA MOBILE - LVP</AddtlRmtInf></Strd><Strd><AddtlRmtInf>FOLKARD CI//041163101</AddtlRmtInf></Strd></RmtInf><RltdDts><TxDtTm>2018-09-26T09:58:10</TxDtTm></RltdDts><AddtlTxInf>32095809863308000N1020180926826601531</AddtlTxInf></TxDtls><AddtlNtryInf>COMPLETE//0000//001//CREDIT</AddtlNtryInf></Ntry></Ntfctn></BkToCstmrDbtCdtNtfctnV01></Document>