<?xml version="1.0" encoding="UTF-8"?><Document xmlns:xsi="http://www.w3.org/2001/XMLSchema-instance" xmlns="urn:iso:std:iso:20022:tech:xsd:camt.054.001.01"><BkToCstmrDbtCdtNtfctnV01><GrpHdr><MsgId>80309K//12375</MsgId><CreDtTm>2018-09-03T19:00:00</CreDtTm></GrpHdr><Ntfctn><Id>80309K//12375//1</Id><CreDtTm>2018-09-03T19:00:00</CreDtTm><Acct><Id><PrtryAcct><Id>20594233939774</Id></PrtryAcct></Id><Ccy>GBP</Ccy></Acct><TxsSummry><TtlNtries><NbOfNtries>4</NbOfNtries><Sum>576.00</Sum></TtlNtries><TtlCdtNtries><NbOfNtries>4</NbOfNtries><Sum>576.00</Sum></TtlCdtNtries><TtlDbtNtries><NbOfNtries>0</NbOfNtries><Sum>0.00</Sum></TtlDbtNtries></TxsSummry><Ntry><Amt Ccy="GBP">495.00</Amt><CdtDbtInd>CRDT</CdtDbtInd><Sts>BOOK</Sts><BookgDt><Dt>2018-09-04</Dt></BookgDt><BkTxCd><Prtry><Cd>SIP UKBA CR 40269</Cd></Prtry></BkTxCd><TxDtls><Refs><EndToEndId>NOREF</EndToEndId><TxId>FP18246O10694322</TxId></Refs><RltdPties><Dbtr><Nm>Parsons Simon</Nm></Dbtr><DbtrAcct><Id><PrtryAcct><Id>07024636930546</Id></PrtryAcct></Id></DbtrAcct><Cdtr><Nm>MARIA SCALES</Nm></Cdtr><CdtrAcct><Id><PrtryAcct><Id>23008200347522</Id></PrtryAcct></Id></CdtrAcct><Prtry><Tp>PPI</Tp><Pty/></Prtry></RltdPties><RmtInf><Strd><AddtlRmtInf>NO REF</AddtlRmtInf></Strd><Strd><AddtlRmtInf>Parsons Simon//PPI</AddtlRmtInf></Strd></RmtInf><RltdDts><TxDtTm>2018-09-03T18:33:07</TxDtTm></RltdDts><AddtlTxInf>FP18246O10694322  1020180903826070246</AddtlTxInf></TxDtls><AddtlNtryInf>COMPLETE//0000//003//CREDIT</AddtlNtryInf></Ntry><Ntry><Amt Ccy="GBP">20.00</Amt><CdtDbtInd>CRDT</CdtDbtInd><Sts>BOOK</Sts><BookgDt><Dt>2018-09-04</Dt></BookgDt><BkTxCd><Prtry><Cd>SIP UKBA CR 40269</Cd></Prtry></BkTxCd><TxDtls><Refs><EndToEndId>PPWD00000000AKIPHQ</EndToEndId><TxId>PPWD00000000AKIPHQ</TxId></Refs><RltdPties><Dbtr><Nm>PayPal</Nm><PstlAdr><AdrLine>2211 N 1st Street San Jose CA 95131</AdrLine><Ctry/></PstlAdr></Dbtr><DbtrAcct><Id><PrtryAcct><Id>23526278959595</Id></PrtryAcct></Id></DbtrAcct><Cdtr><Nm>Glenn Foster</Nm><PstlAdr><AdrLine>20 Holbrook Drive</AdrLine><Ctry/></PstlAdr></Cdtr><CdtrAcct><Id><PrtryAcct><Id>23008200304691</Id></PrtryAcct></Id></CdtrAcct><Prtry><Tp>PPWDL5KGJ2AKR7LELS</Tp><Pty/></Prtry></RltdPties><RmtInf><Strd><RfrdDocInf><RfrdDocTp><Prtry>002</Prtry></RfrdDocTp></RfrdDocInf><AddtlRmtInf>NO REF</AddtlRmtInf></Strd><Strd><AddtlRmtInf>PayPal//PPWDL5KGJ2AKR7LELS</AddtlRmtInf></Strd></RmtInf><RltdDts><TxDtTm>2018-09-03T18:41:35</TxDtTm></RltdDts><AddtlTxInf>PPWD00000000AKIPHQ1020180903826235262</AddtlTxInf></TxDtls><AddtlNtryInf>COMPLETE//0000//003//CREDIT</AddtlNtryInf></Ntry><Ntry><Amt Ccy="GBP">1.00</Amt><CdtDbtInd>CRDT</CdtDbtInd><Sts>BOOK</Sts><BookgDt><Dt>2018-09-04</Dt></BookgDt><BkTxCd><Prtry><Cd>SIP UKBA CR 40269</Cd></Prtry></BkTxCd><TxDtls><Refs><EndToEndId>NOREF</EndToEndId><TxId>FP18246O10702892</TxId></Refs><RltdPties><Dbtr><Nm>Sheffield Thomas</Nm></Dbtr><DbtrAcct><Id><PrtryAcct><Id>07043623296070</Id></PrtryAcct></Id></DbtrAcct><Cdtr><Nm>THOMAS SHEFFIELD</Nm></Cdtr><CdtrAcct><Id><PrtryAcct><Id>23008200421309</Id></PrtryAcct></Id></CdtrAcct><Prtry><Tp>SWAP</Tp><Pty/></Prtry></RltdPties><RmtInf><Strd><AddtlRmtInf>NO REF</AddtlRmtInf></Strd><Strd><AddtlRmtInf>Sheffield Thomas//SWAP</AddtlRmtInf></Strd></RmtInf><RltdDts><TxDtTm>2018-09-03T18:42:23</TxDtTm></RltdDts><AddtlTxInf>FP18246O10702892  1020180903826070436</AddtlTxInf></TxDtls><AddtlNtryInf>COMPLETE//0000//003//CREDIT</AddtlNtryInf></Ntry><Ntry><Amt Ccy="GBP">60.00</Amt><CdtDbtInd>CRDT</CdtDbtInd><Sts>BOOK</Sts><BookgDt><Dt>2018-09-04</Dt></BookgDt><BkTxCd><Prtry><Cd>SIP UKBA CR 40269</Cd></Prtry></BkTxCd><TxDtls><Refs><EndToEndId>NOREF</EndToEndId><TxId>PF83V4T0FCLKVUAVS6</TxId></Refs><RltdPties><Dbtr><Nm>Mohammad Hoque</Nm><PstlAdr><AdrLine>51 Eleanor Road, E15 4AB</AdrLine><Ctry/></PstlAdr></Dbtr><DbtrAcct><Id><PrtryAcct><Id>04000417722208</Id></PrtryAcct></Id></DbtrAcct><Cdtr><Nm>Kgc Trading Limited</Nm></Cdtr><CdtrAcct><Id><PrtryAcct><Id>23008200035748</Id></PrtryAcct></Id></CdtrAcct></RltdPties><RmtInf><Strd><AddtlRmtInf>NO REF</AddtlRmtInf></Strd><Strd><AddtlRmtInf>Mohammad Hoque//</AddtlRmtInf></Strd></RmtInf><RltdDts><TxDtTm>2018-09-03T18:55:45</TxDtTm></RltdDts><AddtlTxInf>PF83V4T0FCLKVUAVS61020180903826040004</AddtlTxInf></TxDtls><AddtlNtryInf>COMPLETE//0000//003//CREDIT</AddtlNtryInf></Ntry></Ntfctn></BkToCstmrDbtCdtNtfctnV01></Document>