<?xml version="1.0" encoding="UTF-8"?><Document xmlns:xsi="http://www.w3.org/2001/XMLSchema-instance" xmlns="urn:iso:std:iso:20022:tech:xsd:camt.054.001.01"><BkToCstmrDbtCdtNtfctnV01><GrpHdr><MsgId>80309K//13028</MsgId><CreDtTm>2018-09-18T21:30:00</CreDtTm></GrpHdr><Ntfctn><Id>80309K//13028//1</Id><CreDtTm>2018-09-18T21:30:00</CreDtTm><Acct><Id><PrtryAcct><Id>20594233939774</Id></PrtryAcct></Id><Ccy>GBP</Ccy></Acct><TxsSummry><TtlNtries><NbOfNtries>10</NbOfNtries><Sum>757.81</Sum></TtlNtries><TtlCdtNtries><NbOfNtries>10</NbOfNtries><Sum>757.81</Sum></TtlCdtNtries><TtlDbtNtries><NbOfNtries>0</NbOfNtries><Sum>0.00</Sum></TtlDbtNtries></TxsSummry><Ntry><Amt Ccy="GBP">100.00</Amt><CdtDbtInd>CRDT</CdtDbtInd><Sts>BOOK</Sts><BookgDt><Dt>2018-09-19</Dt></BookgDt><BkTxCd><Prtry><Cd>SIP UKBA CR 40269</Cd></Prtry></BkTxCd><TxDtls><Refs><EndToEndId>NOREF</EndToEndId><TxId>180918210128178829</TxId></Refs><RltdPties><Dbtr><Nm>Tomasz Wozniak</Nm></Dbtr><DbtrAcct><Id><PrtryAcct><Id>30991012623160</Id></PrtryAcct></Id></DbtrAcct><Cdtr><Nm>Land of inplay</Nm></Cdtr><CdtrAcct><Id><PrtryAcct><Id>23008200433862</Id></PrtryAcct></Id></CdtrAcct></RltdPties><RmtInf><Strd><AddtlRmtInf>NO REF</AddtlRmtInf></Strd><Strd><AddtlRmtInf>Tomasz Wozniak//</AddtlRmtInf></Strd></RmtInf><RltdDts><TxDtTm>2018-09-18T21:01:25</TxDtTm></RltdDts><AddtlTxInf>1809182101281788291020180918826309910</AddtlTxInf></TxDtls><AddtlNtryInf>COMPLETE//0000//003//CREDIT</AddtlNtryInf></Ntry><Ntry><Amt Ccy="GBP">10.00</Amt><CdtDbtInd>CRDT</CdtDbtInd><Sts>BOOK</Sts><BookgDt><Dt>2018-09-19</Dt></BookgDt><BkTxCd><Prtry><Cd>SIP UKBA CR 40269</Cd></Prtry></BkTxCd><TxDtls><Refs><EndToEndId>00156085632BBFJSBM</EndToEndId><TxId>00156085632BBFJSBM</TxId></Refs><RltdPties><Dbtr><Nm>GHEORGHE DOCIU</Nm></Dbtr><DbtrAcct><Id><PrtryAcct><Id>09012921233931</Id></PrtryAcct></Id></DbtrAcct><Cdtr><Nm>Mr F Gheorghe</Nm></Cdtr><CdtrAcct><Id><PrtryAcct><Id>23008200444953</Id></PrtryAcct></Id></CdtrAcct><Prtry><Tp>pay</Tp><Pty/></Prtry></RltdPties><RmtInf><Strd><AddtlRmtInf>NO REF</AddtlRmtInf></Strd><Strd><AddtlRmtInf>GHEORGHE DOCIU//pay</AddtlRmtInf></Strd></RmtInf><RltdDts><TxDtTm>2018-09-18T21:01:47</TxDtTm></RltdDts><AddtlTxInf>00156085632BBFJSBM1020180918826090129</AddtlTxInf></TxDtls><AddtlNtryInf>COMPLETE//0000//003//CREDIT</AddtlNtryInf></Ntry><Ntry><Amt Ccy="GBP">20.00</Amt><CdtDbtInd>CRDT</CdtDbtInd><Sts>BOOK</Sts><BookgDt><Dt>2018-09-19</Dt></BookgDt><BkTxCd><Prtry><Cd>SIP UKBA CR 40269</Cd></Prtry></BkTxCd><TxDtls><Refs><EndToEndId>NOREF</EndToEndId><TxId>RP4679961696239300</TxId></Refs><RltdPties><Dbtr><Nm>WHITE CHRISTOPHE</Nm></Dbtr><DbtrAcct><Id><PrtryAcct><Id>20709483520781</Id></PrtryAcct></Id></DbtrAcct><Cdtr><Nm>CHRISTOPHER WHITE</Nm></Cdtr><CdtrAcct><Id><PrtryAcct><Id>23008200292739</Id></PrtryAcct></Id></CdtrAcct><Prtry><Tp>MONEY</Tp><Pty/></Prtry></RltdPties><RmtInf><Strd><AddtlRmtInf>NO REF</AddtlRmtInf></Strd><Strd><AddtlRmtInf>WHITE CHRISTOPHE//MONEY</AddtlRmtInf></Strd></RmtInf><RltdDts><TxDtTm>2018-09-18T21:02:08</TxDtTm></RltdDts><AddtlTxInf>RP46799616962393001020180918826200026</AddtlTxInf></TxDtls><AddtlNtryInf>COMPLETE//0000//003//CREDIT</AddtlNtryInf></Ntry><Ntry><Amt Ccy="GBP">3.80</Amt><CdtDbtInd>CRDT</CdtDbtInd><Sts>BOOK</Sts><BookgDt><Dt>2018-09-19</Dt></BookgDt><BkTxCd><Prtry><Cd>SIP UKBA CR 40269</Cd></Prtry></BkTxCd><TxDtls><Refs><EndToEndId>NOREF</EndToEndId><TxId>500000000389860911</TxId></Refs><RltdPties><Dbtr><Nm>S Glew</Nm></Dbtr><DbtrAcct><Id><PrtryAcct><Id>11079800215623</Id></PrtryAcct></Id></DbtrAcct><Cdtr><Nm>MR S GLEW</Nm></Cdtr><CdtrAcct><Id><PrtryAcct><Id>23008200401146</Id></PrtryAcct></Id></CdtrAcct><Prtry><Tp>PAY NEW ACCOUNT</Tp><Pty/></Prtry></RltdPties><RmtInf><Strd><AddtlRmtInf>NO REF</AddtlRmtInf></Strd><Strd><AddtlRmtInf>S Glew//PAY NEW ACCOUNT</AddtlRmtInf></Strd></RmtInf><RltdDts><TxDtTm>2018-09-18T21:03:18</TxDtTm></RltdDts><AddtlTxInf>5000000003898609111020180918826110798</AddtlTxInf></TxDtls><AddtlNtryInf>COMPLETE//0000//003//CREDIT</AddtlNtryInf></Ntry><Ntry><Amt Ccy="GBP">0.01</Amt><CdtDbtInd>CRDT</CdtDbtInd><Sts>BOOK</Sts><BookgDt><Dt>2018-09-19</Dt></BookgDt><BkTxCd><Prtry><Cd>SIP UKBA CR 40269</Cd></Prtry></BkTxCd><TxDtls><Refs><EndToEndId>PPRD00000000AODND4</EndToEndId><TxId>PPRD00000000AODND4</TxId></Refs><RltdPties><Dbtr><Nm>PAYPAL CODE 5280</Nm><PstlAdr><AdrLine>2211 N 1st Street San Jose CA 95131</AdrLine><Ctry/></PstlAdr></Dbtr><DbtrAcct><Id><PrtryAcct><Id>23526285010101</Id></PrtryAcct></Id></DbtrAcct><Cdtr><Nm>Anna powell</Nm><PstlAdr><AdrLine>33 Bond Gardens</AdrLine><Ctry/></PstlAdr></Cdtr><CdtrAcct><Id><PrtryAcct><Id>23008200323363</Id></PrtryAcct></Id></CdtrAcct><Prtry><Tp>PAYPAL CODE 5280</Tp><Pty/></Prtry></RltdPties><RmtInf><Strd><RfrdDocInf><RfrdDocTp><Prtry>002</Prtry></RfrdDocTp></RfrdDocInf><AddtlRmtInf>NO REF</AddtlRmtInf></Strd><Strd><AddtlRmtInf>PAYPAL CODE 5280//PAYPAL CODE 5280</AddtlRmtInf></Strd></RmtInf><RltdDts><TxDtTm>2018-09-18T21:07:30</TxDtTm></RltdDts><AddtlTxInf>PPRD00000000AODND41020180918826235262</AddtlTxInf></TxDtls><AddtlNtryInf>COMPLETE//0000//003//CREDIT</AddtlNtryInf></Ntry><Ntry><Amt Ccy="GBP">25.00</Amt><CdtDbtInd>CRDT</CdtDbtInd><Sts>BOOK</Sts><BookgDt><Dt>2018-09-19</Dt></BookgDt><BkTxCd><Prtry><Cd>SIP UKBA CR 40269</Cd></Prtry></BkTxCd><TxDtls><Refs><EndToEndId>NOREF</EndToEndId><TxId>33210832190812000R</TxId><Prtry><Tp>STO REF</Tp><Ref>0000</Ref></Prtry></Refs><RltdPties><Dbtr><Nm>RICHARD JOHN EWART</Nm><PstlAdr><AdrLine>24 HERON CLOSE;</AdrLine><AdrLine>ASCOT;</AdrLine><AdrLine>BERKSHIRE      SL5 8NG</AdrLine><Ctry/></PstlAdr></Dbtr><DbtrAcct><Id><PrtryAcct><Id>16313022165990</Id></PrtryAcct></Id></DbtrAcct><Cdtr><Nm>MISS LAURA EWART</Nm></Cdtr><CdtrAcct><Id><PrtryAcct><Id>23008200387123</Id></PrtryAcct></Id></CdtrAcct><Prtry><Tp>CASH</Tp><Pty/></Prtry></RltdPties><RmtInf><Strd><AddtlRmtInf>CASH</AddtlRmtInf></Strd><Strd><AddtlRmtInf>RICHARD JOHN EWART//CASH</AddtlRmtInf></Strd></RmtInf><RltdDts><TxDtTm>2018-09-18T21:08:32</TxDtTm></RltdDts><AddtlTxInf>33210832190812000R1020180918826163130</AddtlTxInf></TxDtls><AddtlNtryInf>COMPLETE//0000//003//CREDIT</AddtlNtryInf></Ntry><Ntry><Amt Ccy="GBP">250.00</Amt><CdtDbtInd>CRDT</CdtDbtInd><Sts>BOOK</Sts><BookgDt><Dt>2018-09-19</Dt></BookgDt><BkTxCd><Prtry><Cd>SIP UKBA CR 40269</Cd></Prtry></BkTxCd><TxDtls><Refs><EndToEndId>000000FT18261MVKK6</EndToEndId><TxId>000000FT18261MVKK6</TxId></Refs><RltdPties><Dbtr><Nm>VICTOR OSHOMOGHO OMOMILA</Nm><PstlAdr><AdrLine>56 FLOATHAVEN CLOSE;LONDON</AdrLine><Ctry/></PstlAdr></Dbtr><DbtrAcct><Id><PrtryAcct><Id>23058028308064</Id></PrtryAcct></Id></DbtrAcct><Cdtr><Nm>victor omomila</Nm><PstlAdr><AdrLine>WIRECARD;WIRECARD CARD SOLUTIONS</AdrLine><Ctry/></PstlAdr></Cdtr><CdtrAcct><Id><PrtryAcct><Id>23008200223649</Id></PrtryAcct></Id></CdtrAcct><Prtry><Tp>me</Tp><Pty/></Prtry></RltdPties><RmtInf><Strd><AddtlRmtInf>NO REF</AddtlRmtInf></Strd><Strd><AddtlRmtInf>VICTOR OSHOMOGHO O//me</AddtlRmtInf></Strd></RmtInf><RltdDts><TxDtTm>2018-09-18T21:11:00</TxDtTm></RltdDts><AddtlTxInf>000000FT18261MVKK61020180918826230580</AddtlTxInf></TxDtls><AddtlNtryInf>COMPLETE//0000//003//CREDIT</AddtlNtryInf></Ntry><Ntry><Amt Ccy="GBP">120.00</Amt><CdtDbtInd>CRDT</CdtDbtInd><Sts>BOOK</Sts><BookgDt><Dt>2018-09-19</Dt></BookgDt><BkTxCd><Prtry><Cd>SIP UKBA CR 40269</Cd></Prtry></BkTxCd><TxDtls><Refs><EndToEndId>NOREF</EndToEndId><TxId>300000000393511550</TxId></Refs><RltdPties><Dbtr><Nm>C Oribhabor</Nm></Dbtr><DbtrAcct><Id><PrtryAcct><Id>11086312143763</Id></PrtryAcct></Id></DbtrAcct><Cdtr><Nm>EXPORT SOLUTIONS</Nm></Cdtr><CdtrAcct><Id><PrtryAcct><Id>23008200044254</Id></PrtryAcct></Id></CdtrAcct><Prtry><Tp>CATHERINE ORI</Tp><Pty/></Prtry></RltdPties><RmtInf><Strd><AddtlRmtInf>NO REF</AddtlRmtInf></Strd><Strd><AddtlRmtInf>C Oribhabor//CATHERINE ORI</AddtlRmtInf></Strd></RmtInf><RltdDts><TxDtTm>2018-09-18T21:11:14</TxDtTm></RltdDts><AddtlTxInf>3000000003935115501020180918826110863</AddtlTxInf></TxDtls><AddtlNtryInf>COMPLETE//0000//003//CREDIT</AddtlNtryInf></Ntry><Ntry><Amt Ccy="GBP">5.00</Amt><CdtDbtInd>CRDT</CdtDbtInd><Sts>BOOK</Sts><BookgDt><Dt>2018-09-19</Dt></BookgDt><BkTxCd><Prtry><Cd>SIP UKBA CR 40269</Cd></Prtry></BkTxCd><TxDtls><Refs><EndToEndId>00156085632BBFJSBW</EndToEndId><TxId>00156085632BBFJSBW</TxId></Refs><RltdPties><Dbtr><Nm>GHEORGHE DOCIU</Nm></Dbtr><DbtrAcct><Id><PrtryAcct><Id>09012921233931</Id></PrtryAcct></Id></DbtrAcct><Cdtr><Nm>MR FLORIN GHEORG</Nm></Cdtr><CdtrAcct><Id><PrtryAcct><Id>23008200444953</Id></PrtryAcct></Id></CdtrAcct><Prtry><Tp>pay</Tp><Pty/></Prtry></RltdPties><RmtInf><Strd><AddtlRmtInf>NO REF</AddtlRmtInf></Strd><Strd><AddtlRmtInf>GHEORGHE DOCIU//pay</AddtlRmtInf></Strd></RmtInf><RltdDts><TxDtTm>2018-09-18T21:22:23</TxDtTm></RltdDts><AddtlTxInf>00156085632BBFJSBW1020180918826090129</AddtlTxInf></TxDtls><AddtlNtryInf>COMPLETE//0000//003//CREDIT</AddtlNtryInf></Ntry><Ntry><Amt Ccy="GBP">224.00</Amt><CdtDbtInd>CRDT</CdtDbtInd><Sts>BOOK</Sts><BookgDt><Dt>2018-09-19</Dt></BookgDt><BkTxCd><Prtry><Cd>SIP UKBA CR 40269</Cd></Prtry></BkTxCd><TxDtls><Refs><EndToEndId>NOREF</EndToEndId><TxId>RP4679961697525000</TxId></Refs><RltdPties><Dbtr><Nm>OLAWOLE O</Nm></Dbtr><DbtrAcct><Id><PrtryAcct><Id>20574413111105</Id></PrtryAcct></Id></DbtrAcct><Cdtr><Nm>OLAWALE BETIKU</Nm></Cdtr><CdtrAcct><Id><PrtryAcct><Id>23008200037283</Id></PrtryAcct></Id></CdtrAcct><Prtry><Tp>ACERPC</Tp><Pty/></Prtry></RltdPties><RmtInf><Strd><AddtlRmtInf>NO REF</AddtlRmtInf></Strd><Strd><AddtlRmtInf>OLAWOLE O//ACERPC</AddtlRmtInf></Strd></RmtInf><RltdDts><TxDtTm>2018-09-18T21:24:16</TxDtTm></RltdDts><AddtlTxInf>RP46799616975250001020180918826200026</AddtlTxInf></TxDtls><AddtlNtryInf>COMPLETE//0000//003//CREDIT</AddtlNtryInf></Ntry></Ntfctn></BkToCstmrDbtCdtNtfctnV01></Document>