<?xml version="1.0" encoding="UTF-8"?><Document xmlns:xsi="http://www.w3.org/2001/XMLSchema-instance" xmlns="urn:iso:std:iso:20022:tech:xsd:camt.054.001.01"><BkToCstmrDbtCdtNtfctnV01><GrpHdr><MsgId>80309K//12759</MsgId><CreDtTm>2018-09-12T17:00:00</CreDtTm></GrpHdr><Ntfctn><Id>80309K//12759//1</Id><CreDtTm>2018-09-12T17:00:00</CreDtTm><Acct><Id><PrtryAcct><Id>20594233939774</Id></PrtryAcct></Id><Ccy>GBP</Ccy></Acct><TxsSummry><TtlNtries><NbOfNtries>10</NbOfNtries><Sum>1035.14</Sum></TtlNtries><TtlCdtNtries><NbOfNtries>10</NbOfNtries><Sum>1035.14</Sum></TtlCdtNtries><TtlDbtNtries><NbOfNtries>0</NbOfNtries><Sum>0.00</Sum></TtlDbtNtries></TxsSummry><Ntry><Amt Ccy="GBP">78.57</Amt><CdtDbtInd>CRDT</CdtDbtInd><Sts>BOOK</Sts><BookgDt><Dt>2018-09-12</Dt></BookgDt><BkTxCd><Prtry><Cd>SIP UKBA CR 40269</Cd></Prtry></BkTxCd><TxDtls><Refs><EndToEndId>NOREF</EndToEndId><TxId>000000000127724911</TxId></Refs><RltdPties><Dbtr><Nm>REVIVAL BOOKS LTD T/A WEBUYBOOKS.CO</Nm><PstlAdr><AdrLine>.UK</AdrLine><Ctry/></PstlAdr></Dbtr><DbtrAcct><Id><PrtryAcct><Id>08925068571801</Id></PrtryAcct></Id></DbtrAcct><Cdtr><Nm>RAIMONDS OJERS                     Engla</Nm><PstlAdr><AdrLine>England</AdrLine><Ctry/></PstlAdr></Cdtr><CdtrAcct><Id><PrtryAcct><Id>23008200410797</Id></PrtryAcct></Id></CdtrAcct><Prtry><Tp>We Buy Books417799</Tp><Pty/></Prtry></RltdPties><RmtInf><Strd><AddtlRmtInf>NO REF</AddtlRmtInf></Strd><Strd><AddtlRmtInf>REVIVAL BOOKS LTD //We Buy Books417799</AddtlRmtInf></Strd></RmtInf><RltdDts><TxDtTm>2018-09-12T16:32:36</TxDtTm></RltdDts><AddtlTxInf>0000000001277249111020180912826089250</AddtlTxInf></TxDtls><AddtlNtryInf>COMPLETE//0000//002//CREDIT</AddtlNtryInf></Ntry><Ntry><Amt Ccy="GBP">26.57</Amt><CdtDbtInd>CRDT</CdtDbtInd><Sts>BOOK</Sts><BookgDt><Dt>2018-09-12</Dt></BookgDt><BkTxCd><Prtry><Cd>SIP UKBA CR 40269</Cd></Prtry></BkTxCd><TxDtls><Refs><EndToEndId>NOREF</EndToEndId><TxId>200000000386494181</TxId></Refs><RltdPties><Dbtr><Nm>O Fasanya</Nm></Dbtr><DbtrAcct><Id><PrtryAcct><Id>11114010918862</Id></PrtryAcct></Id></DbtrAcct><Cdtr><Nm>TANNES  SOLUTION</Nm></Cdtr><CdtrAcct><Id><PrtryAcct><Id>23008200220991</Id></PrtryAcct></Id></CdtrAcct><Prtry><Tp>WALE</Tp><Pty/></Prtry></RltdPties><RmtInf><Strd><AddtlRmtInf>NO REF</AddtlRmtInf></Strd><Strd><AddtlRmtInf>O Fasanya//WALE</AddtlRmtInf></Strd></RmtInf><RltdDts><TxDtTm>2018-09-12T16:32:44</TxDtTm></RltdDts><AddtlTxInf>2000000003864941811020180912826111140</AddtlTxInf></TxDtls><AddtlNtryInf>COMPLETE//0000//002//CREDIT</AddtlNtryInf></Ntry><Ntry><Amt Ccy="GBP">100.00</Amt><CdtDbtInd>CRDT</CdtDbtInd><Sts>BOOK</Sts><BookgDt><Dt>2018-09-12</Dt></BookgDt><BkTxCd><Prtry><Cd>SIP UKBA CR 40269</Cd></Prtry></BkTxCd><TxDtls><Refs><EndToEndId>NOREF</EndToEndId><TxId>FP18255O17792189</TxId></Refs><RltdPties><Dbtr><Nm>Mullett James</Nm></Dbtr><DbtrAcct><Id><PrtryAcct><Id>07043613513464</Id></PrtryAcct></Id></DbtrAcct><Cdtr><Nm>SHANNON MCAVOY</Nm></Cdtr><CdtrAcct><Id><PrtryAcct><Id>23008200245646</Id></PrtryAcct></Id></CdtrAcct><Prtry><Tp>LOAN</Tp><Pty/></Prtry></RltdPties><RmtInf><Strd><AddtlRmtInf>NO REF</AddtlRmtInf></Strd><Strd><AddtlRmtInf>Mullett James//LOAN</AddtlRmtInf></Strd></RmtInf><RltdDts><TxDtTm>2018-09-12T16:32:45</TxDtTm></RltdDts><AddtlTxInf>FP18255O17792189  1020180912826070436</AddtlTxInf></TxDtls><AddtlNtryInf>COMPLETE//0000//002//CREDIT</AddtlNtryInf></Ntry><Ntry><Amt Ccy="GBP">150.00</Amt><CdtDbtInd>CRDT</CdtDbtInd><Sts>BOOK</Sts><BookgDt><Dt>2018-09-12</Dt></BookgDt><BkTxCd><Prtry><Cd>SIP UKBA CR 40269</Cd></Prtry></BkTxCd><TxDtls><Refs><EndToEndId>NOREF</EndToEndId><TxId>RP4679961225928300</TxId></Refs><RltdPties><Dbtr><Nm>ISLAM M A</Nm></Dbtr><DbtrAcct><Id><PrtryAcct><Id>20315243280268</Id></PrtryAcct></Id></DbtrAcct><Cdtr><Nm>MD RAKIBE HASAN</Nm></Cdtr><CdtrAcct><Id><PrtryAcct><Id>23008200167300</Id></PrtryAcct></Id></CdtrAcct><Prtry><Tp>HEY</Tp><Pty/></Prtry></RltdPties><RmtInf><Strd><AddtlRmtInf>NO REF</AddtlRmtInf></Strd><Strd><AddtlRmtInf>ISLAM M A//HEY</AddtlRmtInf></Strd></RmtInf><RltdDts><TxDtTm>2018-09-12T16:33:11</TxDtTm></RltdDts><AddtlTxInf>RP46799612259283001020180912826200026</AddtlTxInf></TxDtls><AddtlNtryInf>COMPLETE//0000//002//CREDIT</AddtlNtryInf></Ntry><Ntry><Amt Ccy="GBP">90.00</Amt><CdtDbtInd>CRDT</CdtDbtInd><Sts>BOOK</Sts><BookgDt><Dt>2018-09-12</Dt></BookgDt><BkTxCd><Prtry><Cd>SIP UKBA CR 40269</Cd></Prtry></BkTxCd><TxDtls><Refs><EndToEndId>PAYMENT</EndToEndId><TxId>56163856105297000N</TxId><Prtry><Tp>STO REF</Tp><Ref>0000</Ref></Prtry></Refs><RltdPties><Dbtr><Nm>ADEPOJU O</Nm></Dbtr><DbtrAcct><Id><PrtryAcct><Id>60071843421687</Id></PrtryAcct></Id></DbtrAcct><Cdtr><Nm>O A OYEBANJI</Nm></Cdtr><CdtrAcct><Id><PrtryAcct><Id>23008200237848</Id></PrtryAcct></Id></CdtrAcct><Prtry><Tp>PAYMENT</Tp><Pty/></Prtry></RltdPties><RmtInf><Strd><AddtlRmtInf>ADEPOJU O         PAYMENT           VIA MOBILE - LVP</AddtlRmtInf></Strd><Strd><AddtlRmtInf>ADEPOJU O//PAYMENT</AddtlRmtInf></Strd></RmtInf><RltdDts><TxDtTm>2018-09-12T16:38:56</TxDtTm></RltdDts><AddtlTxInf>56163856105297000N1020180912826600718</AddtlTxInf></TxDtls><AddtlNtryInf>COMPLETE//0000//002//CREDIT</AddtlNtryInf></Ntry><Ntry><Amt Ccy="GBP">200.00</Amt><CdtDbtInd>CRDT</CdtDbtInd><Sts>BOOK</Sts><BookgDt><Dt>2018-09-12</Dt></BookgDt><BkTxCd><Prtry><Cd>SIP UKBA CR 40269</Cd></Prtry></BkTxCd><TxDtls><Refs><EndToEndId>NOREF</EndToEndId><TxId>PSRJK9JKQ1Z3WKVY45</TxId></Refs><RltdPties><Dbtr><Nm>Jessica Ackom</Nm><PstlAdr><AdrLine>29 Roberts Place, RM10 8SN</AdrLine><Ctry/></PstlAdr></Dbtr><DbtrAcct><Id><PrtryAcct><Id>04000474876775</Id></PrtryAcct></Id></DbtrAcct><Cdtr><Nm>Chanel</Nm></Cdtr><CdtrAcct><Id><PrtryAcct><Id>23008200327086</Id></PrtryAcct></Id></CdtrAcct><Prtry><Tp>Owed</Tp><Pty/></Prtry></RltdPties><RmtInf><Strd><AddtlRmtInf>NO REF</AddtlRmtInf></Strd><Strd><AddtlRmtInf>Jessica Ackom//Owed</AddtlRmtInf></Strd></RmtInf><RltdDts><TxDtTm>2018-09-12T16:42:32</TxDtTm></RltdDts><AddtlTxInf>PSRJK9JKQ1Z3WKVY451020180912826040004</AddtlTxInf></TxDtls><AddtlNtryInf>COMPLETE//0000//002//CREDIT</AddtlNtryInf></Ntry><Ntry><Amt Ccy="GBP">11.00</Amt><CdtDbtInd>CRDT</CdtDbtInd><Sts>BOOK</Sts><BookgDt><Dt>2018-09-12</Dt></BookgDt><BkTxCd><Prtry><Cd>SIP UKBA CR 40269</Cd></Prtry></BkTxCd><TxDtls><Refs><EndToEndId>DOG</EndToEndId><TxId>30164513849333000N</TxId><Prtry><Tp>STO REF</Tp><Ref>0000</Ref></Prtry></Refs><RltdPties><Dbtr><Nm>BOBBY B M &amp; L M</Nm></Dbtr><DbtrAcct><Id><PrtryAcct><Id>60091016654889</Id></PrtryAcct></Id></DbtrAcct><Cdtr><Nm>MR ZACHARY DEMPSTER</Nm></Cdtr><CdtrAcct><Id><PrtryAcct><Id>23008200087066</Id></PrtryAcct></Id></CdtrAcct><Prtry><Tp>DOG</Tp><Pty/></Prtry></RltdPties><RmtInf><Strd><AddtlRmtInf>BOBBY B M &amp; L M   DOG               VIA MOBILE - LVP</AddtlRmtInf></Strd><Strd><AddtlRmtInf>BOBBY B M &amp; L M//DOG</AddtlRmtInf></Strd></RmtInf><RltdDts><TxDtTm>2018-09-12T16:45:14</TxDtTm></RltdDts><AddtlTxInf>30164513849333000N1020180912826600910</AddtlTxInf></TxDtls><AddtlNtryInf>COMPLETE//0000//002//CREDIT</AddtlNtryInf></Ntry><Ntry><Amt Ccy="GBP">200.00</Amt><CdtDbtInd>CRDT</CdtDbtInd><Sts>BOOK</Sts><BookgDt><Dt>2018-09-12</Dt></BookgDt><BkTxCd><Prtry><Cd>SIP UKBA CR 40269</Cd></Prtry></BkTxCd><TxDtls><Refs><EndToEndId>NOREF</EndToEndId><TxId>FP18255O17801003</TxId></Refs><RltdPties><Dbtr><Nm>Aloke Roseline</Nm></Dbtr><DbtrAcct><Id><PrtryAcct><Id>07043622774610</Id></PrtryAcct></Id></DbtrAcct><Cdtr><Nm>CLASSIC DIFFERENCE</Nm></Cdtr><CdtrAcct><Id><PrtryAcct><Id>23008200042452</Id></PrtryAcct></Id></CdtrAcct><Prtry><Tp>BIRTHDAY</Tp><Pty/></Prtry></RltdPties><RmtInf><Strd><AddtlRmtInf>NO REF</AddtlRmtInf></Strd><Strd><AddtlRmtInf>Aloke Roseline//BIRTHDAY</AddtlRmtInf></Strd></RmtInf><RltdDts><TxDtTm>2018-09-12T16:45:31</TxDtTm></RltdDts><AddtlTxInf>FP18255O17801003  1020180912826070436</AddtlTxInf></TxDtls><AddtlNtryInf>COMPLETE//0000//002//CREDIT</AddtlNtryInf></Ntry><Ntry><Amt Ccy="GBP">178.00</Amt><CdtDbtInd>CRDT</CdtDbtInd><Sts>BOOK</Sts><BookgDt><Dt>2018-09-12</Dt></BookgDt><BkTxCd><Prtry><Cd>SIP UKBA CR 40269</Cd></Prtry></BkTxCd><TxDtls><Refs><EndToEndId>PPWD00000000AMTHHA</EndToEndId><TxId>PPWD00000000AMTHHA</TxId></Refs><RltdPties><Dbtr><Nm>PayPal</Nm><PstlAdr><AdrLine>2211 N 1st Street San Jose CA 95131</AdrLine><Ctry/></PstlAdr></Dbtr><DbtrAcct><Id><PrtryAcct><Id>23526278959595</Id></PrtryAcct></Id></DbtrAcct><Cdtr><Nm>Owen Pattinson</Nm><PstlAdr><AdrLine>19 Reads Field</AdrLine><Ctry/></PstlAdr></Cdtr><CdtrAcct><Id><PrtryAcct><Id>23008200431806</Id></PrtryAcct></Id></CdtrAcct><Prtry><Tp>PPWDL4KAJ2AKZV55ME</Tp><Pty/></Prtry></RltdPties><RmtInf><Strd><RfrdDocInf><RfrdDocTp><Prtry>002</Prtry></RfrdDocTp></RfrdDocInf><AddtlRmtInf>NO REF</AddtlRmtInf></Strd><Strd><AddtlRmtInf>PayPal//PPWDL4KAJ2AKZV55ME</AddtlRmtInf></Strd></RmtInf><RltdDts><TxDtTm>2018-09-12T16:47:59</TxDtTm></RltdDts><AddtlTxInf>PPWD00000000AMTHHA1020180912826235262</AddtlTxInf></TxDtls><AddtlNtryInf>COMPLETE//0000//002//CREDIT</AddtlNtryInf></Ntry><Ntry><Amt Ccy="GBP">1.00</Amt><CdtDbtInd>CRDT</CdtDbtInd><Sts>BOOK</Sts><BookgDt><Dt>2018-09-12</Dt></BookgDt><BkTxCd><Prtry><Cd>SIP UKBA CR 40269</Cd></Prtry></BkTxCd><TxDtls><Refs><EndToEndId>NOREF</EndToEndId><TxId>200000000386500517</TxId></Refs><RltdPties><Dbtr><Nm>K Brindle</Nm></Dbtr><DbtrAcct><Id><PrtryAcct><Id>77492631020860</Id></PrtryAcct></Id></DbtrAcct><Cdtr><Nm>CARL EASTENS</Nm></Cdtr><CdtrAcct><Id><PrtryAcct><Id>23008200204673</Id></PrtryAcct></Id></CdtrAcct></RltdPties><RmtInf><Strd><AddtlRmtInf>NO REF</AddtlRmtInf></Strd><Strd><AddtlRmtInf>K Brindle//</AddtlRmtInf></Strd></RmtInf><RltdDts><TxDtTm>2018-09-12T16:59:16</TxDtTm></RltdDts><AddtlTxInf>2000000003865005171020180912826774926</AddtlTxInf></TxDtls><AddtlNtryInf>COMPLETE//0000//002//CREDIT</AddtlNtryInf></Ntry></Ntfctn></BkToCstmrDbtCdtNtfctnV01></Document>