<?xml version="1.0" encoding="UTF-8"?><Document xmlns:xsi="http://www.w3.org/2001/XMLSchema-instance" xmlns="urn:iso:std:iso:20022:tech:xsd:camt.054.001.01"><BkToCstmrDbtCdtNtfctnV01><GrpHdr><MsgId>80309K//13098</MsgId><CreDtTm>2018-09-20T12:30:00</CreDtTm></GrpHdr><Ntfctn><Id>80309K//13098//1</Id><CreDtTm>2018-09-20T12:30:00</CreDtTm><Acct><Id><PrtryAcct><Id>20594233939774</Id></PrtryAcct></Id><Ccy>GBP</Ccy></Acct><TxsSummry><TtlNtries><NbOfNtries>14</NbOfNtries><Sum>825.34</Sum></TtlNtries><TtlCdtNtries><NbOfNtries>14</NbOfNtries><Sum>825.34</Sum></TtlCdtNtries><TtlDbtNtries><NbOfNtries>0</NbOfNtries><Sum>0.00</Sum></TtlDbtNtries></TxsSummry><Ntry><Amt Ccy="GBP">75.00</Amt><CdtDbtInd>CRDT</CdtDbtInd><Sts>BOOK</Sts><BookgDt><Dt>2018-09-20</Dt></BookgDt><BkTxCd><Prtry><Cd>SIP UKBA CR 40269</Cd></Prtry></BkTxCd><TxDtls><Refs><EndToEndId>NOREF</EndToEndId><TxId>61120007139817000N</TxId><Prtry><Tp>STO REF</Tp><Ref>0000</Ref></Prtry></Refs><RltdPties><Dbtr><Nm>WHG (INTERNATIONAL</Nm></Dbtr><DbtrAcct><Id><PrtryAcct><Id>60954439080519</Id></PrtryAcct></Id></DbtrAcct><Cdtr><Nm>S PRESTON</Nm></Cdtr><CdtrAcct><Id><PrtryAcct><Id>23008200446234</Id></PrtryAcct></Id></CdtrAcct><Prtry><Tp>551382229</Tp><Pty/></Prtry></RltdPties><RmtInf><Strd><AddtlRmtInf>WHG (INTERNATIONAL551382229</AddtlRmtInf></Strd><Strd><AddtlRmtInf>WHG (INTERNATIONAL//551382229</AddtlRmtInf></Strd></RmtInf><RltdDts><TxDtTm>2018-09-20T12:00:07</TxDtTm></RltdDts><AddtlTxInf>61120007139817000N1020180920826609544</AddtlTxInf></TxDtls><AddtlNtryInf>COMPLETE//0000//001//CREDIT</AddtlNtryInf></Ntry><Ntry><Amt Ccy="GBP">20.45</Amt><CdtDbtInd>CRDT</CdtDbtInd><Sts>BOOK</Sts><BookgDt><Dt>2018-09-20</Dt></BookgDt><BkTxCd><Prtry><Cd>SIP UKBA CR 40269</Cd></Prtry></BkTxCd><TxDtls><Refs><EndToEndId>NOREF</EndToEndId><TxId>48120007751352000N</TxId><Prtry><Tp>STO REF</Tp><Ref>0000</Ref></Prtry></Refs><RltdPties><Dbtr><Nm>WHG (INTERNATIONAL</Nm></Dbtr><DbtrAcct><Id><PrtryAcct><Id>60954439080519</Id></PrtryAcct></Id></DbtrAcct><Cdtr><Nm>TONY WAN</Nm></Cdtr><CdtrAcct><Id><PrtryAcct><Id>23008200423627</Id></PrtryAcct></Id></CdtrAcct><Prtry><Tp>551591340</Tp><Pty/></Prtry></RltdPties><RmtInf><Strd><AddtlRmtInf>WHG (INTERNATIONAL551591340</AddtlRmtInf></Strd><Strd><AddtlRmtInf>WHG (INTERNATIONAL//551591340</AddtlRmtInf></Strd></RmtInf><RltdDts><TxDtTm>2018-09-20T12:00:08</TxDtTm></RltdDts><AddtlTxInf>48120007751352000N1020180920826609544</AddtlTxInf></TxDtls><AddtlNtryInf>COMPLETE//0000//001//CREDIT</AddtlNtryInf></Ntry><Ntry><Amt Ccy="GBP">18.50</Amt><CdtDbtInd>CRDT</CdtDbtInd><Sts>BOOK</Sts><BookgDt><Dt>2018-09-20</Dt></BookgDt><BkTxCd><Prtry><Cd>SIP UKBA CR 40269</Cd></Prtry></BkTxCd><TxDtls><Refs><EndToEndId>NOREF</EndToEndId><TxId>12120009246180000N</TxId><Prtry><Tp>STO REF</Tp><Ref>0000</Ref></Prtry></Refs><RltdPties><Dbtr><Nm>WHG (INTERNATIONAL</Nm></Dbtr><DbtrAcct><Id><PrtryAcct><Id>60954439080519</Id></PrtryAcct></Id></DbtrAcct><Cdtr><Nm>G STEVENTON</Nm></Cdtr><CdtrAcct><Id><PrtryAcct><Id>23008200443446</Id></PrtryAcct></Id></CdtrAcct><Prtry><Tp>551814681</Tp><Pty/></Prtry></RltdPties><RmtInf><Strd><AddtlRmtInf>WHG (INTERNATIONAL551814681</AddtlRmtInf></Strd><Strd><AddtlRmtInf>WHG (INTERNATIONAL//551814681</AddtlRmtInf></Strd></RmtInf><RltdDts><TxDtTm>2018-09-20T12:00:09</TxDtTm></RltdDts><AddtlTxInf>12120009246180000N1020180920826609544</AddtlTxInf></TxDtls><AddtlNtryInf>COMPLETE//0000//001//CREDIT</AddtlNtryInf></Ntry><Ntry><Amt Ccy="GBP">55.00</Amt><CdtDbtInd>CRDT</CdtDbtInd><Sts>BOOK</Sts><BookgDt><Dt>2018-09-20</Dt></BookgDt><BkTxCd><Prtry><Cd>FDP UKBA CR 40269</Cd></Prtry></BkTxCd><TxDtls><Refs><EndToEndId>NOREF</EndToEndId><TxId>197438357011029001</TxId><Prtry><Tp>STO REF</Tp><Ref>0000</Ref></Prtry></Refs><RltdPties><Dbtr><Nm>LEE M J</Nm></Dbtr><DbtrAcct><Id><PrtryAcct><Id>40421281613901</Id></PrtryAcct></Id></DbtrAcct><Cdtr><Nm>Sonic Backlinks</Nm></Cdtr><CdtrAcct><Id><PrtryAcct><Id>23008200225081</Id></PrtryAcct></Id></CdtrAcct><Prtry><Tp>ML-706</Tp><Pty/></Prtry></RltdPties><RmtInf><Strd><AddtlRmtInf>NO REF</AddtlRmtInf></Strd><Strd><AddtlRmtInf>LEE M J//ML-706</AddtlRmtInf></Strd></RmtInf><RltdDts><TxDtTm>2018-09-20T12:00:31</TxDtTm></RltdDts><AddtlTxInf>1974383570110290014020180920826404212</AddtlTxInf></TxDtls><AddtlNtryInf>COMPLETE//0000//001//CREDIT</AddtlNtryInf></Ntry><Ntry><Amt Ccy="GBP">2.00</Amt><CdtDbtInd>CRDT</CdtDbtInd><Sts>BOOK</Sts><BookgDt><Dt>2018-09-20</Dt></BookgDt><BkTxCd><Prtry><Cd>SIP UKBA CR 40269</Cd></Prtry></BkTxCd><TxDtls><Refs><EndToEndId>NOREF</EndToEndId><TxId>300000000393942979</TxId></Refs><RltdPties><Dbtr><Nm>S Chaudhray</Nm></Dbtr><DbtrAcct><Id><PrtryAcct><Id>11000120518264</Id></PrtryAcct></Id></DbtrAcct><Cdtr><Nm>SHANZAY CHAUDHRAY</Nm></Cdtr><CdtrAcct><Id><PrtryAcct><Id>23008200445346</Id></PrtryAcct></Id></CdtrAcct></RltdPties><RmtInf><Strd><AddtlRmtInf>NO REF</AddtlRmtInf></Strd><Strd><AddtlRmtInf>S Chaudhray//</AddtlRmtInf></Strd></RmtInf><RltdDts><TxDtTm>2018-09-20T12:03:09</TxDtTm></RltdDts><AddtlTxInf>3000000003939429791020180920826110001</AddtlTxInf></TxDtls><AddtlNtryInf>COMPLETE//0000//001//CREDIT</AddtlNtryInf></Ntry><Ntry><Amt Ccy="GBP">25.00</Amt><CdtDbtInd>CRDT</CdtDbtInd><Sts>BOOK</Sts><BookgDt><Dt>2018-09-20</Dt></BookgDt><BkTxCd><Prtry><Cd>SIP UKBA CR 40269</Cd></Prtry></BkTxCd><TxDtls><Refs><EndToEndId>SYNDICATE</EndToEndId><TxId>08120439240461000R</TxId><Prtry><Tp>STO REF</Tp><Ref>0000</Ref></Prtry></Refs><RltdPties><Dbtr><Nm>MACKAY ID</Nm></Dbtr><DbtrAcct><Id><PrtryAcct><Id>83272300266680</Id></PrtryAcct></Id></DbtrAcct><Cdtr><Nm>LAND OF INPLAY</Nm></Cdtr><CdtrAcct><Id><PrtryAcct><Id>23008200433862</Id></PrtryAcct></Id></CdtrAcct><Prtry><Tp>SYNDICATE</Tp><Pty/></Prtry></RltdPties><RmtInf><Strd><AddtlRmtInf>MACKAY ID         SYNDICATE         VIA MOBILE - LVP</AddtlRmtInf></Strd><Strd><AddtlRmtInf>MACKAY ID//SYNDICATE</AddtlRmtInf></Strd></RmtInf><RltdDts><TxDtTm>2018-09-20T12:04:39</TxDtTm></RltdDts><AddtlTxInf>08120439240461000R1020180920826832723</AddtlTxInf></TxDtls><AddtlNtryInf>COMPLETE//0000//001//CREDIT</AddtlNtryInf></Ntry><Ntry><Amt Ccy="GBP">0.50</Amt><CdtDbtInd>CRDT</CdtDbtInd><Sts>BOOK</Sts><BookgDt><Dt>2018-09-20</Dt></BookgDt><BkTxCd><Prtry><Cd>SIP UKBA CR 40269</Cd></Prtry></BkTxCd><TxDtls><Refs><EndToEndId>NOREF</EndToEndId><TxId>500000000390294628</TxId></Refs><RltdPties><Dbtr><Nm>S Chaudhray</Nm></Dbtr><DbtrAcct><Id><PrtryAcct><Id>11000120518264</Id></PrtryAcct></Id></DbtrAcct><Cdtr><Nm>SHANZAY CHAUDHRAY</Nm></Cdtr><CdtrAcct><Id><PrtryAcct><Id>23008200445346</Id></PrtryAcct></Id></CdtrAcct></RltdPties><RmtInf><Strd><AddtlRmtInf>NO REF</AddtlRmtInf></Strd><Strd><AddtlRmtInf>S Chaudhray//</AddtlRmtInf></Strd></RmtInf><RltdDts><TxDtTm>2018-09-20T12:08:09</TxDtTm></RltdDts><AddtlTxInf>5000000003902946281020180920826110001</AddtlTxInf></TxDtls><AddtlNtryInf>COMPLETE//0000//001//CREDIT</AddtlNtryInf></Ntry><Ntry><Amt Ccy="GBP">150.00</Amt><CdtDbtInd>CRDT</CdtDbtInd><Sts>BOOK</Sts><BookgDt><Dt>2018-09-20</Dt></BookgDt><BkTxCd><Prtry><Cd>SIP UKBA CR 40269</Cd></Prtry></BkTxCd><TxDtls><Refs><EndToEndId>NOREF</EndToEndId><TxId>200000000388630127</TxId></Refs><RltdPties><Dbtr><Nm>J Ndlovu</Nm></Dbtr><DbtrAcct><Id><PrtryAcct><Id>11055402315417</Id></PrtryAcct></Id></DbtrAcct><Cdtr><Nm>TRAVEL SCANNERS</Nm></Cdtr><CdtrAcct><Id><PrtryAcct><Id>23008200453927</Id></PrtryAcct></Id></CdtrAcct><Prtry><Tp>JABULANI NDLOVU</Tp><Pty/></Prtry></RltdPties><RmtInf><Strd><AddtlRmtInf>NO REF</AddtlRmtInf></Strd><Strd><AddtlRmtInf>J Ndlovu//JABULANI NDLOVU</AddtlRmtInf></Strd></RmtInf><RltdDts><TxDtTm>2018-09-20T12:12:55</TxDtTm></RltdDts><AddtlTxInf>2000000003886301271020180920826110554</AddtlTxInf></TxDtls><AddtlNtryInf>COMPLETE//0000//001//CREDIT</AddtlNtryInf></Ntry><Ntry><Amt Ccy="GBP">79.00</Amt><CdtDbtInd>CRDT</CdtDbtInd><Sts>BOOK</Sts><BookgDt><Dt>2018-09-20</Dt></BookgDt><BkTxCd><Prtry><Cd>SIP UKBA CR 40269</Cd></Prtry></BkTxCd><TxDtls><Refs><EndToEndId>PPWD00000000AOS578</EndToEndId><TxId>PPWD00000000AOS578</TxId></Refs><RltdPties><Dbtr><Nm>PayPal</Nm><PstlAdr><AdrLine>2211 N 1st Street San Jose CA 95131</AdrLine><Ctry/></PstlAdr></Dbtr><DbtrAcct><Id><PrtryAcct><Id>23526278959595</Id></PrtryAcct></Id></DbtrAcct><Cdtr><Nm>John Murray</Nm><PstlAdr><AdrLine>74 Wellcroft Road</AdrLine><Ctry/></PstlAdr></Cdtr><CdtrAcct><Id><PrtryAcct><Id>23008200441985</Id></PrtryAcct></Id></CdtrAcct><Prtry><Tp>PPWDL5Y522AL8FVPLA</Tp><Pty/></Prtry></RltdPties><RmtInf><Strd><RfrdDocInf><RfrdDocTp><Prtry>002</Prtry></RfrdDocTp></RfrdDocInf><AddtlRmtInf>NO REF</AddtlRmtInf></Strd><Strd><AddtlRmtInf>PayPal//PPWDL5Y522AL8FVPLA</AddtlRmtInf></Strd></RmtInf><RltdDts><TxDtTm>2018-09-20T12:15:37</TxDtTm></RltdDts><AddtlTxInf>PPWD00000000AOS5781020180920826235262</AddtlTxInf></TxDtls><AddtlNtryInf>COMPLETE//0000//001//CREDIT</AddtlNtryInf></Ntry><Ntry><Amt Ccy="GBP">10.00</Amt><CdtDbtInd>CRDT</CdtDbtInd><Sts>BOOK</Sts><BookgDt><Dt>2018-09-20</Dt></BookgDt><BkTxCd><Prtry><Cd>SIP UKBA CR 40269</Cd></Prtry></BkTxCd><TxDtls><Refs><EndToEndId>PPWD00000000AOS32M</EndToEndId><TxId>PPWD00000000AOS32M</TxId></Refs><RltdPties><Dbtr><Nm>PayPal</Nm><PstlAdr><AdrLine>2211 N 1st Street San Jose CA 95131</AdrLine><Ctry/></PstlAdr></Dbtr><DbtrAcct><Id><PrtryAcct><Id>23526278959595</Id></PrtryAcct></Id></DbtrAcct><Cdtr><Nm>Greg Baker</Nm><PstlAdr><AdrLine>31 Main Road,</AdrLine><Ctry/></PstlAdr></Cdtr><CdtrAcct><Id><PrtryAcct><Id>23008200399742</Id></PrtryAcct></Id></CdtrAcct><Prtry><Tp>PPWDL58AJ2AL7PQ54E</Tp><Pty/></Prtry></RltdPties><RmtInf><Strd><RfrdDocInf><RfrdDocTp><Prtry>002</Prtry></RfrdDocTp></RfrdDocInf><AddtlRmtInf>NO REF</AddtlRmtInf></Strd><Strd><AddtlRmtInf>PayPal//PPWDL58AJ2AL7PQ54E</AddtlRmtInf></Strd></RmtInf><RltdDts><TxDtTm>2018-09-20T12:19:36</TxDtTm></RltdDts><AddtlTxInf>PPWD00000000AOS32M1020180920826235262</AddtlTxInf></TxDtls><AddtlNtryInf>COMPLETE//0000//001//CREDIT</AddtlNtryInf></Ntry><Ntry><Amt Ccy="GBP">114.88</Amt><CdtDbtInd>CRDT</CdtDbtInd><Sts>BOOK</Sts><BookgDt><Dt>2018-09-20</Dt></BookgDt><BkTxCd><Prtry><Cd>SIP UKBA CR 40269</Cd></Prtry></BkTxCd><TxDtls><Refs><EndToEndId>NOREF</EndToEndId><TxId>15122153315117000N</TxId><Prtry><Tp>STO REF</Tp><Ref>0000</Ref></Prtry></Refs><RltdPties><Dbtr><Nm>DWP GB FP LP FUNDI</Nm></Dbtr><DbtrAcct><Id><PrtryAcct><Id>60708010028668</Id></PrtryAcct></Id></DbtrAcct><Cdtr><Nm>MR MARK INGER</Nm></Cdtr><CdtrAcct><Id><PrtryAcct><Id>23008200172677</Id></PrtryAcct></Id></CdtrAcct><Prtry><Tp>JW179651D DWP JSA</Tp><Pty/></Prtry></RltdPties><RmtInf><Strd><AddtlRmtInf>JW179651D DWP JSA</AddtlRmtInf></Strd><Strd><AddtlRmtInf>DWP GB FP LP FUNDI//JW179651D DWP JSA</AddtlRmtInf></Strd></RmtInf><RltdDts><TxDtTm>2018-09-20T12:21:53</TxDtTm></RltdDts><AddtlTxInf>15122153315117000N1020180920826607080</AddtlTxInf></TxDtls><AddtlNtryInf>COMPLETE//0000//001//CREDIT</AddtlNtryInf></Ntry><Ntry><Amt Ccy="GBP">260.00</Amt><CdtDbtInd>CRDT</CdtDbtInd><Sts>BOOK</Sts><BookgDt><Dt>2018-09-20</Dt></BookgDt><BkTxCd><Prtry><Cd>DCA UKBA CR 40269</Cd></Prtry></BkTxCd><TxDtls><Refs><EndToEndId>NOREF</EndToEndId><TxId>000000013616446001</TxId><Prtry><Tp>STO REF</Tp><Ref>0681</Ref></Prtry></Refs><RltdPties><Dbtr><Nm>- THE BUBBLE PACKA</Nm></Dbtr><DbtrAcct><Id><PrtryAcct><Id>20035373152596</Id></PrtryAcct></Id></DbtrAcct><Cdtr><Nm>C STABLES</Nm></Cdtr><CdtrAcct><Id><PrtryAcct><Id>23008200165405</Id></PrtryAcct></Id></CdtrAcct><Prtry><Tp>REFERENCE - BC</Tp><Pty/></Prtry></RltdPties><RmtInf><Strd><AddtlRmtInf>NO REF</AddtlRmtInf></Strd><Strd><AddtlRmtInf>- THE BUBBLE PACKA//REFERENCE - BC</AddtlRmtInf></Strd></RmtInf><RltdDts><TxDtTm>2018-09-20T12:22:13</TxDtTm></RltdDts><AddtlTxInf>0000000136164460015020180920826200353</AddtlTxInf></TxDtls><AddtlNtryInf>COMPLETE//0000//001//CREDIT</AddtlNtryInf></Ntry><Ntry><Amt Ccy="GBP">0.01</Amt><CdtDbtInd>CRDT</CdtDbtInd><Sts>BOOK</Sts><BookgDt><Dt>2018-09-20</Dt></BookgDt><BkTxCd><Prtry><Cd>SIP UKBA CR 40269</Cd></Prtry></BkTxCd><TxDtls><Refs><EndToEndId>PPRD00000000AOS8S8</EndToEndId><TxId>PPRD00000000AOS8S8</TxId></Refs><RltdPties><Dbtr><Nm>PAYPAL CODE 7741</Nm><PstlAdr><AdrLine>2211 N 1st Street San Jose CA 95131</AdrLine><Ctry/></PstlAdr></Dbtr><DbtrAcct><Id><PrtryAcct><Id>23526285010101</Id></PrtryAcct></Id></DbtrAcct><Cdtr><Nm>Christopher Wing</Nm><PstlAdr><AdrLine>2 Old Mill Close</AdrLine><Ctry/></PstlAdr></Cdtr><CdtrAcct><Id><PrtryAcct><Id>23008200454894</Id></PrtryAcct></Id></CdtrAcct><Prtry><Tp>PAYPAL CODE 7741</Tp><Pty/></Prtry></RltdPties><RmtInf><Strd><RfrdDocInf><RfrdDocTp><Prtry>002</Prtry></RfrdDocTp></RfrdDocInf><AddtlRmtInf>NO REF</AddtlRmtInf></Strd><Strd><AddtlRmtInf>PAYPAL CODE 7741//PAYPAL CODE 7741</AddtlRmtInf></Strd></RmtInf><RltdDts><TxDtTm>2018-09-20T12:25:54</TxDtTm></RltdDts><AddtlTxInf>PPRD00000000AOS8S81020180920826235262</AddtlTxInf></TxDtls><AddtlNtryInf>COMPLETE//0000//001//CREDIT</AddtlNtryInf></Ntry><Ntry><Amt Ccy="GBP">15.00</Amt><CdtDbtInd>CRDT</CdtDbtInd><Sts>BOOK</Sts><BookgDt><Dt>2018-09-20</Dt></BookgDt><BkTxCd><Prtry><Cd>SIP UKBA CR 40269</Cd></Prtry></BkTxCd><TxDtls><Refs><EndToEndId>PPWD00000000AOS932</EndToEndId><TxId>PPWD00000000AOS932</TxId></Refs><RltdPties><Dbtr><Nm>PayPal</Nm><PstlAdr><AdrLine>2211 N 1st Street San Jose CA 95131</AdrLine><Ctry/></PstlAdr></Dbtr><DbtrAcct><Id><PrtryAcct><Id>23526278959595</Id></PrtryAcct></Id></DbtrAcct><Cdtr><Nm>nicholas jones</Nm><PstlAdr><AdrLine>56 Harold Street</AdrLine><Ctry/></PstlAdr></Cdtr><CdtrAcct><Id><PrtryAcct><Id>23008200351123</Id></PrtryAcct></Id></CdtrAcct><Prtry><Tp>PPWDL4J322AL8G2X8A</Tp><Pty/></Prtry></RltdPties><RmtInf><Strd><RfrdDocInf><RfrdDocTp><Prtry>002</Prtry></RfrdDocTp></RfrdDocInf><AddtlRmtInf>NO REF</AddtlRmtInf></Strd><Strd><AddtlRmtInf>PayPal//PPWDL4J322AL8G2X8A</AddtlRmtInf></Strd></RmtInf><RltdDts><TxDtTm>2018-09-20T12:26:53</TxDtTm></RltdDts><AddtlTxInf>PPWD00000000AOS9321020180920826235262</AddtlTxInf></TxDtls><AddtlNtryInf>COMPLETE//0000//001//CREDIT</AddtlNtryInf></Ntry></Ntfctn></BkToCstmrDbtCdtNtfctnV01></Document>