<?xml version="1.0" encoding="UTF-8"?><Document xmlns:xsi="http://www.w3.org/2001/XMLSchema-instance" xmlns="urn:iso:std:iso:20022:tech:xsd:camt.054.001.01"><BkToCstmrDbtCdtNtfctnV01><GrpHdr><MsgId>80309K//13089</MsgId><CreDtTm>2018-09-20T08:00:00</CreDtTm></GrpHdr><Ntfctn><Id>80309K//13089//1</Id><CreDtTm>2018-09-20T08:00:00</CreDtTm><Acct><Id><PrtryAcct><Id>20594233939774</Id></PrtryAcct></Id><Ccy>GBP</Ccy></Acct><TxsSummry><TtlNtries><NbOfNtries>2</NbOfNtries><Sum>24.00</Sum></TtlNtries><TtlCdtNtries><NbOfNtries>2</NbOfNtries><Sum>24.00</Sum></TtlCdtNtries><TtlDbtNtries><NbOfNtries>0</NbOfNtries><Sum>0.00</Sum></TtlDbtNtries></TxsSummry><Ntry><Amt Ccy="GBP">20.00</Amt><CdtDbtInd>CRDT</CdtDbtInd><Sts>BOOK</Sts><BookgDt><Dt>2018-09-20</Dt></BookgDt><BkTxCd><Prtry><Cd>SIP UKBA CR 40269</Cd></Prtry></BkTxCd><TxDtls><Refs><EndToEndId>NOREF</EndToEndId><TxId>100000000388564463</TxId></Refs><RltdPties><Dbtr><Nm>Z Ahmed</Nm></Dbtr><DbtrAcct><Id><PrtryAcct><Id>30846818001260</Id></PrtryAcct></Id></DbtrAcct><Cdtr><Nm>MISS KERRY WEST</Nm></Cdtr><CdtrAcct><Id><PrtryAcct><Id>23008200421645</Id></PrtryAcct></Id></CdtrAcct><Prtry><Tp>MONEY OWED</Tp><Pty/></Prtry></RltdPties><RmtInf><Strd><AddtlRmtInf>NO REF</AddtlRmtInf></Strd><Strd><AddtlRmtInf>Z Ahmed//MONEY OWED</AddtlRmtInf></Strd></RmtInf><RltdDts><TxDtTm>2018-09-20T07:37:04</TxDtTm></RltdDts><AddtlTxInf>1000000003885644631020180920826308468</AddtlTxInf></TxDtls><AddtlNtryInf>COMPLETE//0000//001//CREDIT</AddtlNtryInf></Ntry><Ntry><Amt Ccy="GBP">4.00</Amt><CdtDbtInd>CRDT</CdtDbtInd><Sts>BOOK</Sts><BookgDt><Dt>2018-09-20</Dt></BookgDt><BkTxCd><Prtry><Cd>SIP UKBA CR 40269</Cd></Prtry></BkTxCd><TxDtls><Refs><EndToEndId>NOREF</EndToEndId><TxId>200000000388559064</TxId></Refs><RltdPties><Dbtr><Nm>K Graf</Nm></Dbtr><DbtrAcct><Id><PrtryAcct><Id>30954336693960</Id></PrtryAcct></Id></DbtrAcct><Cdtr><Nm>GROWW M</Nm></Cdtr><CdtrAcct><Id><PrtryAcct><Id>23008200297422</Id></PrtryAcct></Id></CdtrAcct><Prtry><Tp>GROWM</Tp><Pty/></Prtry></RltdPties><RmtInf><Strd><AddtlRmtInf>NO REF</AddtlRmtInf></Strd><Strd><AddtlRmtInf>K Graf//GROWM</AddtlRmtInf></Strd></RmtInf><RltdDts><TxDtTm>2018-09-20T07:50:27</TxDtTm></RltdDts><AddtlTxInf>2000000003885590641020180920826309543</AddtlTxInf></TxDtls><AddtlNtryInf>COMPLETE//0000//001//CREDIT</AddtlNtryInf></Ntry></Ntfctn></BkToCstmrDbtCdtNtfctnV01></Document>