<?xml version="1.0" encoding="UTF-8"?><Document xmlns:xsi="http://www.w3.org/2001/XMLSchema-instance" xmlns="urn:iso:std:iso:20022:tech:xsd:camt.054.001.01"><BkToCstmrDbtCdtNtfctnV01><GrpHdr><MsgId>80309K//12624</MsgId><CreDtTm>2018-09-09T12:00:00</CreDtTm></GrpHdr><Ntfctn><Id>80309K//12624//1</Id><CreDtTm>2018-09-09T12:00:00</CreDtTm><Acct><Id><PrtryAcct><Id>20594233939774</Id></PrtryAcct></Id><Ccy>GBP</Ccy></Acct><TxsSummry><TtlNtries><NbOfNtries>4</NbOfNtries><Sum>1092.73</Sum></TtlNtries><TtlCdtNtries><NbOfNtries>4</NbOfNtries><Sum>1092.73</Sum></TtlCdtNtries><TtlDbtNtries><NbOfNtries>0</NbOfNtries><Sum>0.00</Sum></TtlDbtNtries></TxsSummry><Ntry><Amt Ccy="GBP">20.00</Amt><CdtDbtInd>CRDT</CdtDbtInd><Sts>BOOK</Sts><BookgDt><Dt>2018-09-10</Dt></BookgDt><BkTxCd><Prtry><Cd>SIP UKBA CR 40269</Cd></Prtry></BkTxCd><TxDtls><Refs><EndToEndId>NOREF</EndToEndId><TxId>000000000127519215</TxId></Refs><RltdPties><Dbtr><Nm>MR L A NEED</Nm></Dbtr><DbtrAcct><Id><PrtryAcct><Id>08910314185050</Id></PrtryAcct></Id></DbtrAcct><Cdtr><Nm>MR L NEED SAVING</Nm></Cdtr><CdtrAcct><Id><PrtryAcct><Id>23008200338418</Id></PrtryAcct></Id></CdtrAcct></RltdPties><RmtInf><Strd><AddtlRmtInf>NO REF</AddtlRmtInf></Strd><Strd><AddtlRmtInf>MR L A NEED//</AddtlRmtInf></Strd></RmtInf><RltdDts><TxDtTm>2018-09-09T11:34:52</TxDtTm></RltdDts><AddtlTxInf>0000000001275192151020180909826089103</AddtlTxInf></TxDtls><AddtlNtryInf>COMPLETE//0000//003//CREDIT</AddtlNtryInf></Ntry><Ntry><Amt Ccy="GBP">892.73</Amt><CdtDbtInd>CRDT</CdtDbtInd><Sts>BOOK</Sts><BookgDt><Dt>2018-09-10</Dt></BookgDt><BkTxCd><Prtry><Cd>SIP UKBA CR 40269</Cd></Prtry></BkTxCd><TxDtls><Refs><EndToEndId>WETHERBY CRICKET</EndToEndId><TxId>48114107611026000N</TxId><Prtry><Tp>STO REF</Tp><Ref>0000</Ref></Prtry></Refs><RltdPties><Dbtr><Nm>WETHERBY CC</Nm></Dbtr><DbtrAcct><Id><PrtryAcct><Id>55811103510298</Id></PrtryAcct></Id></DbtrAcct><Cdtr><Nm>MORRANT GROUP LTD</Nm></Cdtr><CdtrAcct><Id><PrtryAcct><Id>23008200435921</Id></PrtryAcct></Id></CdtrAcct><Prtry><Tp>WETHERBY CRICKET</Tp><Pty/></Prtry></RltdPties><RmtInf><Strd><AddtlRmtInf>WETHERBY CC       WETHERBY CRICKET  VIA ONLINE - PYMT</AddtlRmtInf></Strd><Strd><AddtlRmtInf>WETHERBY CC//WETHERBY CRICKET</AddtlRmtInf></Strd></RmtInf><RltdDts><TxDtTm>2018-09-09T11:41:07</TxDtTm></RltdDts><AddtlTxInf>48114107611026000N1020180909826558111</AddtlTxInf></TxDtls><AddtlNtryInf>COMPLETE//0000//003//CREDIT</AddtlNtryInf></Ntry><Ntry><Amt Ccy="GBP">60.00</Amt><CdtDbtInd>CRDT</CdtDbtInd><Sts>BOOK</Sts><BookgDt><Dt>2018-09-10</Dt></BookgDt><BkTxCd><Prtry><Cd>SIP UKBA CR 40269</Cd></Prtry></BkTxCd><TxDtls><Refs><EndToEndId>NOREF</EndToEndId><TxId>RP4679960978528400</TxId></Refs><RltdPties><Dbtr><Nm>SALFARLIE J A M</Nm></Dbtr><DbtrAcct><Id><PrtryAcct><Id>20057453080919</Id></PrtryAcct></Id></DbtrAcct><Cdtr><Nm>ARRO</Nm></Cdtr><CdtrAcct><Id><PrtryAcct><Id>23008200337123</Id></PrtryAcct></Id></CdtrAcct><Prtry><Tp>5574220190111848</Tp><Pty/></Prtry></RltdPties><RmtInf><Strd><AddtlRmtInf>NO REF</AddtlRmtInf></Strd><Strd><AddtlRmtInf>SALFARLIE J A M//5574220190111848</AddtlRmtInf></Strd></RmtInf><RltdDts><TxDtTm>2018-09-09T11:42:48</TxDtTm></RltdDts><AddtlTxInf>RP46799609785284001020180909826200026</AddtlTxInf></TxDtls><AddtlNtryInf>COMPLETE//0000//003//CREDIT</AddtlNtryInf></Ntry><Ntry><Amt Ccy="GBP">120.00</Amt><CdtDbtInd>CRDT</CdtDbtInd><Sts>BOOK</Sts><BookgDt><Dt>2018-09-10</Dt></BookgDt><BkTxCd><Prtry><Cd>SIP UKBA CR 40269</Cd></Prtry></BkTxCd><TxDtls><Refs><EndToEndId>GRAN O</EndToEndId><TxId>41114250422050000R</TxId><Prtry><Tp>STO REF</Tp><Ref>0000</Ref></Prtry></Refs><RltdPties><Dbtr><Nm>OLIVER H &amp; J</Nm></Dbtr><DbtrAcct><Id><PrtryAcct><Id>83161100729924</Id></PrtryAcct></Id></DbtrAcct><Cdtr><Nm>DARYL</Nm></Cdtr><CdtrAcct><Id><PrtryAcct><Id>23008200236693</Id></PrtryAcct></Id></CdtrAcct><Prtry><Tp>GRAN O</Tp><Pty/></Prtry></RltdPties><RmtInf><Strd><AddtlRmtInf>OLIVER H &amp; J      GRAN O            VIA ONLINE - PYMT</AddtlRmtInf></Strd><Strd><AddtlRmtInf>OLIVER H &amp; J//GRAN O</AddtlRmtInf></Strd></RmtInf><RltdDts><TxDtTm>2018-09-09T11:42:50</TxDtTm></RltdDts><AddtlTxInf>41114250422050000R1020180909826831611</AddtlTxInf></TxDtls><AddtlNtryInf>COMPLETE//0000//003//CREDIT</AddtlNtryInf></Ntry></Ntfctn></BkToCstmrDbtCdtNtfctnV01></Document>