<?xml version="1.0" encoding="UTF-8"?><Document xmlns:xsi="http://www.w3.org/2001/XMLSchema-instance" xmlns="urn:iso:std:iso:20022:tech:xsd:camt.054.001.01"><BkToCstmrDbtCdtNtfctnV01><GrpHdr><MsgId>80309K//13486</MsgId><CreDtTm>2018-09-29T12:00:00</CreDtTm></GrpHdr><Ntfctn><Id>80309K//13486//1</Id><CreDtTm>2018-09-29T12:00:00</CreDtTm><Acct><Id><PrtryAcct><Id>20594233939774</Id></PrtryAcct></Id><Ccy>GBP</Ccy></Acct><TxsSummry><TtlNtries><NbOfNtries>7</NbOfNtries><Sum>1912.00</Sum></TtlNtries><TtlCdtNtries><NbOfNtries>7</NbOfNtries><Sum>1912.00</Sum></TtlCdtNtries><TtlDbtNtries><NbOfNtries>0</NbOfNtries><Sum>0.00</Sum></TtlDbtNtries></TxsSummry><Ntry><Amt Ccy="GBP">362.00</Amt><CdtDbtInd>CRDT</CdtDbtInd><Sts>BOOK</Sts><BookgDt><Dt>2018-10-01</Dt></BookgDt><BkTxCd><Prtry><Cd>SIP UKBA CR 40269</Cd></Prtry></BkTxCd><TxDtls><Refs><EndToEndId>NOREF</EndToEndId><TxId>180929113221519618</TxId></Refs><RltdPties><Dbtr><Nm>Edith Onuoha</Nm><PstlAdr><AdrLine>CONCORD CLOSE NORTHOLT UB5 6JZ</AdrLine><Ctry/></PstlAdr></Dbtr><DbtrAcct><Id><PrtryAcct><Id>77916417060362</Id></PrtryAcct></Id></DbtrAcct><Cdtr><Nm>Export Solutions</Nm></Cdtr><CdtrAcct><Id><PrtryAcct><Id>23008200044254</Id></PrtryAcct></Id></CdtrAcct></RltdPties><RmtInf><Strd><AddtlRmtInf>NO REF</AddtlRmtInf></Strd><Strd><AddtlRmtInf>Edith Onuoha//</AddtlRmtInf></Strd></RmtInf><RltdDts><TxDtTm>2018-09-29T11:32:18</TxDtTm></RltdDts><AddtlTxInf>1809291132215196181020180929826779164</AddtlTxInf></TxDtls><AddtlNtryInf>COMPLETE//0000//003//CREDIT</AddtlNtryInf></Ntry><Ntry><Amt Ccy="GBP">25.00</Amt><CdtDbtInd>CRDT</CdtDbtInd><Sts>BOOK</Sts><BookgDt><Dt>2018-10-01</Dt></BookgDt><BkTxCd><Prtry><Cd>SIP UKBA CR 40269</Cd></Prtry></BkTxCd><TxDtls><Refs><EndToEndId>NOREF</EndToEndId><TxId>500000000393277940</TxId></Refs><RltdPties><Dbtr><Nm>B Wolfenden</Nm></Dbtr><DbtrAcct><Id><PrtryAcct><Id>77211024284568</Id></PrtryAcct></Id></DbtrAcct><Cdtr><Nm>VIC</Nm></Cdtr><CdtrAcct><Id><PrtryAcct><Id>23008200433862</Id></PrtryAcct></Id></CdtrAcct><Prtry><Tp>SYN</Tp><Pty/></Prtry></RltdPties><RmtInf><Strd><AddtlRmtInf>NO REF</AddtlRmtInf></Strd><Strd><AddtlRmtInf>B Wolfenden//SYN</AddtlRmtInf></Strd></RmtInf><RltdDts><TxDtTm>2018-09-29T11:33:34</TxDtTm></RltdDts><AddtlTxInf>5000000003932779401020180929826772110</AddtlTxInf></TxDtls><AddtlNtryInf>COMPLETE//0000//003//CREDIT</AddtlNtryInf></Ntry><Ntry><Amt Ccy="GBP">300.00</Amt><CdtDbtInd>CRDT</CdtDbtInd><Sts>BOOK</Sts><BookgDt><Dt>2018-10-01</Dt></BookgDt><BkTxCd><Prtry><Cd>SIP UKBA CR 40269</Cd></Prtry></BkTxCd><TxDtls><Refs><EndToEndId>NOREF</EndToEndId><TxId>100000000391625700</TxId></Refs><RltdPties><Dbtr><Nm>D Gibbs</Nm></Dbtr><DbtrAcct><Id><PrtryAcct><Id>30962327781468</Id></PrtryAcct></Id></DbtrAcct><Cdtr><Nm>ZARA HASSAN</Nm></Cdtr><CdtrAcct><Id><PrtryAcct><Id>23008200459566</Id></PrtryAcct></Id></CdtrAcct><Prtry><Tp>DARRYL GIBBS</Tp><Pty/></Prtry></RltdPties><RmtInf><Strd><AddtlRmtInf>NO REF</AddtlRmtInf></Strd><Strd><AddtlRmtInf>D Gibbs//DARRYL GIBBS</AddtlRmtInf></Strd></RmtInf><RltdDts><TxDtTm>2018-09-29T11:44:11</TxDtTm></RltdDts><AddtlTxInf>1000000003916257001020180929826309623</AddtlTxInf></TxDtls><AddtlNtryInf>COMPLETE//0000//003//CREDIT</AddtlNtryInf></Ntry><Ntry><Amt Ccy="GBP">230.00</Amt><CdtDbtInd>CRDT</CdtDbtInd><Sts>BOOK</Sts><BookgDt><Dt>2018-10-01</Dt></BookgDt><BkTxCd><Prtry><Cd>SIP UKBA CR 40269</Cd></Prtry></BkTxCd><TxDtls><Refs><EndToEndId>NOREF</EndToEndId><TxId>300000000396930556</TxId></Refs><RltdPties><Dbtr><Nm>C Anghel</Nm></Dbtr><DbtrAcct><Id><PrtryAcct><Id>11049813561669</Id></PrtryAcct></Id></DbtrAcct><Cdtr><Nm>ABUL KALAM AZAD</Nm></Cdtr><CdtrAcct><Id><PrtryAcct><Id>23008200051143</Id></PrtryAcct></Id></CdtrAcct><Prtry><Tp>TRAVELL</Tp><Pty/></Prtry></RltdPties><RmtInf><Strd><AddtlRmtInf>NO REF</AddtlRmtInf></Strd><Strd><AddtlRmtInf>C Anghel//TRAVELL</AddtlRmtInf></Strd></RmtInf><RltdDts><TxDtTm>2018-09-29T11:44:49</TxDtTm></RltdDts><AddtlTxInf>3000000003969305561020180929826110498</AddtlTxInf></TxDtls><AddtlNtryInf>COMPLETE//0000//003//CREDIT</AddtlNtryInf></Ntry><Ntry><Amt Ccy="GBP">60.00</Amt><CdtDbtInd>CRDT</CdtDbtInd><Sts>BOOK</Sts><BookgDt><Dt>2018-10-01</Dt></BookgDt><BkTxCd><Prtry><Cd>SIP UKBA CR 40269</Cd></Prtry></BkTxCd><TxDtls><Refs><EndToEndId>PPWD00000000AR1QV8</EndToEndId><TxId>PPWD00000000AR1QV8</TxId></Refs><RltdPties><Dbtr><Nm>PayPal</Nm><PstlAdr><AdrLine>2211 N 1st Street San Jose CA 95131</AdrLine><Ctry/></PstlAdr></Dbtr><DbtrAcct><Id><PrtryAcct><Id>23526278959595</Id></PrtryAcct></Id></DbtrAcct><Cdtr><Nm>Nicholas Jones</Nm><PstlAdr><AdrLine>56 Harold Street</AdrLine><Ctry/></PstlAdr></Cdtr><CdtrAcct><Id><PrtryAcct><Id>23008200351123</Id></PrtryAcct></Id></CdtrAcct><Prtry><Tp>PPWDL4D422ALG8SJCL</Tp><Pty/></Prtry></RltdPties><RmtInf><Strd><RfrdDocInf><RfrdDocTp><Prtry>002</Prtry></RfrdDocTp></RfrdDocInf><AddtlRmtInf>NO REF</AddtlRmtInf></Strd><Strd><AddtlRmtInf>PayPal//PPWDL4D422ALG8SJCL</AddtlRmtInf></Strd></RmtInf><RltdDts><TxDtTm>2018-09-29T11:48:45</TxDtTm></RltdDts><AddtlTxInf>PPWD00000000AR1QV81020180929826235262</AddtlTxInf></TxDtls><AddtlNtryInf>COMPLETE//0000//003//CREDIT</AddtlNtryInf></Ntry><Ntry><Amt Ccy="GBP">45.00</Amt><CdtDbtInd>CRDT</CdtDbtInd><Sts>BOOK</Sts><BookgDt><Dt>2018-10-01</Dt></BookgDt><BkTxCd><Prtry><Cd>SIP UKBA CR 40269</Cd></Prtry></BkTxCd><TxDtls><Refs><EndToEndId>CONCIERGE SERVICE</EndToEndId><TxId>55115403959514000N</TxId><Prtry><Tp>STO REF</Tp><Ref>0000</Ref></Prtry></Refs><RltdPties><Dbtr><Nm>NOTIONAL LOGISTICS</Nm></Dbtr><DbtrAcct><Id><PrtryAcct><Id>50102921789576</Id></PrtryAcct></Id></DbtrAcct><Cdtr><Nm>CHARLES AMROVHE</Nm></Cdtr><CdtrAcct><Id><PrtryAcct><Id>23008200212810</Id></PrtryAcct></Id></CdtrAcct><Prtry><Tp>CONCIERGE SERVICE</Tp><Pty/></Prtry></RltdPties><RmtInf><Strd><AddtlRmtInf>NOTIONAL LOGISTICSCONCIERGE SERVICE VIA ONLINE - PYMT</AddtlRmtInf></Strd><Strd><AddtlRmtInf>NOTIONAL LOGISTICS//CONCIERGE SERVICE</AddtlRmtInf></Strd></RmtInf><RltdDts><TxDtTm>2018-09-29T11:54:04</TxDtTm></RltdDts><AddtlTxInf>55115403959514000N1020180929826501029</AddtlTxInf></TxDtls><AddtlNtryInf>COMPLETE//0000//003//CREDIT</AddtlNtryInf></Ntry><Ntry><Amt Ccy="GBP">890.00</Amt><CdtDbtInd>CRDT</CdtDbtInd><Sts>BOOK</Sts><BookgDt><Dt>2018-10-01</Dt></BookgDt><BkTxCd><Prtry><Cd>SIP UKBA CR 40269</Cd></Prtry></BkTxCd><TxDtls><Refs><EndToEndId>NOREF</EndToEndId><TxId>RP4659985650131600</TxId></Refs><RltdPties><Dbtr><Nm>MARSHALL H BPO B</Nm></Dbtr><DbtrAcct><Id><PrtryAcct><Id>20078400600989</Id></PrtryAcct></Id></DbtrAcct><Cdtr><Nm>D WAITE</Nm></Cdtr><CdtrAcct><Id><PrtryAcct><Id>23008200458797</Id></PrtryAcct></Id></CdtrAcct><Prtry><Tp>SOONIS</Tp><Pty/></Prtry></RltdPties><RmtInf><Strd><AddtlRmtInf>NO REF</AddtlRmtInf></Strd><Strd><AddtlRmtInf>MARSHALL H BPO B//SOONIS</AddtlRmtInf></Strd></RmtInf><RltdDts><TxDtTm>2018-09-29T11:55:02</TxDtTm></RltdDts><AddtlTxInf>RP46599856501316001020180929826200026</AddtlTxInf></TxDtls><AddtlNtryInf>COMPLETE//0000//003//CREDIT</AddtlNtryInf></Ntry></Ntfctn></BkToCstmrDbtCdtNtfctnV01></Document>