<?xml version="1.0" encoding="UTF-8"?><Document xmlns:xsi="http://www.w3.org/2001/XMLSchema-instance" xmlns="urn:iso:std:iso:20022:tech:xsd:camt.054.001.01"><BkToCstmrDbtCdtNtfctnV01><GrpHdr><MsgId>80309K//12355</MsgId><CreDtTm>2018-09-03T09:00:00</CreDtTm></GrpHdr><Ntfctn><Id>80309K//12355//1</Id><CreDtTm>2018-09-03T09:00:00</CreDtTm><Acct><Id><PrtryAcct><Id>20594233939774</Id></PrtryAcct></Id><Ccy>GBP</Ccy></Acct><TxsSummry><TtlNtries><NbOfNtries>16</NbOfNtries><Sum>800.70</Sum></TtlNtries><TtlCdtNtries><NbOfNtries>16</NbOfNtries><Sum>800.70</Sum></TtlCdtNtries><TtlDbtNtries><NbOfNtries>0</NbOfNtries><Sum>0.00</Sum></TtlDbtNtries></TxsSummry><Ntry><Amt Ccy="GBP">42.00</Amt><CdtDbtInd>CRDT</CdtDbtInd><Sts>BOOK</Sts><BookgDt><Dt>2018-09-03</Dt></BookgDt><BkTxCd><Prtry><Cd>SIP UKBA CR 40269</Cd></Prtry></BkTxCd><TxDtls><Refs><EndToEndId>5000000547zPO09NJHV</EndToEndId><TxId>DF0000006386307500</TxId></Refs><RltdPties><Dbtr><Nm>Worldpay AP Ltd</Nm><PstlAdr><AdrLine>25 WalbrooLondonEC4N 8AF</AdrLine><Ctry/></PstlAdr></Dbtr><DbtrAcct><Id><PrtryAcct><Id>20364763140148</Id></PrtryAcct></Id></DbtrAcct><Cdtr><Nm>Matthew Everard</Nm><PstlAdr><AdrLine>Sedleigh Road 68LondonSW18 1QEGB</AdrLine><Ctry/></PstlAdr></Cdtr><CdtrAcct><Id><PrtryAcct><Id>23008200417266</Id></PrtryAcct></Id></CdtrAcct><Prtry><Tp>/-1927801488</Tp><Pty/></Prtry></RltdPties><RmtInf><Strd><AddtlRmtInf>/-1927801488</AddtlRmtInf></Strd><Strd><AddtlRmtInf>Worldpay AP Ltd///-1927801488</AddtlRmtInf></Strd></RmtInf><RltdDts><TxDtTm>2018-09-03T08:41:19</TxDtTm></RltdDts><AddtlTxInf>DF00000063863075001020180903826200000</AddtlTxInf></TxDtls><AddtlNtryInf>COMPLETE//0000//001//CREDIT</AddtlNtryInf></Ntry><Ntry><Amt Ccy="GBP">72.00</Amt><CdtDbtInd>CRDT</CdtDbtInd><Sts>BOOK</Sts><BookgDt><Dt>2018-09-03</Dt></BookgDt><BkTxCd><Prtry><Cd>SIP UKBA CR 40269</Cd></Prtry></BkTxCd><TxDtls><Refs><EndToEndId>5000000547zPO09NKCW</EndToEndId><TxId>DF0000006386312600</TxId></Refs><RltdPties><Dbtr><Nm>Worldpay AP Ltd</Nm><PstlAdr><AdrLine>25 WalbrooLondonEC4N 8AF</AdrLine><Ctry/></PstlAdr></Dbtr><DbtrAcct><Id><PrtryAcct><Id>20364763140148</Id></PrtryAcct></Id></DbtrAcct><Cdtr><Nm>Marvin Francis</Nm><PstlAdr><AdrLine>Shroffold Road 89BromleyBR1 5PDGB</AdrLine><Ctry/></PstlAdr></Cdtr><CdtrAcct><Id><PrtryAcct><Id>23008200419785</Id></PrtryAcct></Id></CdtrAcct><Prtry><Tp>/-1928396510</Tp><Pty/></Prtry></RltdPties><RmtInf><Strd><AddtlRmtInf>/-1928396510</AddtlRmtInf></Strd><Strd><AddtlRmtInf>Worldpay AP Ltd///-1928396510</AddtlRmtInf></Strd></RmtInf><RltdDts><TxDtTm>2018-09-03T08:41:23</TxDtTm></RltdDts><AddtlTxInf>DF00000063863126001020180903826200000</AddtlTxInf></TxDtls><AddtlNtryInf>COMPLETE//0000//001//CREDIT</AddtlNtryInf></Ntry><Ntry><Amt Ccy="GBP">20.00</Amt><CdtDbtInd>CRDT</CdtDbtInd><Sts>BOOK</Sts><BookgDt><Dt>2018-09-03</Dt></BookgDt><BkTxCd><Prtry><Cd>SIP UKBA CR 40269</Cd></Prtry></BkTxCd><TxDtls><Refs><EndToEndId>NOREF</EndToEndId><TxId>100000000383787101</TxId></Refs><RltdPties><Dbtr><Nm>G Cannon</Nm></Dbtr><DbtrAcct><Id><PrtryAcct><Id>11013512346368</Id></PrtryAcct></Id></DbtrAcct><Cdtr><Nm>GEOFFREY CANNON</Nm></Cdtr><CdtrAcct><Id><PrtryAcct><Id>23008200143228</Id></PrtryAcct></Id></CdtrAcct><Prtry><Tp>ARRO</Tp><Pty/></Prtry></RltdPties><RmtInf><Strd><AddtlRmtInf>NO REF</AddtlRmtInf></Strd><Strd><AddtlRmtInf>G Cannon//ARRO</AddtlRmtInf></Strd></RmtInf><RltdDts><TxDtTm>2018-09-03T08:44:44</TxDtTm></RltdDts><AddtlTxInf>1000000003837871011020180903826110135</AddtlTxInf></TxDtls><AddtlNtryInf>COMPLETE//0000//001//CREDIT</AddtlNtryInf></Ntry><Ntry><Amt Ccy="GBP">72.00</Amt><CdtDbtInd>CRDT</CdtDbtInd><Sts>BOOK</Sts><BookgDt><Dt>2018-09-03</Dt></BookgDt><BkTxCd><Prtry><Cd>SIP UKBA CR 40269</Cd></Prtry></BkTxCd><TxDtls><Refs><EndToEndId>5000000547zPO09NKDW</EndToEndId><TxId>DF0000006386313100</TxId></Refs><RltdPties><Dbtr><Nm>Worldpay AP Ltd</Nm><PstlAdr><AdrLine>25 WalbrooLondonEC4N 8AF</AdrLine><Ctry/></PstlAdr></Dbtr><DbtrAcct><Id><PrtryAcct><Id>20364763140148</Id></PrtryAcct></Id></DbtrAcct><Cdtr><Nm>Nikita Shah</Nm><PstlAdr><AdrLine>Ashneal Gardens 1HarrowHA1 3XJGB</AdrLine><Ctry/></PstlAdr></Cdtr><CdtrAcct><Id><PrtryAcct><Id>23008200419769</Id></PrtryAcct></Id></CdtrAcct><Prtry><Tp>/-1928416586</Tp><Pty/></Prtry></RltdPties><RmtInf><Strd><AddtlRmtInf>/-1928416586</AddtlRmtInf></Strd><Strd><AddtlRmtInf>Worldpay AP Ltd///-1928416586</AddtlRmtInf></Strd></RmtInf><RltdDts><TxDtTm>2018-09-03T08:46:22</TxDtTm></RltdDts><AddtlTxInf>DF00000063863131001020180903826200000</AddtlTxInf></TxDtls><AddtlNtryInf>COMPLETE//0000//001//CREDIT</AddtlNtryInf></Ntry><Ntry><Amt Ccy="GBP">52.00</Amt><CdtDbtInd>CRDT</CdtDbtInd><Sts>BOOK</Sts><BookgDt><Dt>2018-09-03</Dt></BookgDt><BkTxCd><Prtry><Cd>SIP UKBA CR 40269</Cd></Prtry></BkTxCd><TxDtls><Refs><EndToEndId>5000000547zPO09NKDE</EndToEndId><TxId>DF0000006386312900</TxId></Refs><RltdPties><Dbtr><Nm>Worldpay AP Ltd</Nm><PstlAdr><AdrLine>25 WalbrooLondonEC4N 8AF</AdrLine><Ctry/></PstlAdr></Dbtr><DbtrAcct><Id><PrtryAcct><Id>20364763140148</Id></PrtryAcct></Id></DbtrAcct><Cdtr><Nm>Roy Gbenoba</Nm><PstlAdr><AdrLine>Harberson Road 66London.E15 3PHGB</AdrLine><Ctry/></PstlAdr></Cdtr><CdtrAcct><Id><PrtryAcct><Id>23008200419743</Id></PrtryAcct></Id></CdtrAcct><Prtry><Tp>/-1928405891</Tp><Pty/></Prtry></RltdPties><RmtInf><Strd><AddtlRmtInf>/-1928405891</AddtlRmtInf></Strd><Strd><AddtlRmtInf>Worldpay AP Ltd///-1928405891</AddtlRmtInf></Strd></RmtInf><RltdDts><TxDtTm>2018-09-03T08:47:25</TxDtTm></RltdDts><AddtlTxInf>DF00000063863129001020180903826200000</AddtlTxInf></TxDtls><AddtlNtryInf>COMPLETE//0000//001//CREDIT</AddtlNtryInf></Ntry><Ntry><Amt Ccy="GBP">41.00</Amt><CdtDbtInd>CRDT</CdtDbtInd><Sts>BOOK</Sts><BookgDt><Dt>2018-09-03</Dt></BookgDt><BkTxCd><Prtry><Cd>SIP UKBA CR 40269</Cd></Prtry></BkTxCd><TxDtls><Refs><EndToEndId>5000000547zPO09NMB8</EndToEndId><TxId>DF0000006386319700</TxId></Refs><RltdPties><Dbtr><Nm>Worldpay AP Ltd</Nm><PstlAdr><AdrLine>25 WalbrooLondonEC4N 8AF</AdrLine><Ctry/></PstlAdr></Dbtr><DbtrAcct><Id><PrtryAcct><Id>20364763140148</Id></PrtryAcct></Id></DbtrAcct><Cdtr><Nm>Scott Rose</Nm></Cdtr><CdtrAcct><Id><PrtryAcct><Id>23008200419444</Id></PrtryAcct></Id></CdtrAcct><Prtry><Tp>/-1928993487</Tp><Pty/></Prtry></RltdPties><RmtInf><Strd><AddtlRmtInf>/-1928993487</AddtlRmtInf></Strd><Strd><AddtlRmtInf>Worldpay AP Ltd///-1928993487</AddtlRmtInf></Strd></RmtInf><RltdDts><TxDtTm>2018-09-03T08:48:07</TxDtTm></RltdDts><AddtlTxInf>DF00000063863197001020180903826200000</AddtlTxInf></TxDtls><AddtlNtryInf>COMPLETE//0000//001//CREDIT</AddtlNtryInf></Ntry><Ntry><Amt Ccy="GBP">1.00</Amt><CdtDbtInd>CRDT</CdtDbtInd><Sts>BOOK</Sts><BookgDt><Dt>2018-09-03</Dt></BookgDt><BkTxCd><Prtry><Cd>SIP UKBA CR 40269</Cd></Prtry></BkTxCd><TxDtls><Refs><EndToEndId>NOREF</EndToEndId><TxId>RP4659983707037700</TxId></Refs><RltdPties><Dbtr><Nm>POTTINGER T M</Nm></Dbtr><DbtrAcct><Id><PrtryAcct><Id>20258580432474</Id></PrtryAcct></Id></DbtrAcct><Cdtr><Nm>JAKE STRAW</Nm></Cdtr><CdtrAcct><Id><PrtryAcct><Id>23008200426751</Id></PrtryAcct></Id></CdtrAcct><Prtry><Tp>IPHONE DEPOSIT</Tp><Pty/></Prtry></RltdPties><RmtInf><Strd><AddtlRmtInf>NO REF</AddtlRmtInf></Strd><Strd><AddtlRmtInf>POTTINGER T M//IPHONE DEPOSIT</AddtlRmtInf></Strd></RmtInf><RltdDts><TxDtTm>2018-09-03T08:49:39</TxDtTm></RltdDts><AddtlTxInf>RP46599837070377001020180903826200026</AddtlTxInf></TxDtls><AddtlNtryInf>COMPLETE//0000//001//CREDIT</AddtlNtryInf></Ntry><Ntry><Amt Ccy="GBP">25.00</Amt><CdtDbtInd>CRDT</CdtDbtInd><Sts>BOOK</Sts><BookgDt><Dt>2018-09-03</Dt></BookgDt><BkTxCd><Prtry><Cd>SIP UKBA CR 40269</Cd></Prtry></BkTxCd><TxDtls><Refs><EndToEndId>NOREF</EndToEndId><TxId>200000000383783482</TxId></Refs><RltdPties><Dbtr><Nm>N Jedrzejczyk</Nm></Dbtr><DbtrAcct><Id><PrtryAcct><Id>30976252691860</Id></PrtryAcct></Id></DbtrAcct><Cdtr><Nm>NATALIA SZAFRANSKA</Nm></Cdtr><CdtrAcct><Id><PrtryAcct><Id>23008200427247</Id></PrtryAcct></Id></CdtrAcct><Prtry><Tp>PRZELEW</Tp><Pty/></Prtry></RltdPties><RmtInf><Strd><AddtlRmtInf>NO REF</AddtlRmtInf></Strd><Strd><AddtlRmtInf>N Jedrzejczyk//PRZELEW</AddtlRmtInf></Strd></RmtInf><RltdDts><TxDtTm>2018-09-03T08:52:06</TxDtTm></RltdDts><AddtlTxInf>2000000003837834821020180903826309762</AddtlTxInf></TxDtls><AddtlNtryInf>COMPLETE//0000//001//CREDIT</AddtlNtryInf></Ntry><Ntry><Amt Ccy="GBP">5.00</Amt><CdtDbtInd>CRDT</CdtDbtInd><Sts>BOOK</Sts><BookgDt><Dt>2018-09-03</Dt></BookgDt><BkTxCd><Prtry><Cd>SIP UKBA CR 40269</Cd></Prtry></BkTxCd><TxDtls><Refs><EndToEndId>NOREF</EndToEndId><TxId>53085239814604000N</TxId><Prtry><Tp>STO REF</Tp><Ref>0000</Ref></Prtry></Refs><RltdPties><Dbtr><Nm>INACIO COSSA</Nm><PstlAdr><AdrLine>APS COTTONS CENTRE SE1 2QG</AdrLine><Ctry/></PstlAdr></Dbtr><DbtrAcct><Id><PrtryAcct><Id>08719936839114</Id></PrtryAcct></Id></DbtrAcct><Cdtr><Nm>INACIO ARGITO DE ALMEIDA</Nm></Cdtr><CdtrAcct><Id><PrtryAcct><Id>23008200089945</Id></PrtryAcct></Id></CdtrAcct><Prtry><Tp>ARRO</Tp><Pty/></Prtry></RltdPties><RmtInf><Strd><AddtlRmtInf>ARRO</AddtlRmtInf></Strd><Strd><AddtlRmtInf>INACIO COSSA//ARRO</AddtlRmtInf></Strd></RmtInf><RltdDts><TxDtTm>2018-09-03T08:52:40</TxDtTm></RltdDts><AddtlTxInf>53085239814604000N1020180903826087199</AddtlTxInf></TxDtls><AddtlNtryInf>COMPLETE//0000//001//CREDIT</AddtlNtryInf></Ntry><Ntry><Amt Ccy="GBP">16.70</Amt><CdtDbtInd>CRDT</CdtDbtInd><Sts>BOOK</Sts><BookgDt><Dt>2018-09-03</Dt></BookgDt><BkTxCd><Prtry><Cd>SIP UKBA CR 40269</Cd></Prtry></BkTxCd><TxDtls><Refs><EndToEndId>5000000547zPO09NKCZ</EndToEndId><TxId>DF0000006386312700</TxId></Refs><RltdPties><Dbtr><Nm>Worldpay AP Ltd</Nm><PstlAdr><AdrLine>25 WalbrooLondonEC4N 8AF</AdrLine><Ctry/></PstlAdr></Dbtr><DbtrAcct><Id><PrtryAcct><Id>20364763140148</Id></PrtryAcct></Id></DbtrAcct><Cdtr><Nm>Jordan Scarley</Nm><PstlAdr><AdrLine>21, Old Quarry CourtNorthamptonNN3;</AdrLine><AdrLine>8HNGB</AdrLine><Ctry/></PstlAdr></Cdtr><CdtrAcct><Id><PrtryAcct><Id>23008200417565</Id></PrtryAcct></Id></CdtrAcct><Prtry><Tp>/-1928398342</Tp><Pty/></Prtry></RltdPties><RmtInf><Strd><AddtlRmtInf>/-1928398342</AddtlRmtInf></Strd><Strd><AddtlRmtInf>Worldpay AP Ltd///-1928398342</AddtlRmtInf></Strd></RmtInf><RltdDts><TxDtTm>2018-09-03T08:52:45</TxDtTm></RltdDts><AddtlTxInf>DF00000063863127001020180903826200000</AddtlTxInf></TxDtls><AddtlNtryInf>COMPLETE//0000//001//CREDIT</AddtlNtryInf></Ntry><Ntry><Amt Ccy="GBP">44.00</Amt><CdtDbtInd>CRDT</CdtDbtInd><Sts>BOOK</Sts><BookgDt><Dt>2018-09-03</Dt></BookgDt><BkTxCd><Prtry><Cd>SIP UKBA CR 40269</Cd></Prtry></BkTxCd><TxDtls><Refs><EndToEndId>5000000547zPO09NKCV</EndToEndId><TxId>DF0000006386312500</TxId></Refs><RltdPties><Dbtr><Nm>Worldpay AP Ltd</Nm><PstlAdr><AdrLine>25 WalbrooLondonEC4N 8AF</AdrLine><Ctry/></PstlAdr></Dbtr><DbtrAcct><Id><PrtryAcct><Id>20364763140148</Id></PrtryAcct></Id></DbtrAcct><Cdtr><Nm>Liam Snowdon</Nm><PstlAdr><AdrLine>42, Roosevelt RoadDurhamDH1 1PRGB</AdrLine><Ctry/></PstlAdr></Cdtr><CdtrAcct><Id><PrtryAcct><Id>23008200405126</Id></PrtryAcct></Id></CdtrAcct><Prtry><Tp>/-1928396294</Tp><Pty/></Prtry></RltdPties><RmtInf><Strd><AddtlRmtInf>/-1928396294</AddtlRmtInf></Strd><Strd><AddtlRmtInf>Worldpay AP Ltd///-1928396294</AddtlRmtInf></Strd></RmtInf><RltdDts><TxDtTm>2018-09-03T08:52:48</TxDtTm></RltdDts><AddtlTxInf>DF00000063863125001020180903826200000</AddtlTxInf></TxDtls><AddtlNtryInf>COMPLETE//0000//001//CREDIT</AddtlNtryInf></Ntry><Ntry><Amt Ccy="GBP">200.00</Amt><CdtDbtInd>CRDT</CdtDbtInd><Sts>BOOK</Sts><BookgDt><Dt>2018-09-03</Dt></BookgDt><BkTxCd><Prtry><Cd>SIP UKBA CR 40269</Cd></Prtry></BkTxCd><TxDtls><Refs><EndToEndId>NOREF</EndToEndId><TxId>59085325001899000N</TxId><Prtry><Tp>STO REF</Tp><Ref>0000</Ref></Prtry></Refs><RltdPties><Dbtr><Nm>RR SKEJA CONSTRUCTION LIMITED</Nm><PstlAdr><AdrLine>APS COTTONS CENTRE SE1 2QG</AdrLine><Ctry/></PstlAdr></Dbtr><DbtrAcct><Id><PrtryAcct><Id>08719958230382</Id></PrtryAcct></Id></DbtrAcct><Cdtr><Nm>JETONI  SULA</Nm></Cdtr><CdtrAcct><Id><PrtryAcct><Id>23008200245667</Id></PrtryAcct></Id></CdtrAcct><Prtry><Tp>RRSKEJACONSTRUCTIO</Tp><Pty/></Prtry></RltdPties><RmtInf><Strd><AddtlRmtInf>RRSKEJACONSTRUCTIO</AddtlRmtInf></Strd><Strd><AddtlRmtInf>RR SKEJA CONSTRUCT//RRSKEJACONSTRUCTIO</AddtlRmtInf></Strd></RmtInf><RltdDts><TxDtTm>2018-09-03T08:53:25</TxDtTm></RltdDts><AddtlTxInf>59085325001899000N1020180903826087199</AddtlTxInf></TxDtls><AddtlNtryInf>COMPLETE//0000//001//CREDIT</AddtlNtryInf></Ntry><Ntry><Amt Ccy="GBP">30.00</Amt><CdtDbtInd>CRDT</CdtDbtInd><Sts>BOOK</Sts><BookgDt><Dt>2018-09-03</Dt></BookgDt><BkTxCd><Prtry><Cd>SIP UKBA CR 40269</Cd></Prtry></BkTxCd><TxDtls><Refs><EndToEndId>NOREF</EndToEndId><TxId>52085622137948000N</TxId><Prtry><Tp>STO REF</Tp><Ref>0000</Ref></Prtry></Refs><RltdPties><Dbtr><Nm>YANQUN TANG</Nm><PstlAdr><AdrLine>APS COTTONS CENTRE SE1 2QG</AdrLine><Ctry/></PstlAdr></Dbtr><DbtrAcct><Id><PrtryAcct><Id>08719902753505</Id></PrtryAcct></Id></DbtrAcct><Cdtr><Nm>MR LING HUANG</Nm></Cdtr><CdtrAcct><Id><PrtryAcct><Id>23008200191865</Id></PrtryAcct></Id></CdtrAcct><Prtry><Tp>YAYAN</Tp><Pty/></Prtry></RltdPties><RmtInf><Strd><AddtlRmtInf>YAYAN</AddtlRmtInf></Strd><Strd><AddtlRmtInf>YANQUN TANG//YAYAN</AddtlRmtInf></Strd></RmtInf><RltdDts><TxDtTm>2018-09-03T08:56:22</TxDtTm></RltdDts><AddtlTxInf>52085622137948000N1020180903826087199</AddtlTxInf></TxDtls><AddtlNtryInf>COMPLETE//0000//001//CREDIT</AddtlNtryInf></Ntry><Ntry><Amt Ccy="GBP">60.00</Amt><CdtDbtInd>CRDT</CdtDbtInd><Sts>BOOK</Sts><BookgDt><Dt>2018-09-03</Dt></BookgDt><BkTxCd><Prtry><Cd>SIP UKBA CR 40269</Cd></Prtry></BkTxCd><TxDtls><Refs><EndToEndId>NOREF</EndToEndId><TxId>13085622911834000N</TxId><Prtry><Tp>STO REF</Tp><Ref>0000</Ref></Prtry></Refs><RltdPties><Dbtr><Nm>YANQUN TANG</Nm><PstlAdr><AdrLine>APS COTTONS CENTRE SE1 2QG</AdrLine><Ctry/></PstlAdr></Dbtr><DbtrAcct><Id><PrtryAcct><Id>08719902753505</Id></PrtryAcct></Id></DbtrAcct><Cdtr><Nm>MR OING LIU</Nm></Cdtr><CdtrAcct><Id><PrtryAcct><Id>23008200187687</Id></PrtryAcct></Id></CdtrAcct><Prtry><Tp>PINGPING</Tp><Pty/></Prtry></RltdPties><RmtInf><Strd><AddtlRmtInf>PINGPING</AddtlRmtInf></Strd><Strd><AddtlRmtInf>YANQUN TANG//PINGPING</AddtlRmtInf></Strd></RmtInf><RltdDts><TxDtTm>2018-09-03T08:56:23</TxDtTm></RltdDts><AddtlTxInf>13085622911834000N1020180903826087199</AddtlTxInf></TxDtls><AddtlNtryInf>COMPLETE//0000//001//CREDIT</AddtlNtryInf></Ntry><Ntry><Amt Ccy="GBP">60.00</Amt><CdtDbtInd>CRDT</CdtDbtInd><Sts>BOOK</Sts><BookgDt><Dt>2018-09-03</Dt></BookgDt><BkTxCd><Prtry><Cd>SIP UKBA CR 40269</Cd></Prtry></BkTxCd><TxDtls><Refs><EndToEndId>NOREF</EndToEndId><TxId>60085624565255000N</TxId><Prtry><Tp>STO REF</Tp><Ref>0000</Ref></Prtry></Refs><RltdPties><Dbtr><Nm>YANQUN TANG</Nm><PstlAdr><AdrLine>APS COTTONS CENTRE SE1 2QG</AdrLine><Ctry/></PstlAdr></Dbtr><DbtrAcct><Id><PrtryAcct><Id>08719902753505</Id></PrtryAcct></Id></DbtrAcct><Cdtr><Nm>MR HUAN WANG</Nm></Cdtr><CdtrAcct><Id><PrtryAcct><Id>23008200191209</Id></PrtryAcct></Id></CdtrAcct><Prtry><Tp>WANG</Tp><Pty/></Prtry></RltdPties><RmtInf><Strd><AddtlRmtInf>WANG</AddtlRmtInf></Strd><Strd><AddtlRmtInf>YANQUN TANG//WANG</AddtlRmtInf></Strd></RmtInf><RltdDts><TxDtTm>2018-09-03T08:56:24</TxDtTm></RltdDts><AddtlTxInf>60085624565255000N1020180903826087199</AddtlTxInf></TxDtls><AddtlNtryInf>COMPLETE//0000//001//CREDIT</AddtlNtryInf></Ntry><Ntry><Amt Ccy="GBP">60.00</Amt><CdtDbtInd>CRDT</CdtDbtInd><Sts>BOOK</Sts><BookgDt><Dt>2018-09-03</Dt></BookgDt><BkTxCd><Prtry><Cd>SIP UKBA CR 40269</Cd></Prtry></BkTxCd><TxDtls><Refs><EndToEndId>NOREF</EndToEndId><TxId>18085625289687000N</TxId><Prtry><Tp>STO REF</Tp><Ref>0000</Ref></Prtry></Refs><RltdPties><Dbtr><Nm>YANQUN TANG</Nm><PstlAdr><AdrLine>APS COTTONS CENTRE SE1 2QG</AdrLine><Ctry/></PstlAdr></Dbtr><DbtrAcct><Id><PrtryAcct><Id>08719902753505</Id></PrtryAcct></Id></DbtrAcct><Cdtr><Nm>MR HONGBIN YANG</Nm></Cdtr><CdtrAcct><Id><PrtryAcct><Id>23008200191947</Id></PrtryAcct></Id></CdtrAcct><Prtry><Tp>YANG</Tp><Pty/></Prtry></RltdPties><RmtInf><Strd><AddtlRmtInf>YANG</AddtlRmtInf></Strd><Strd><AddtlRmtInf>YANQUN TANG//YANG</AddtlRmtInf></Strd></RmtInf><RltdDts><TxDtTm>2018-09-03T08:56:25</TxDtTm></RltdDts><AddtlTxInf>18085625289687000N1020180903826087199</AddtlTxInf></TxDtls><AddtlNtryInf>COMPLETE//0000//001//CREDIT</AddtlNtryInf></Ntry></Ntfctn></BkToCstmrDbtCdtNtfctnV01></Document>