<?xml version="1.0" encoding="UTF-8"?><Document xmlns:xsi="http://www.w3.org/2001/XMLSchema-instance" xmlns="urn:iso:std:iso:20022:tech:xsd:camt.054.001.01"><BkToCstmrDbtCdtNtfctnV01><GrpHdr><MsgId>80309K//12665</MsgId><CreDtTm>2018-09-10T12:00:00</CreDtTm></GrpHdr><Ntfctn><Id>80309K//12665//1</Id><CreDtTm>2018-09-10T12:00:00</CreDtTm><Acct><Id><PrtryAcct><Id>20594233939774</Id></PrtryAcct></Id><Ccy>GBP</Ccy></Acct><TxsSummry><TtlNtries><NbOfNtries>5</NbOfNtries><Sum>1436.10</Sum></TtlNtries><TtlCdtNtries><NbOfNtries>5</NbOfNtries><Sum>1436.10</Sum></TtlCdtNtries><TtlDbtNtries><NbOfNtries>0</NbOfNtries><Sum>0.00</Sum></TtlDbtNtries></TxsSummry><Ntry><Amt Ccy="GBP">20.80</Amt><CdtDbtInd>CRDT</CdtDbtInd><Sts>BOOK</Sts><BookgDt><Dt>2018-09-10</Dt></BookgDt><BkTxCd><Prtry><Cd>SIP UKBA CR 40269</Cd></Prtry></BkTxCd><TxDtls><Refs><EndToEndId>00151092632BBJJCRN</EndToEndId><TxId>00151092632BBJJCRN</TxId></Refs><RltdPties><Dbtr><Nm>HAZEL CORE</Nm></Dbtr><DbtrAcct><Id><PrtryAcct><Id>09012834385390</Id></PrtryAcct></Id></DbtrAcct><Cdtr><Nm>ARRO CARD</Nm></Cdtr><CdtrAcct><Id><PrtryAcct><Id>23008200014496</Id></PrtryAcct></Id></CdtrAcct><Prtry><Tp>phone bill</Tp><Pty/></Prtry></RltdPties><RmtInf><Strd><AddtlRmtInf>NO REF</AddtlRmtInf></Strd><Strd><AddtlRmtInf>HAZEL CORE//phone bill</AddtlRmtInf></Strd></RmtInf><RltdDts><TxDtTm>2018-09-10T11:35:58</TxDtTm></RltdDts><AddtlTxInf>00151092632BBJJCRN1020180910826090128</AddtlTxInf></TxDtls><AddtlNtryInf>COMPLETE//0000//001//CREDIT</AddtlNtryInf></Ntry><Ntry><Amt Ccy="GBP">100.00</Amt><CdtDbtInd>CRDT</CdtDbtInd><Sts>BOOK</Sts><BookgDt><Dt>2018-09-10</Dt></BookgDt><BkTxCd><Prtry><Cd>SIP UKBA CR 40269</Cd></Prtry></BkTxCd><TxDtls><Refs><EndToEndId>00151059632BBGLDSR</EndToEndId><TxId>00151059632BBGLDSR</TxId></Refs><RltdPties><Dbtr><Nm>LAETITIA MOREBY</Nm></Dbtr><DbtrAcct><Id><PrtryAcct><Id>09012838433989</Id></PrtryAcct></Id></DbtrAcct><Cdtr><Nm>theo b</Nm></Cdtr><CdtrAcct><Id><PrtryAcct><Id>23008200343005</Id></PrtryAcct></Id></CdtrAcct><Prtry><Tp>car</Tp><Pty/></Prtry></RltdPties><RmtInf><Strd><AddtlRmtInf>NO REF</AddtlRmtInf></Strd><Strd><AddtlRmtInf>LAETITIA MOREBY//car</AddtlRmtInf></Strd></RmtInf><RltdDts><TxDtTm>2018-09-10T11:41:48</TxDtTm></RltdDts><AddtlTxInf>00151059632BBGLDSR1020180910826090128</AddtlTxInf></TxDtls><AddtlNtryInf>COMPLETE//0000//001//CREDIT</AddtlNtryInf></Ntry><Ntry><Amt Ccy="GBP">0.20</Amt><CdtDbtInd>CRDT</CdtDbtInd><Sts>BOOK</Sts><BookgDt><Dt>2018-09-10</Dt></BookgDt><BkTxCd><Prtry><Cd>SIP UKBA CR 40269</Cd></Prtry></BkTxCd><TxDtls><Refs><EndToEndId>NOREF</EndToEndId><TxId>300000000391194172</TxId></Refs><RltdPties><Dbtr><Nm>K Reilly</Nm></Dbtr><DbtrAcct><Id><PrtryAcct><Id>11000104757821</Id></PrtryAcct></Id></DbtrAcct><Cdtr><Nm>STEPHEN BEACH</Nm></Cdtr><CdtrAcct><Id><PrtryAcct><Id>23008200350793</Id></PrtryAcct></Id></CdtrAcct><Prtry><Tp>GIRLS</Tp><Pty/></Prtry></RltdPties><RmtInf><Strd><AddtlRmtInf>NO REF</AddtlRmtInf></Strd><Strd><AddtlRmtInf>K Reilly//GIRLS</AddtlRmtInf></Strd></RmtInf><RltdDts><TxDtTm>2018-09-10T11:44:26</TxDtTm></RltdDts><AddtlTxInf>3000000003911941721020180910826110001</AddtlTxInf></TxDtls><AddtlNtryInf>COMPLETE//0000//001//CREDIT</AddtlNtryInf></Ntry><Ntry><Amt Ccy="GBP">1304.10</Amt><CdtDbtInd>CRDT</CdtDbtInd><Sts>BOOK</Sts><BookgDt><Dt>2018-09-10</Dt></BookgDt><BkTxCd><Prtry><Cd>SIP UKBA CR 40269</Cd></Prtry></BkTxCd><TxDtls><Refs><EndToEndId>NOREF</EndToEndId><TxId>FP18253O16028662</TxId></Refs><RltdPties><Dbtr><Nm>Robinson Beth</Nm></Dbtr><DbtrAcct><Id><PrtryAcct><Id>07024604721112</Id></PrtryAcct></Id></DbtrAcct><Cdtr><Nm>MATT LIDBETTER CON</Nm></Cdtr><CdtrAcct><Id><PrtryAcct><Id>23008200222957</Id></PrtryAcct></Id></CdtrAcct><Prtry><Tp>WHIT01 QUOTE 184</Tp><Pty/></Prtry></RltdPties><RmtInf><Strd><AddtlRmtInf>NO REF</AddtlRmtInf></Strd><Strd><AddtlRmtInf>Robinson Beth//WHIT01 QUOTE 184</AddtlRmtInf></Strd></RmtInf><RltdDts><TxDtTm>2018-09-10T11:51:37</TxDtTm></RltdDts><AddtlTxInf>FP18253O16028662  1020180910826070246</AddtlTxInf></TxDtls><AddtlNtryInf>COMPLETE//0000//001//CREDIT</AddtlNtryInf></Ntry><Ntry><Amt Ccy="GBP">11.00</Amt><CdtDbtInd>CRDT</CdtDbtInd><Sts>BOOK</Sts><BookgDt><Dt>2018-09-10</Dt></BookgDt><BkTxCd><Prtry><Cd>SIP UKBA CR 40269</Cd></Prtry></BkTxCd><TxDtls><Refs><EndToEndId>PAUL</EndToEndId><TxId>29115336180502000R</TxId><Prtry><Tp>STO REF</Tp><Ref>0000</Ref></Prtry></Refs><RltdPties><Dbtr><Nm>MARSH PJ</Nm></Dbtr><DbtrAcct><Id><PrtryAcct><Id>16172611005895</Id></PrtryAcct></Id></DbtrAcct><Cdtr><Nm>MR DANIEL THOMPSON</Nm></Cdtr><CdtrAcct><Id><PrtryAcct><Id>23008200155445</Id></PrtryAcct></Id></CdtrAcct><Prtry><Tp>PAUL</Tp><Pty/></Prtry></RltdPties><RmtInf><Strd><AddtlRmtInf>MARSH PJ          PAUL              VIA MOBILE - LVP</AddtlRmtInf></Strd><Strd><AddtlRmtInf>MARSH PJ//PAUL</AddtlRmtInf></Strd></RmtInf><RltdDts><TxDtTm>2018-09-10T11:53:36</TxDtTm></RltdDts><AddtlTxInf>29115336180502000R1020180910826161726</AddtlTxInf></TxDtls><AddtlNtryInf>COMPLETE//0000//001//CREDIT</AddtlNtryInf></Ntry></Ntfctn></BkToCstmrDbtCdtNtfctnV01></Document>