<?xml version="1.0" encoding="UTF-8"?><Document xmlns:xsi="http://www.w3.org/2001/XMLSchema-instance" xmlns="urn:iso:std:iso:20022:tech:xsd:camt.054.001.01"><BkToCstmrDbtCdtNtfctnV01><GrpHdr><MsgId>80309K//12734</MsgId><CreDtTm>2018-09-12T01:00:00</CreDtTm></GrpHdr><Ntfctn><Id>80309K//12734//1</Id><CreDtTm>2018-09-12T01:00:00</CreDtTm><Acct><Id><PrtryAcct><Id>20594233939774</Id></PrtryAcct></Id><Ccy>GBP</Ccy></Acct><TxsSummry><TtlNtries><NbOfNtries>2</NbOfNtries><Sum>40.00</Sum></TtlNtries><TtlCdtNtries><NbOfNtries>2</NbOfNtries><Sum>40.00</Sum></TtlCdtNtries><TtlDbtNtries><NbOfNtries>0</NbOfNtries><Sum>0.00</Sum></TtlDbtNtries></TxsSummry><Ntry><Amt Ccy="GBP">10.00</Amt><CdtDbtInd>CRDT</CdtDbtInd><Sts>BOOK</Sts><BookgDt><Dt>2018-09-12</Dt></BookgDt><BkTxCd><Prtry><Cd>SIP UKBA CR 40269</Cd></Prtry></BkTxCd><TxDtls><Refs><EndToEndId>NOREF</EndToEndId><TxId>RP4679961177181300</TxId></Refs><RltdPties><Dbtr><Nm>EVANS G P R</Nm></Dbtr><DbtrAcct><Id><PrtryAcct><Id>20279193796329</Id></PrtryAcct></Id></DbtrAcct><Cdtr><Nm>GARETH EVANS</Nm></Cdtr><CdtrAcct><Id><PrtryAcct><Id>23008200431663</Id></PrtryAcct></Id></CdtrAcct><Prtry><Tp>5574220153556062</Tp><Pty/></Prtry></RltdPties><RmtInf><Strd><AddtlRmtInf>NO REF</AddtlRmtInf></Strd><Strd><AddtlRmtInf>EVANS G P R//5574220153556062</AddtlRmtInf></Strd></RmtInf><RltdDts><TxDtTm>2018-09-12T00:37:03</TxDtTm></RltdDts><AddtlTxInf>RP46799611771813001020180912826200026</AddtlTxInf></TxDtls><AddtlNtryInf>COMPLETE//0000//003//CREDIT</AddtlNtryInf></Ntry><Ntry><Amt Ccy="GBP">30.00</Amt><CdtDbtInd>CRDT</CdtDbtInd><Sts>BOOK</Sts><BookgDt><Dt>2018-09-12</Dt></BookgDt><BkTxCd><Prtry><Cd>SIP UKBA CR 40269</Cd></Prtry></BkTxCd><TxDtls><Refs><EndToEndId>NOREF</EndToEndId><TxId>100000000386328268</TxId></Refs><RltdPties><Dbtr><Nm>C Collins</Nm></Dbtr><DbtrAcct><Id><PrtryAcct><Id>11058312079362</Id></PrtryAcct></Id></DbtrAcct><Cdtr><Nm>MARTYN</Nm></Cdtr><CdtrAcct><Id><PrtryAcct><Id>23008200407084</Id></PrtryAcct></Id></CdtrAcct><Prtry><Tp>LISA</Tp><Pty/></Prtry></RltdPties><RmtInf><Strd><AddtlRmtInf>NO REF</AddtlRmtInf></Strd><Strd><AddtlRmtInf>C Collins//LISA</AddtlRmtInf></Strd></RmtInf><RltdDts><TxDtTm>2018-09-12T00:39:44</TxDtTm></RltdDts><AddtlTxInf>1000000003863282681020180912826110583</AddtlTxInf></TxDtls><AddtlNtryInf>COMPLETE//0000//003//CREDIT</AddtlNtryInf></Ntry></Ntfctn></BkToCstmrDbtCdtNtfctnV01></Document>