<?xml version="1.0" encoding="UTF-8"?><Document xmlns:xsi="http://www.w3.org/2001/XMLSchema-instance" xmlns="urn:iso:std:iso:20022:tech:xsd:camt.054.001.01"><BkToCstmrDbtCdtNtfctnV01><GrpHdr><MsgId>80309K//13434</MsgId><CreDtTm>2018-09-28T06:30:00</CreDtTm></GrpHdr><Ntfctn><Id>80309K//13434//1</Id><CreDtTm>2018-09-28T06:30:00</CreDtTm><Acct><Id><PrtryAcct><Id>20594233939774</Id></PrtryAcct></Id><Ccy>GBP</Ccy></Acct><TxsSummry><TtlNtries><NbOfNtries>4</NbOfNtries><Sum>1666.11</Sum></TtlNtries><TtlCdtNtries><NbOfNtries>4</NbOfNtries><Sum>1666.11</Sum></TtlCdtNtries><TtlDbtNtries><NbOfNtries>0</NbOfNtries><Sum>0.00</Sum></TtlDbtNtries></TxsSummry><Ntry><Amt Ccy="GBP">1000.00</Amt><CdtDbtInd>CRDT</CdtDbtInd><Sts>BOOK</Sts><BookgDt><Dt>2018-09-28</Dt></BookgDt><BkTxCd><Prtry><Cd>SIP UKBA CR 40269</Cd></Prtry></BkTxCd><TxDtls><Refs><EndToEndId>NOREF</EndToEndId><TxId>500000000392714853</TxId></Refs><RltdPties><Dbtr><Nm>EASTWOOD ESTATE AG</Nm></Dbtr><DbtrAcct><Id><PrtryAcct><Id>30989757541760</Id></PrtryAcct></Id></DbtrAcct><Cdtr><Nm>EASTWOODS LIMITED</Nm></Cdtr><CdtrAcct><Id><PrtryAcct><Id>23008200223009</Id></PrtryAcct></Id></CdtrAcct><Prtry><Tp>2910.00 Oct</Tp><Pty/></Prtry></RltdPties><RmtInf><Strd><AddtlRmtInf>NO REF</AddtlRmtInf></Strd><Strd><AddtlRmtInf>EASTWOOD ESTATE AG//2910.00 Oct</AddtlRmtInf></Strd></RmtInf><RltdDts><TxDtTm>2018-09-28T06:08:14</TxDtTm></RltdDts><AddtlTxInf>5000000003927148531020180928826309897</AddtlTxInf></TxDtls><AddtlNtryInf>COMPLETE//0000//003//CREDIT</AddtlNtryInf></Ntry><Ntry><Amt Ccy="GBP">0.99</Amt><CdtDbtInd>CRDT</CdtDbtInd><Sts>BOOK</Sts><BookgDt><Dt>2018-09-28</Dt></BookgDt><BkTxCd><Prtry><Cd>SIP UKBA CR 40269</Cd></Prtry></BkTxCd><TxDtls><Refs><EndToEndId>NIC</EndToEndId><TxId>48061225386574000N</TxId><Prtry><Tp>STO REF</Tp><Ref>0000</Ref></Prtry></Refs><RltdPties><Dbtr><Nm>WILLIAMS NM</Nm></Dbtr><DbtrAcct><Id><PrtryAcct><Id>54300131842496</Id></PrtryAcct></Id></DbtrAcct><Cdtr><Nm>LEE JONES</Nm></Cdtr><CdtrAcct><Id><PrtryAcct><Id>23008200455920</Id></PrtryAcct></Id></CdtrAcct><Prtry><Tp>NIC</Tp><Pty/></Prtry></RltdPties><RmtInf><Strd><AddtlRmtInf>WILLIAMS NM       NIC               VIA MOBILE - LVP</AddtlRmtInf></Strd><Strd><AddtlRmtInf>WILLIAMS NM//NIC</AddtlRmtInf></Strd></RmtInf><RltdDts><TxDtTm>2018-09-28T06:12:25</TxDtTm></RltdDts><AddtlTxInf>48061225386574000N1020180928826543001</AddtlTxInf></TxDtls><AddtlNtryInf>COMPLETE//0000//003//CREDIT</AddtlNtryInf></Ntry><Ntry><Amt Ccy="GBP">15.12</Amt><CdtDbtInd>CRDT</CdtDbtInd><Sts>BOOK</Sts><BookgDt><Dt>2018-09-28</Dt></BookgDt><BkTxCd><Prtry><Cd>SIP UKBA CR 40269</Cd></Prtry></BkTxCd><TxDtls><Refs><EndToEndId>18 GREYHOUND CROFT</EndToEndId><TxId>42061452134265000N</TxId><Prtry><Tp>STO REF</Tp><Ref>0000</Ref></Prtry></Refs><RltdPties><Dbtr><Nm>BAILEY K &amp; G</Nm></Dbtr><DbtrAcct><Id><PrtryAcct><Id>60033280128580</Id></PrtryAcct></Id></DbtrAcct><Cdtr><Nm>FRESH MOO</Nm></Cdtr><CdtrAcct><Id><PrtryAcct><Id>23008200039585</Id></PrtryAcct></Id></CdtrAcct><Prtry><Tp>18 GREYHOUND CROFT</Tp><Pty/></Prtry></RltdPties><RmtInf><Strd><AddtlRmtInf>BAILEY K &amp; G      18 GREYHOUND CROFTVIA MOBILE - LVP</AddtlRmtInf></Strd><Strd><AddtlRmtInf>BAILEY K &amp; G//18 GREYHOUND CROFT</AddtlRmtInf></Strd></RmtInf><RltdDts><TxDtTm>2018-09-28T06:14:52</TxDtTm></RltdDts><AddtlTxInf>42061452134265000N1020180928826600332</AddtlTxInf></TxDtls><AddtlNtryInf>COMPLETE//0000//003//CREDIT</AddtlNtryInf></Ntry><Ntry><Amt Ccy="GBP">650.00</Amt><CdtDbtInd>CRDT</CdtDbtInd><Sts>BOOK</Sts><BookgDt><Dt>2018-09-28</Dt></BookgDt><BkTxCd><Prtry><Cd>DCA UKBA CR 40269</Cd></Prtry></BkTxCd><TxDtls><Refs><EndToEndId>NOREF</EndToEndId><TxId>000000013689903101</TxId><Prtry><Tp>STO REF</Tp><Ref>5419</Ref></Prtry></Refs><RltdPties><Dbtr><Nm>LYNNE MARIE MORRIS</Nm></Dbtr><DbtrAcct><Id><PrtryAcct><Id>20035373152596</Id></PrtryAcct></Id></DbtrAcct><Cdtr><Nm>L. MORRIS</Nm></Cdtr><CdtrAcct><Id><PrtryAcct><Id>23008200193826</Id></PrtryAcct></Id></CdtrAcct><Prtry><Tp>PARTYCATERING</Tp><Pty/></Prtry></RltdPties><RmtInf><Strd><AddtlRmtInf>NO REF</AddtlRmtInf></Strd><Strd><AddtlRmtInf>LYNNE MARIE MORRIS//PARTYCATERING</AddtlRmtInf></Strd></RmtInf><RltdDts><TxDtTm>2018-09-28T06:21:49</TxDtTm></RltdDts><AddtlTxInf>0000000136899031015020180928826200353</AddtlTxInf></TxDtls><AddtlNtryInf>COMPLETE//0000//003//CREDIT</AddtlNtryInf></Ntry></Ntfctn></BkToCstmrDbtCdtNtfctnV01></Document>