<?xml version="1.0" encoding="UTF-8"?><Document xmlns:xsi="http://www.w3.org/2001/XMLSchema-instance" xmlns="urn:iso:std:iso:20022:tech:xsd:camt.054.001.01"><BkToCstmrDbtCdtNtfctnV01><GrpHdr><MsgId>80309K//12609</MsgId><CreDtTm>2018-09-08T23:30:00</CreDtTm></GrpHdr><Ntfctn><Id>80309K//12609//1</Id><CreDtTm>2018-09-08T23:30:00</CreDtTm><Acct><Id><PrtryAcct><Id>20594233939774</Id></PrtryAcct></Id><Ccy>GBP</Ccy></Acct><TxsSummry><TtlNtries><NbOfNtries>2</NbOfNtries><Sum>2739.00</Sum></TtlNtries><TtlCdtNtries><NbOfNtries>1</NbOfNtries><Sum>10.00</Sum></TtlCdtNtries><TtlDbtNtries><NbOfNtries>1</NbOfNtries><Sum>2729.00</Sum></TtlDbtNtries></TxsSummry><Ntry><Amt Ccy="GBP">2729.00</Amt><CdtDbtInd>DBIT</CdtDbtInd><Sts>BOOK</Sts><BookgDt><Dt>2018-09-10</Dt></BookgDt><BkTxCd><Prtry><Cd>AUT UKBA DR 30278</Cd></Prtry></BkTxCd><TxDtls><Refs><TxId>000000000335819600</TxId></Refs><RltdPties><DbtrAcct><Id><PrtryAcct><Id>20594233939774</Id></PrtryAcct></Id></DbtrAcct></RltdPties><RmtInf><Strd><AddtlRmtInf>NO REF</AddtlRmtInf></Strd><Strd><AddtlRmtInf>20180908A44639//7S      F2B7V7E551</AddtlRmtInf></Strd></RmtInf><RltdDts><TxDtTm>2018-09-08T23:01:40</TxDtTm></RltdDts><AddtlTxInf>0000000003358196000020180908826205942</AddtlTxInf></TxDtls><AddtlNtryInf>AUTHSENT//0000//003//DEBIT</AddtlNtryInf></Ntry><Ntry><Amt Ccy="GBP">10.00</Amt><CdtDbtInd>CRDT</CdtDbtInd><Sts>BOOK</Sts><BookgDt><Dt>2018-09-10</Dt></BookgDt><BkTxCd><Prtry><Cd>SIP UKBA CR 40269</Cd></Prtry></BkTxCd><TxDtls><Refs><EndToEndId>NOREF</EndToEndId><TxId>RP4679960964263300</TxId></Refs><RltdPties><Dbtr><Nm>LEEDER W P</Nm></Dbtr><DbtrAcct><Id><PrtryAcct><Id>20251943959481</Id></PrtryAcct></Id></DbtrAcct><Cdtr><Nm>LOI</Nm></Cdtr><CdtrAcct><Id><PrtryAcct><Id>23008200433862</Id></PrtryAcct></Id></CdtrAcct><Prtry><Tp>LCO</Tp><Pty/></Prtry></RltdPties><RmtInf><Strd><AddtlRmtInf>NO REF</AddtlRmtInf></Strd><Strd><AddtlRmtInf>LEEDER W P//LCO</AddtlRmtInf></Strd></RmtInf><RltdDts><TxDtTm>2018-09-08T23:22:40</TxDtTm></RltdDts><AddtlTxInf>RP46799609642633001020180908826200026</AddtlTxInf></TxDtls><AddtlNtryInf>COMPLETE//0000//003//CREDIT</AddtlNtryInf></Ntry></Ntfctn></BkToCstmrDbtCdtNtfctnV01></Document>