<?xml version="1.0" encoding="UTF-8"?><Document xmlns:xsi="http://www.w3.org/2001/XMLSchema-instance" xmlns="urn:iso:std:iso:20022:tech:xsd:camt.054.001.01"><BkToCstmrDbtCdtNtfctnV01><GrpHdr><MsgId>80309K//12721</MsgId><CreDtTm>2018-09-11T18:30:00</CreDtTm></GrpHdr><Ntfctn><Id>80309K//12721//1</Id><CreDtTm>2018-09-11T18:30:00</CreDtTm><Acct><Id><PrtryAcct><Id>20594233939774</Id></PrtryAcct></Id><Ccy>GBP</Ccy></Acct><TxsSummry><TtlNtries><NbOfNtries>7</NbOfNtries><Sum>808.00</Sum></TtlNtries><TtlCdtNtries><NbOfNtries>7</NbOfNtries><Sum>808.00</Sum></TtlCdtNtries><TtlDbtNtries><NbOfNtries>0</NbOfNtries><Sum>0.00</Sum></TtlDbtNtries></TxsSummry><Ntry><Amt Ccy="GBP">10.00</Amt><CdtDbtInd>CRDT</CdtDbtInd><Sts>BOOK</Sts><BookgDt><Dt>2018-09-11</Dt></BookgDt><BkTxCd><Prtry><Cd>SIP UKBA CR 40269</Cd></Prtry></BkTxCd><TxDtls><Refs><EndToEndId>X</EndToEndId><TxId>24180719577861000N</TxId><Prtry><Tp>STO REF</Tp><Ref>0000</Ref></Prtry></Refs><RltdPties><Dbtr><Nm>BRIODY L</Nm></Dbtr><DbtrAcct><Id><PrtryAcct><Id>60302134888802</Id></PrtryAcct></Id></DbtrAcct><Cdtr><Nm>ME</Nm></Cdtr><CdtrAcct><Id><PrtryAcct><Id>23008200170994</Id></PrtryAcct></Id></CdtrAcct><Prtry><Tp>X</Tp><Pty/></Prtry></RltdPties><RmtInf><Strd><AddtlRmtInf>BRIODY L          X                 VIA MOBILE - LVP</AddtlRmtInf></Strd><Strd><AddtlRmtInf>BRIODY L//X</AddtlRmtInf></Strd></RmtInf><RltdDts><TxDtTm>2018-09-11T18:07:19</TxDtTm></RltdDts><AddtlTxInf>24180719577861000N1020180911826603021</AddtlTxInf></TxDtls><AddtlNtryInf>COMPLETE//0000//003//CREDIT</AddtlNtryInf></Ntry><Ntry><Amt Ccy="GBP">26.00</Amt><CdtDbtInd>CRDT</CdtDbtInd><Sts>BOOK</Sts><BookgDt><Dt>2018-09-11</Dt></BookgDt><BkTxCd><Prtry><Cd>SIP UKBA CR 40269</Cd></Prtry></BkTxCd><TxDtls><Refs><EndToEndId>00151070632BBHMVHR</EndToEndId><TxId>00151070632BBHMVHR</TxId></Refs><RltdPties><Dbtr><Nm>EVA LARYEA</Nm></Dbtr><DbtrAcct><Id><PrtryAcct><Id>09012680749384</Id></PrtryAcct></Id></DbtrAcct><Cdtr><Nm>S Sims</Nm></Cdtr><CdtrAcct><Id><PrtryAcct><Id>23008200440658</Id></PrtryAcct></Id></CdtrAcct><Prtry><Tp>GG</Tp><Pty/></Prtry></RltdPties><RmtInf><Strd><AddtlRmtInf>NO REF</AddtlRmtInf></Strd><Strd><AddtlRmtInf>EVA LARYEA//GG</AddtlRmtInf></Strd></RmtInf><RltdDts><TxDtTm>2018-09-11T18:08:35</TxDtTm></RltdDts><AddtlTxInf>00151070632BBHMVHR1020180911826090126</AddtlTxInf></TxDtls><AddtlNtryInf>COMPLETE//0000//003//CREDIT</AddtlNtryInf></Ntry><Ntry><Amt Ccy="GBP">20.00</Amt><CdtDbtInd>CRDT</CdtDbtInd><Sts>BOOK</Sts><BookgDt><Dt>2018-09-11</Dt></BookgDt><BkTxCd><Prtry><Cd>SIP UKBA CR 40269</Cd></Prtry></BkTxCd><TxDtls><Refs><EndToEndId>NOREF</EndToEndId><TxId>RP4659984338262300</TxId></Refs><RltdPties><Dbtr><Nm>NYANDE A</Nm></Dbtr><DbtrAcct><Id><PrtryAcct><Id>20226923719642</Id></PrtryAcct></Id></DbtrAcct><Cdtr><Nm>FLIGHT SCANNER</Nm></Cdtr><CdtrAcct><Id><PrtryAcct><Id>23008200433666</Id></PrtryAcct></Id></CdtrAcct><Prtry><Tp>FLIGHT RESERVATION</Tp><Pty/></Prtry></RltdPties><RmtInf><Strd><AddtlRmtInf>NO REF</AddtlRmtInf></Strd><Strd><AddtlRmtInf>NYANDE A//FLIGHT RESERVATION</AddtlRmtInf></Strd></RmtInf><RltdDts><TxDtTm>2018-09-11T18:20:23</TxDtTm></RltdDts><AddtlTxInf>RP46599843382623001020180911826200026</AddtlTxInf></TxDtls><AddtlNtryInf>COMPLETE//0000//003//CREDIT</AddtlNtryInf></Ntry><Ntry><Amt Ccy="GBP">50.00</Amt><CdtDbtInd>CRDT</CdtDbtInd><Sts>BOOK</Sts><BookgDt><Dt>2018-09-11</Dt></BookgDt><BkTxCd><Prtry><Cd>SIP UKBA CR 40269</Cd></Prtry></BkTxCd><TxDtls><Refs><EndToEndId>NOREF</EndToEndId><TxId>265413101281119001</TxId><Prtry><Tp>STO REF</Tp><Ref>0000</Ref></Prtry></Refs><RltdPties><Dbtr><Nm>Dowling A E</Nm></Dbtr><DbtrAcct><Id><PrtryAcct><Id>40191011417630</Id></PrtryAcct></Id></DbtrAcct><Cdtr><Nm>Justin edginton</Nm></Cdtr><CdtrAcct><Id><PrtryAcct><Id>23008200355021</Id></PrtryAcct></Id></CdtrAcct><Prtry><Tp>Baby xx</Tp><Pty/></Prtry></RltdPties><RmtInf><Strd><AddtlRmtInf>NO REF</AddtlRmtInf></Strd><Strd><AddtlRmtInf>Dowling A E//Baby xx</AddtlRmtInf></Strd></RmtInf><RltdDts><TxDtTm>2018-09-11T18:21:01</TxDtTm></RltdDts><AddtlTxInf>2654131012811190011020180911826401910</AddtlTxInf></TxDtls><AddtlNtryInf>COMPLETE//0000//003//CREDIT</AddtlNtryInf></Ntry><Ntry><Amt Ccy="GBP">200.00</Amt><CdtDbtInd>CRDT</CdtDbtInd><Sts>BOOK</Sts><BookgDt><Dt>2018-09-11</Dt></BookgDt><BkTxCd><Prtry><Cd>DCA UKBA CR 40269</Cd></Prtry></BkTxCd><TxDtls><Refs><EndToEndId>NOREF</EndToEndId><TxId>000000013540594801</TxId><Prtry><Tp>STO REF</Tp><Ref>4988</Ref></Prtry></Refs><RltdPties><Dbtr><Nm>OLAWALE AKINOLA</Nm></Dbtr><DbtrAcct><Id><PrtryAcct><Id>20035373152596</Id></PrtryAcct></Id></DbtrAcct><Cdtr><Nm>WALE NASSER</Nm></Cdtr><CdtrAcct><Id><PrtryAcct><Id>23008200309162</Id></PrtryAcct></Id></CdtrAcct><Prtry><Tp>IDRIS MENDIT</Tp><Pty/></Prtry></RltdPties><RmtInf><Strd><AddtlRmtInf>NO REF</AddtlRmtInf></Strd><Strd><AddtlRmtInf>OLAWALE AKINOLA//IDRIS MENDIT</AddtlRmtInf></Strd></RmtInf><RltdDts><TxDtTm>2018-09-11T18:22:45</TxDtTm></RltdDts><AddtlTxInf>0000000135405948015020180911826200353</AddtlTxInf></TxDtls><AddtlNtryInf>COMPLETE//0000//003//CREDIT</AddtlNtryInf></Ntry><Ntry><Amt Ccy="GBP">2.00</Amt><CdtDbtInd>CRDT</CdtDbtInd><Sts>BOOK</Sts><BookgDt><Dt>2018-09-11</Dt></BookgDt><BkTxCd><Prtry><Cd>DCA UKBA CR 40269</Cd></Prtry></BkTxCd><TxDtls><Refs><EndToEndId>NOREF</EndToEndId><TxId>000000013540568401</TxId><Prtry><Tp>STO REF</Tp><Ref>6607</Ref></Prtry></Refs><RltdPties><Dbtr><Nm>M WATEGHA</Nm></Dbtr><DbtrAcct><Id><PrtryAcct><Id>20035373152596</Id></PrtryAcct></Id></DbtrAcct><Cdtr><Nm>ATTIA WATEGHA</Nm></Cdtr><CdtrAcct><Id><PrtryAcct><Id>23008200313567</Id></PrtryAcct></Id></CdtrAcct><Prtry><Tp>FROM MBEIKEI ARMEL</Tp><Pty/></Prtry></RltdPties><RmtInf><Strd><AddtlRmtInf>NO REF</AddtlRmtInf></Strd><Strd><AddtlRmtInf>M WATEGHA//FROM MBEIKEI ARMEL</AddtlRmtInf></Strd></RmtInf><RltdDts><TxDtTm>2018-09-11T18:22:45</TxDtTm></RltdDts><AddtlTxInf>0000000135405684015020180911826200353</AddtlTxInf></TxDtls><AddtlNtryInf>COMPLETE//0000//003//CREDIT</AddtlNtryInf></Ntry><Ntry><Amt Ccy="GBP">500.00</Amt><CdtDbtInd>CRDT</CdtDbtInd><Sts>BOOK</Sts><BookgDt><Dt>2018-09-11</Dt></BookgDt><BkTxCd><Prtry><Cd>DCA UKBA CR 40269</Cd></Prtry></BkTxCd><TxDtls><Refs><EndToEndId>NOREF</EndToEndId><TxId>000000013540496001</TxId><Prtry><Tp>STO REF</Tp><Ref>4532</Ref></Prtry></Refs><RltdPties><Dbtr><Nm>JONATHAN WANONO</Nm></Dbtr><DbtrAcct><Id><PrtryAcct><Id>20035373152596</Id></PrtryAcct></Id></DbtrAcct><Cdtr><Nm>ELIE MECHOULAM</Nm></Cdtr><CdtrAcct><Id><PrtryAcct><Id>23008200109147</Id></PrtryAcct></Id></CdtrAcct><Prtry><Tp>FROM JONATHAN WANO</Tp><Pty/></Prtry></RltdPties><RmtInf><Strd><AddtlRmtInf>NO REF</AddtlRmtInf></Strd><Strd><AddtlRmtInf>JONATHAN WANONO//FROM JONATHAN WANO</AddtlRmtInf></Strd></RmtInf><RltdDts><TxDtTm>2018-09-11T18:22:47</TxDtTm></RltdDts><AddtlTxInf>0000000135404960015020180911826200353</AddtlTxInf></TxDtls><AddtlNtryInf>COMPLETE//0000//003//CREDIT</AddtlNtryInf></Ntry></Ntfctn></BkToCstmrDbtCdtNtfctnV01></Document>