<?xml version="1.0" encoding="UTF-8"?><Document xmlns:xsi="http://www.w3.org/2001/XMLSchema-instance" xmlns="urn:iso:std:iso:20022:tech:xsd:camt.054.001.01"><BkToCstmrDbtCdtNtfctnV01><GrpHdr><MsgId>80309K//12926</MsgId><CreDtTm>2018-09-16T14:30:00</CreDtTm></GrpHdr><Ntfctn><Id>80309K//12926//1</Id><CreDtTm>2018-09-16T14:30:00</CreDtTm><Acct><Id><PrtryAcct><Id>20594233939774</Id></PrtryAcct></Id><Ccy>GBP</Ccy></Acct><TxsSummry><TtlNtries><NbOfNtries>3</NbOfNtries><Sum>151.25</Sum></TtlNtries><TtlCdtNtries><NbOfNtries>3</NbOfNtries><Sum>151.25</Sum></TtlCdtNtries><TtlDbtNtries><NbOfNtries>0</NbOfNtries><Sum>0.00</Sum></TtlDbtNtries></TxsSummry><Ntry><Amt Ccy="GBP">44.25</Amt><CdtDbtInd>CRDT</CdtDbtInd><Sts>BOOK</Sts><BookgDt><Dt>2018-09-17</Dt></BookgDt><BkTxCd><Prtry><Cd>SIP UKBA CR 40269</Cd></Prtry></BkTxCd><TxDtls><Refs><EndToEndId>SCRAP</EndToEndId><TxId>27140513362495000N</TxId><Prtry><Tp>STO REF</Tp><Ref>0000</Ref></Prtry></Refs><RltdPties><Dbtr><Nm>LEATHERBARROW JD</Nm></Dbtr><DbtrAcct><Id><PrtryAcct><Id>60202137069012</Id></PrtryAcct></Id></DbtrAcct><Cdtr><Nm>NEIL</Nm></Cdtr><CdtrAcct><Id><PrtryAcct><Id>23008200319180</Id></PrtryAcct></Id></CdtrAcct><Prtry><Tp>SCRAP</Tp><Pty/></Prtry></RltdPties><RmtInf><Strd><AddtlRmtInf>LEATHERBARROW JD  SCRAP             VIA MOBILE - LVP</AddtlRmtInf></Strd><Strd><AddtlRmtInf>LEATHERBARROW JD//SCRAP</AddtlRmtInf></Strd></RmtInf><RltdDts><TxDtTm>2018-09-16T14:05:13</TxDtTm></RltdDts><AddtlTxInf>27140513362495000N1020180916826602021</AddtlTxInf></TxDtls><AddtlNtryInf>COMPLETE//0000//003//CREDIT</AddtlNtryInf></Ntry><Ntry><Amt Ccy="GBP">7.00</Amt><CdtDbtInd>CRDT</CdtDbtInd><Sts>BOOK</Sts><BookgDt><Dt>2018-09-17</Dt></BookgDt><BkTxCd><Prtry><Cd>SIP UKBA CR 40269</Cd></Prtry></BkTxCd><TxDtls><Refs><EndToEndId>NOREF</EndToEndId><TxId>300000000392796809</TxId></Refs><RltdPties><Dbtr><Nm>L Williams</Nm></Dbtr><DbtrAcct><Id><PrtryAcct><Id>30939926191568</Id></PrtryAcct></Id></DbtrAcct><Cdtr><Nm>LEVI WILLIAMS</Nm></Cdtr><CdtrAcct><Id><PrtryAcct><Id>23008200117249</Id></PrtryAcct></Id></CdtrAcct></RltdPties><RmtInf><Strd><AddtlRmtInf>NO REF</AddtlRmtInf></Strd><Strd><AddtlRmtInf>L Williams//</AddtlRmtInf></Strd></RmtInf><RltdDts><TxDtTm>2018-09-16T14:19:02</TxDtTm></RltdDts><AddtlTxInf>3000000003927968091020180916826309399</AddtlTxInf></TxDtls><AddtlNtryInf>COMPLETE//0000//003//CREDIT</AddtlNtryInf></Ntry><Ntry><Amt Ccy="GBP">100.00</Amt><CdtDbtInd>CRDT</CdtDbtInd><Sts>BOOK</Sts><BookgDt><Dt>2018-09-17</Dt></BookgDt><BkTxCd><Prtry><Cd>SIP UKBA CR 40269</Cd></Prtry></BkTxCd><TxDtls><Refs><EndToEndId>00151222632BBFMPGR</EndToEndId><TxId>00151222632BBFMPGR</TxId></Refs><RltdPties><Dbtr><Nm>DAVID EXALL</Nm></Dbtr><DbtrAcct><Id><PrtryAcct><Id>09012879006223</Id></PrtryAcct></Id></DbtrAcct><Cdtr><Nm>JOANNE EXALL</Nm></Cdtr><CdtrAcct><Id><PrtryAcct><Id>23008200381907</Id></PrtryAcct></Id></CdtrAcct><Prtry><Tp>Dave1</Tp><Pty/></Prtry></RltdPties><RmtInf><Strd><AddtlRmtInf>NO REF</AddtlRmtInf></Strd><Strd><AddtlRmtInf>DAVID EXALL//Dave1</AddtlRmtInf></Strd></RmtInf><RltdDts><TxDtTm>2018-09-16T14:26:46</TxDtTm></RltdDts><AddtlTxInf>00151222632BBFMPGR1020180916826090128</AddtlTxInf></TxDtls><AddtlNtryInf>COMPLETE//0000//003//CREDIT</AddtlNtryInf></Ntry></Ntfctn></BkToCstmrDbtCdtNtfctnV01></Document>