<?xml version="1.0" encoding="UTF-8"?><Document xmlns:xsi="http://www.w3.org/2001/XMLSchema-instance" xmlns="urn:iso:std:iso:20022:tech:xsd:camt.054.001.01"><BkToCstmrDbtCdtNtfctnV01><GrpHdr><MsgId>80309K//13118</MsgId><CreDtTm>2018-09-20T22:30:00</CreDtTm></GrpHdr><Ntfctn><Id>80309K//13118//1</Id><CreDtTm>2018-09-20T22:30:00</CreDtTm><Acct><Id><PrtryAcct><Id>20594233939774</Id></PrtryAcct></Id><Ccy>GBP</Ccy></Acct><TxsSummry><TtlNtries><NbOfNtries>2</NbOfNtries><Sum>430.00</Sum></TtlNtries><TtlCdtNtries><NbOfNtries>2</NbOfNtries><Sum>430.00</Sum></TtlCdtNtries><TtlDbtNtries><NbOfNtries>0</NbOfNtries><Sum>0.00</Sum></TtlDbtNtries></TxsSummry><Ntry><Amt Ccy="GBP">215.00</Amt><CdtDbtInd>CRDT</CdtDbtInd><Sts>BOOK</Sts><BookgDt><Dt>2018-09-21</Dt></BookgDt><BkTxCd><Prtry><Cd>SIP UKBA CR 40269</Cd></Prtry></BkTxCd><TxDtls><Refs><EndToEndId>NOREF</EndToEndId><TxId>100000000388785625</TxId></Refs><RltdPties><Dbtr><Nm>K Green</Nm></Dbtr><DbtrAcct><Id><PrtryAcct><Id>11000107179072</Id></PrtryAcct></Id></DbtrAcct><Cdtr><Nm>PAUL JONES</Nm></Cdtr><CdtrAcct><Id><PrtryAcct><Id>23008200457201</Id></PrtryAcct></Id></CdtrAcct><Prtry><Tp>KAREN GREEN</Tp><Pty/></Prtry></RltdPties><RmtInf><Strd><AddtlRmtInf>NO REF</AddtlRmtInf></Strd><Strd><AddtlRmtInf>K Green//KAREN GREEN</AddtlRmtInf></Strd></RmtInf><RltdDts><TxDtTm>2018-09-20T22:06:52</TxDtTm></RltdDts><AddtlTxInf>1000000003887856251020180920826110001</AddtlTxInf></TxDtls><AddtlNtryInf>COMPLETE//0000//003//CREDIT</AddtlNtryInf></Ntry><Ntry><Amt Ccy="GBP">215.00</Amt><CdtDbtInd>CRDT</CdtDbtInd><Sts>BOOK</Sts><BookgDt><Dt>2018-09-21</Dt></BookgDt><BkTxCd><Prtry><Cd>SIP UKBA CR 40269</Cd></Prtry></BkTxCd><TxDtls><Refs><EndToEndId>NOREF</EndToEndId><TxId>500000000390443703</TxId></Refs><RltdPties><Dbtr><Nm>J Skjold</Nm></Dbtr><DbtrAcct><Id><PrtryAcct><Id>11068301420030</Id></PrtryAcct></Id></DbtrAcct><Cdtr><Nm>PAUL JONES</Nm></Cdtr><CdtrAcct><Id><PrtryAcct><Id>23008200457201</Id></PrtryAcct></Id></CdtrAcct><Prtry><Tp>JOANNE SKJOLD</Tp><Pty/></Prtry></RltdPties><RmtInf><Strd><AddtlRmtInf>NO REF</AddtlRmtInf></Strd><Strd><AddtlRmtInf>J Skjold//JOANNE SKJOLD</AddtlRmtInf></Strd></RmtInf><RltdDts><TxDtTm>2018-09-20T22:11:39</TxDtTm></RltdDts><AddtlTxInf>5000000003904437031020180920826110683</AddtlTxInf></TxDtls><AddtlNtryInf>COMPLETE//0000//003//CREDIT</AddtlNtryInf></Ntry></Ntfctn></BkToCstmrDbtCdtNtfctnV01></Document>