<?xml version="1.0" encoding="UTF-8"?><Document xmlns:xsi="http://www.w3.org/2001/XMLSchema-instance" xmlns="urn:iso:std:iso:20022:tech:xsd:camt.054.001.01"><BkToCstmrDbtCdtNtfctnV01><GrpHdr><MsgId>80309K//13177</MsgId><CreDtTm>2018-09-22T09:00:00</CreDtTm></GrpHdr><Ntfctn><Id>80309K//13177//1</Id><CreDtTm>2018-09-22T09:00:00</CreDtTm><Acct><Id><PrtryAcct><Id>20594233939774</Id></PrtryAcct></Id><Ccy>GBP</Ccy></Acct><TxsSummry><TtlNtries><NbOfNtries>2</NbOfNtries><Sum>350.00</Sum></TtlNtries><TtlCdtNtries><NbOfNtries>2</NbOfNtries><Sum>350.00</Sum></TtlCdtNtries><TtlDbtNtries><NbOfNtries>0</NbOfNtries><Sum>0.00</Sum></TtlDbtNtries></TxsSummry><Ntry><Amt Ccy="GBP">340.00</Amt><CdtDbtInd>CRDT</CdtDbtInd><Sts>BOOK</Sts><BookgDt><Dt>2018-09-24</Dt></BookgDt><BkTxCd><Prtry><Cd>SIP UKBA CR 40269</Cd></Prtry></BkTxCd><TxDtls><Refs><EndToEndId>NOREF</EndToEndId><TxId>RP4679961966929400</TxId></Refs><RltdPties><Dbtr><Nm>OLAWOLE O</Nm></Dbtr><DbtrAcct><Id><PrtryAcct><Id>20574413111105</Id></PrtryAcct></Id></DbtrAcct><Cdtr><Nm>OLAWALE BETIKU</Nm></Cdtr><CdtrAcct><Id><PrtryAcct><Id>23008200037283</Id></PrtryAcct></Id></CdtrAcct><Prtry><Tp>ACERPC</Tp><Pty/></Prtry></RltdPties><RmtInf><Strd><AddtlRmtInf>NO REF</AddtlRmtInf></Strd><Strd><AddtlRmtInf>OLAWOLE O//ACERPC</AddtlRmtInf></Strd></RmtInf><RltdDts><TxDtTm>2018-09-22T08:34:17</TxDtTm></RltdDts><AddtlTxInf>RP46799619669294001020180922826200026</AddtlTxInf></TxDtls><AddtlNtryInf>COMPLETE//0000//003//CREDIT</AddtlNtryInf></Ntry><Ntry><Amt Ccy="GBP">10.00</Amt><CdtDbtInd>CRDT</CdtDbtInd><Sts>BOOK</Sts><BookgDt><Dt>2018-09-24</Dt></BookgDt><BkTxCd><Prtry><Cd>SIP UKBA CR 40269</Cd></Prtry></BkTxCd><TxDtls><Refs><EndToEndId>00151179632BBFSFKM</EndToEndId><TxId>00151179632BBFSFKM</TxId></Refs><RltdPties><Dbtr><Nm>IFE-OLUWA JOHNSON</Nm></Dbtr><DbtrAcct><Id><PrtryAcct><Id>09012909170388</Id></PrtryAcct></Id></DbtrAcct><Cdtr><Nm>Samuel</Nm></Cdtr><CdtrAcct><Id><PrtryAcct><Id>23008200173909</Id></PrtryAcct></Id></CdtrAcct><Prtry><Tp>money</Tp><Pty/></Prtry></RltdPties><RmtInf><Strd><AddtlRmtInf>NO REF</AddtlRmtInf></Strd><Strd><AddtlRmtInf>IFE-OLUWA JOHNSON//money</AddtlRmtInf></Strd></RmtInf><RltdDts><TxDtTm>2018-09-22T08:50:53</TxDtTm></RltdDts><AddtlTxInf>00151179632BBFSFKM1020180922826090129</AddtlTxInf></TxDtls><AddtlNtryInf>COMPLETE//0000//003//CREDIT</AddtlNtryInf></Ntry></Ntfctn></BkToCstmrDbtCdtNtfctnV01></Document>