<?xml version="1.0" encoding="UTF-8"?><Document xmlns:xsi="http://www.w3.org/2001/XMLSchema-instance" xmlns="urn:iso:std:iso:20022:tech:xsd:camt.054.001.01"><BkToCstmrDbtCdtNtfctnV01><GrpHdr><MsgId>80309K//12292</MsgId><CreDtTm>2018-09-01T21:00:00</CreDtTm></GrpHdr><Ntfctn><Id>80309K//12292//1</Id><CreDtTm>2018-09-01T21:00:00</CreDtTm><Acct><Id><PrtryAcct><Id>20594233939774</Id></PrtryAcct></Id><Ccy>GBP</Ccy></Acct><TxsSummry><TtlNtries><NbOfNtries>5</NbOfNtries><Sum>184.30</Sum></TtlNtries><TtlCdtNtries><NbOfNtries>5</NbOfNtries><Sum>184.30</Sum></TtlCdtNtries><TtlDbtNtries><NbOfNtries>0</NbOfNtries><Sum>0.00</Sum></TtlDbtNtries></TxsSummry><Ntry><Amt Ccy="GBP">10.00</Amt><CdtDbtInd>CRDT</CdtDbtInd><Sts>BOOK</Sts><BookgDt><Dt>2018-09-03</Dt></BookgDt><BkTxCd><Prtry><Cd>SIP UKBA CR 40269</Cd></Prtry></BkTxCd><TxDtls><Refs><EndToEndId>NOREF</EndToEndId><TxId>RP4659983639283300</TxId></Refs><RltdPties><Dbtr><Nm>BROMFIELD TL</Nm></Dbtr><DbtrAcct><Id><PrtryAcct><Id>20252920517623</Id></PrtryAcct></Id></DbtrAcct><Cdtr><Nm>KAT</Nm></Cdtr><CdtrAcct><Id><PrtryAcct><Id>23008200081546</Id></PrtryAcct></Id></CdtrAcct><Prtry><Tp>KITTEN</Tp><Pty/></Prtry></RltdPties><RmtInf><Strd><AddtlRmtInf>NO REF</AddtlRmtInf></Strd><Strd><AddtlRmtInf>BROMFIELD TL//KITTEN</AddtlRmtInf></Strd></RmtInf><RltdDts><TxDtTm>2018-09-01T20:44:22</TxDtTm></RltdDts><AddtlTxInf>RP46599836392833001020180901826200026</AddtlTxInf></TxDtls><AddtlNtryInf>COMPLETE//0000//003//CREDIT</AddtlNtryInf></Ntry><Ntry><Amt Ccy="GBP">5.30</Amt><CdtDbtInd>CRDT</CdtDbtInd><Sts>BOOK</Sts><BookgDt><Dt>2018-09-03</Dt></BookgDt><BkTxCd><Prtry><Cd>SIP UKBA CR 40269</Cd></Prtry></BkTxCd><TxDtls><Refs><EndToEndId>NOREF</EndToEndId><TxId>400000000389562334</TxId></Refs><RltdPties><Dbtr><Nm>S Glew</Nm></Dbtr><DbtrAcct><Id><PrtryAcct><Id>11079800215623</Id></PrtryAcct></Id></DbtrAcct><Cdtr><Nm>MR S GLEW</Nm></Cdtr><CdtrAcct><Id><PrtryAcct><Id>23008200401146</Id></PrtryAcct></Id></CdtrAcct><Prtry><Tp>PAY NEW ACCOUNT</Tp><Pty/></Prtry></RltdPties><RmtInf><Strd><AddtlRmtInf>NO REF</AddtlRmtInf></Strd><Strd><AddtlRmtInf>S Glew//PAY NEW ACCOUNT</AddtlRmtInf></Strd></RmtInf><RltdDts><TxDtTm>2018-09-01T20:44:34</TxDtTm></RltdDts><AddtlTxInf>4000000003895623341020180901826110798</AddtlTxInf></TxDtls><AddtlNtryInf>COMPLETE//0000//003//CREDIT</AddtlNtryInf></Ntry><Ntry><Amt Ccy="GBP">20.00</Amt><CdtDbtInd>CRDT</CdtDbtInd><Sts>BOOK</Sts><BookgDt><Dt>2018-09-03</Dt></BookgDt><BkTxCd><Prtry><Cd>SIP UKBA CR 40269</Cd></Prtry></BkTxCd><TxDtls><Refs><EndToEndId>NOREF</EndToEndId><TxId>511171250502109001</TxId><Prtry><Tp>STO REF</Tp><Ref>0000</Ref></Prtry></Refs><RltdPties><Dbtr><Nm>ALESSANDRO L</Nm></Dbtr><DbtrAcct><Id><PrtryAcct><Id>40090094515056</Id></PrtryAcct></Id></DbtrAcct><Cdtr><Nm>Lisa</Nm></Cdtr><CdtrAcct><Id><PrtryAcct><Id>23008200190699</Id></PrtryAcct></Id></CdtrAcct><Prtry><Tp>Mobey</Tp><Pty/></Prtry></RltdPties><RmtInf><Strd><AddtlRmtInf>NO REF</AddtlRmtInf></Strd><Strd><AddtlRmtInf>ALESSANDRO L//Mobey</AddtlRmtInf></Strd></RmtInf><RltdDts><TxDtTm>2018-09-01T20:50:52</TxDtTm></RltdDts><AddtlTxInf>5111712505021090011020180901826400900</AddtlTxInf></TxDtls><AddtlNtryInf>COMPLETE//0000//003//CREDIT</AddtlNtryInf></Ntry><Ntry><Amt Ccy="GBP">115.00</Amt><CdtDbtInd>CRDT</CdtDbtInd><Sts>BOOK</Sts><BookgDt><Dt>2018-09-03</Dt></BookgDt><BkTxCd><Prtry><Cd>DCA UKBA CR 40269</Cd></Prtry></BkTxCd><TxDtls><Refs><EndToEndId>NOREF</EndToEndId><TxId>000000013445169201</TxId><Prtry><Tp>STO REF</Tp><Ref>6579</Ref></Prtry></Refs><RltdPties><Dbtr><Nm>MILAN ISTANEK</Nm></Dbtr><DbtrAcct><Id><PrtryAcct><Id>20035373152596</Id></PrtryAcct></Id></DbtrAcct><Cdtr><Nm>PETER TATAR</Nm></Cdtr><CdtrAcct><Id><PrtryAcct><Id>23008200171289</Id></PrtryAcct></Id></CdtrAcct><Prtry><Tp>PETER TATAR</Tp><Pty/></Prtry></RltdPties><RmtInf><Strd><AddtlRmtInf>NO REF</AddtlRmtInf></Strd><Strd><AddtlRmtInf>MILAN ISTANEK//PETER TATAR</AddtlRmtInf></Strd></RmtInf><RltdDts><TxDtTm>2018-09-01T20:52:46</TxDtTm></RltdDts><AddtlTxInf>0000000134451692015020180901826200353</AddtlTxInf></TxDtls><AddtlNtryInf>COMPLETE//0000//003//CREDIT</AddtlNtryInf></Ntry><Ntry><Amt Ccy="GBP">34.00</Amt><CdtDbtInd>CRDT</CdtDbtInd><Sts>BOOK</Sts><BookgDt><Dt>2018-09-03</Dt></BookgDt><BkTxCd><Prtry><Cd>SIP UKBA CR 40269</Cd></Prtry></BkTxCd><TxDtls><Refs><EndToEndId>NOREF</EndToEndId><TxId>RP4659983639804700</TxId></Refs><RltdPties><Dbtr><Nm>KAHN S</Nm></Dbtr><DbtrAcct><Id><PrtryAcct><Id>20592303257010</Id></PrtryAcct></Id></DbtrAcct><Cdtr><Nm>S. KAHN</Nm></Cdtr><CdtrAcct><Id><PrtryAcct><Id>23008200056693</Id></PrtryAcct></Id></CdtrAcct><Prtry><Tp>CREDIT CARD</Tp><Pty/></Prtry></RltdPties><RmtInf><Strd><AddtlRmtInf>NO REF</AddtlRmtInf></Strd><Strd><AddtlRmtInf>KAHN S//CREDIT CARD</AddtlRmtInf></Strd></RmtInf><RltdDts><TxDtTm>2018-09-01T20:56:44</TxDtTm></RltdDts><AddtlTxInf>RP46599836398047001020180901826200026</AddtlTxInf></TxDtls><AddtlNtryInf>COMPLETE//0000//003//CREDIT</AddtlNtryInf></Ntry></Ntfctn></BkToCstmrDbtCdtNtfctnV01></Document>