<?xml version="1.0" encoding="UTF-8"?><Document xmlns:xsi="http://www.w3.org/2001/XMLSchema-instance" xmlns="urn:iso:std:iso:20022:tech:xsd:camt.054.001.01"><BkToCstmrDbtCdtNtfctnV01><GrpHdr><MsgId>80309K//12880</MsgId><CreDtTm>2018-09-15T11:30:00</CreDtTm></GrpHdr><Ntfctn><Id>80309K//12880//1</Id><CreDtTm>2018-09-15T11:30:00</CreDtTm><Acct><Id><PrtryAcct><Id>20594233939774</Id></PrtryAcct></Id><Ccy>GBP</Ccy></Acct><TxsSummry><TtlNtries><NbOfNtries>6</NbOfNtries><Sum>271.03</Sum></TtlNtries><TtlCdtNtries><NbOfNtries>6</NbOfNtries><Sum>271.03</Sum></TtlCdtNtries><TtlDbtNtries><NbOfNtries>0</NbOfNtries><Sum>0.00</Sum></TtlDbtNtries></TxsSummry><Ntry><Amt Ccy="GBP">89.95</Amt><CdtDbtInd>CRDT</CdtDbtInd><Sts>BOOK</Sts><BookgDt><Dt>2018-09-17</Dt></BookgDt><BkTxCd><Prtry><Cd>SIP UKBA CR 40269</Cd></Prtry></BkTxCd><TxDtls><Refs><EndToEndId>NOREF</EndToEndId><TxId>FP18258O00071235</TxId></Refs><RltdPties><Dbtr><Nm>Da Silva Carvalho Barbara</Nm></Dbtr><DbtrAcct><Id><PrtryAcct><Id>07043641125658</Id></PrtryAcct></Id></DbtrAcct><Cdtr><Nm>SEMJONOV LTD</Nm></Cdtr><CdtrAcct><Id><PrtryAcct><Id>23008200033684</Id></PrtryAcct></Id></CdtrAcct><Prtry><Tp>INVOICE 04865</Tp><Pty/></Prtry></RltdPties><RmtInf><Strd><AddtlRmtInf>NO REF</AddtlRmtInf></Strd><Strd><AddtlRmtInf>Da Silva Carvalho //INVOICE 04865</AddtlRmtInf></Strd></RmtInf><RltdDts><TxDtTm>2018-09-15T11:02:10</TxDtTm></RltdDts><AddtlTxInf>FP18258O00071235  1020180915826070436</AddtlTxInf></TxDtls><AddtlNtryInf>COMPLETE//0000//003//CREDIT</AddtlNtryInf></Ntry><Ntry><Amt Ccy="GBP">100.22</Amt><CdtDbtInd>CRDT</CdtDbtInd><Sts>BOOK</Sts><BookgDt><Dt>2018-09-17</Dt></BookgDt><BkTxCd><Prtry><Cd>SIP UKBA CR 40269</Cd></Prtry></BkTxCd><TxDtls><Refs><EndToEndId>NOREF</EndToEndId><TxId>RP4659984604923100</TxId></Refs><RltdPties><Dbtr><Nm>USEDCAR4LESS LTD</Nm></Dbtr><DbtrAcct><Id><PrtryAcct><Id>20184713818381</Id></PrtryAcct></Id></DbtrAcct><Cdtr><Nm>HILL SIDE GARAGE B</Nm></Cdtr><CdtrAcct><Id><PrtryAcct><Id>23008200043324</Id></PrtryAcct></Id></CdtrAcct><Prtry><Tp>PASSAT</Tp><Pty/></Prtry></RltdPties><RmtInf><Strd><AddtlRmtInf>NO REF</AddtlRmtInf></Strd><Strd><AddtlRmtInf>USEDCAR4LESS LTD//PASSAT</AddtlRmtInf></Strd></RmtInf><RltdDts><TxDtTm>2018-09-15T11:07:26</TxDtTm></RltdDts><AddtlTxInf>RP46599846049231001020180915826200026</AddtlTxInf></TxDtls><AddtlNtryInf>COMPLETE//0000//003//CREDIT</AddtlNtryInf></Ntry><Ntry><Amt Ccy="GBP">25.84</Amt><CdtDbtInd>CRDT</CdtDbtInd><Sts>BOOK</Sts><BookgDt><Dt>2018-09-17</Dt></BookgDt><BkTxCd><Prtry><Cd>SIP UKBA CR 40269</Cd></Prtry></BkTxCd><TxDtls><Refs><EndToEndId>NOREF</EndToEndId><TxId>RP4659984605300400</TxId></Refs><RltdPties><Dbtr><Nm>USEDCAR4LESS LTD</Nm></Dbtr><DbtrAcct><Id><PrtryAcct><Id>20184713818381</Id></PrtryAcct></Id></DbtrAcct><Cdtr><Nm>HILL SIDE GARAGE B</Nm></Cdtr><CdtrAcct><Id><PrtryAcct><Id>23008200043324</Id></PrtryAcct></Id></CdtrAcct><Prtry><Tp>LD64LKG</Tp><Pty/></Prtry></RltdPties><RmtInf><Strd><AddtlRmtInf>NO REF</AddtlRmtInf></Strd><Strd><AddtlRmtInf>USEDCAR4LESS LTD//LD64LKG</AddtlRmtInf></Strd></RmtInf><RltdDts><TxDtTm>2018-09-15T11:12:11</TxDtTm></RltdDts><AddtlTxInf>RP46599846053004001020180915826200026</AddtlTxInf></TxDtls><AddtlNtryInf>COMPLETE//0000//003//CREDIT</AddtlNtryInf></Ntry><Ntry><Amt Ccy="GBP">55.00</Amt><CdtDbtInd>CRDT</CdtDbtInd><Sts>BOOK</Sts><BookgDt><Dt>2018-09-17</Dt></BookgDt><BkTxCd><Prtry><Cd>SIP UKBA CR 40269</Cd></Prtry></BkTxCd><TxDtls><Refs><EndToEndId>00151698632BBFJVKT</EndToEndId><TxId>00151698632BBFJVKT</TxId></Refs><RltdPties><Dbtr><Nm>GERARD MELI</Nm></Dbtr><DbtrAcct><Id><PrtryAcct><Id>09012703859724</Id></PrtryAcct></Id></DbtrAcct><Cdtr><Nm>MR J SMITH</Nm></Cdtr><CdtrAcct><Id><PrtryAcct><Id>23008200176734</Id></PrtryAcct></Id></CdtrAcct><Prtry><Tp>work</Tp><Pty/></Prtry></RltdPties><RmtInf><Strd><AddtlRmtInf>NO REF</AddtlRmtInf></Strd><Strd><AddtlRmtInf>GERARD MELI//work</AddtlRmtInf></Strd></RmtInf><RltdDts><TxDtTm>2018-09-15T11:14:00</TxDtTm></RltdDts><AddtlTxInf>00151698632BBFJVKT1020180915826090127</AddtlTxInf></TxDtls><AddtlNtryInf>COMPLETE//0000//003//CREDIT</AddtlNtryInf></Ntry><Ntry><Amt Ccy="GBP">0.01</Amt><CdtDbtInd>CRDT</CdtDbtInd><Sts>BOOK</Sts><BookgDt><Dt>2018-09-17</Dt></BookgDt><BkTxCd><Prtry><Cd>SIP UKBA CR 40269</Cd></Prtry></BkTxCd><TxDtls><Refs><EndToEndId>PPRD00000000ANHSVO</EndToEndId><TxId>PPRD00000000ANHSVO</TxId></Refs><RltdPties><Dbtr><Nm>PAYPAL CODE 7178</Nm><PstlAdr><AdrLine>2211 N 1st Street San Jose CA 95131</AdrLine><Ctry/></PstlAdr></Dbtr><DbtrAcct><Id><PrtryAcct><Id>23526285010101</Id></PrtryAcct></Id></DbtrAcct><Cdtr><Nm>David Smith</Nm><PstlAdr><AdrLine>33 Moor Lane</AdrLine><Ctry/></PstlAdr></Cdtr><CdtrAcct><Id><PrtryAcct><Id>23008200440616</Id></PrtryAcct></Id></CdtrAcct><Prtry><Tp>PAYPAL CODE 7178</Tp><Pty/></Prtry></RltdPties><RmtInf><Strd><RfrdDocInf><RfrdDocTp><Prtry>002</Prtry></RfrdDocTp></RfrdDocInf><AddtlRmtInf>NO REF</AddtlRmtInf></Strd><Strd><AddtlRmtInf>PAYPAL CODE 7178//PAYPAL CODE 7178</AddtlRmtInf></Strd></RmtInf><RltdDts><TxDtTm>2018-09-15T11:22:37</TxDtTm></RltdDts><AddtlTxInf>PPRD00000000ANHSVO1020180915826235262</AddtlTxInf></TxDtls><AddtlNtryInf>COMPLETE//0000//003//CREDIT</AddtlNtryInf></Ntry><Ntry><Amt Ccy="GBP">0.01</Amt><CdtDbtInd>CRDT</CdtDbtInd><Sts>BOOK</Sts><BookgDt><Dt>2018-09-17</Dt></BookgDt><BkTxCd><Prtry><Cd>SIP UKBA CR 40269</Cd></Prtry></BkTxCd><TxDtls><Refs><EndToEndId>PPRD00000000ANHTOS</EndToEndId><TxId>PPRD00000000ANHTOS</TxId></Refs><RltdPties><Dbtr><Nm>PAYPAL CODE 7178</Nm><PstlAdr><AdrLine>2211 N 1st Street San Jose CA 95131</AdrLine><Ctry/></PstlAdr></Dbtr><DbtrAcct><Id><PrtryAcct><Id>23526285010101</Id></PrtryAcct></Id></DbtrAcct><Cdtr><Nm>David Smith</Nm><PstlAdr><AdrLine>33 Moor Lane</AdrLine><Ctry/></PstlAdr></Cdtr><CdtrAcct><Id><PrtryAcct><Id>23008200440616</Id></PrtryAcct></Id></CdtrAcct><Prtry><Tp>PAYPAL CODE 7178</Tp><Pty/></Prtry></RltdPties><RmtInf><Strd><RfrdDocInf><RfrdDocTp><Prtry>002</Prtry></RfrdDocTp></RfrdDocInf><AddtlRmtInf>NO REF</AddtlRmtInf></Strd><Strd><AddtlRmtInf>PAYPAL CODE 7178//PAYPAL CODE 7178</AddtlRmtInf></Strd></RmtInf><RltdDts><TxDtTm>2018-09-15T11:25:04</TxDtTm></RltdDts><AddtlTxInf>PPRD00000000ANHTOS1020180915826235262</AddtlTxInf></TxDtls><AddtlNtryInf>COMPLETE//0000//003//CREDIT</AddtlNtryInf></Ntry></Ntfctn></BkToCstmrDbtCdtNtfctnV01></Document>