<?xml version="1.0" encoding="UTF-8"?><Document xmlns:xsi="http://www.w3.org/2001/XMLSchema-instance" xmlns="urn:iso:std:iso:20022:tech:xsd:camt.054.001.01"><BkToCstmrDbtCdtNtfctnV01><GrpHdr><MsgId>80309K//12612</MsgId><CreDtTm>2018-09-09T01:30:00</CreDtTm></GrpHdr><Ntfctn><Id>80309K//12612//1</Id><CreDtTm>2018-09-09T01:30:00</CreDtTm><Acct><Id><PrtryAcct><Id>20594233939774</Id></PrtryAcct></Id><Ccy>GBP</Ccy></Acct><TxsSummry><TtlNtries><NbOfNtries>2</NbOfNtries><Sum>0.16</Sum></TtlNtries><TtlCdtNtries><NbOfNtries>2</NbOfNtries><Sum>0.16</Sum></TtlCdtNtries><TtlDbtNtries><NbOfNtries>0</NbOfNtries><Sum>0.00</Sum></TtlDbtNtries></TxsSummry><Ntry><Amt Ccy="GBP">0.01</Amt><CdtDbtInd>CRDT</CdtDbtInd><Sts>BOOK</Sts><BookgDt><Dt>2018-09-10</Dt></BookgDt><BkTxCd><Prtry><Cd>SIP UKBA CR 40269</Cd></Prtry></BkTxCd><TxDtls><Refs><EndToEndId>PPRD00000000ALVXDY</EndToEndId><TxId>PPRD00000000ALVXDY</TxId></Refs><RltdPties><Dbtr><Nm>PAYPAL CODE 2017</Nm><PstlAdr><AdrLine>2211 N 1st Street San Jose CA 95131</AdrLine><Ctry/></PstlAdr></Dbtr><DbtrAcct><Id><PrtryAcct><Id>23526285010101</Id></PrtryAcct></Id></DbtrAcct><Cdtr><Nm>Maureen Dol</Nm><PstlAdr><AdrLine>604 Edinburgh Road</AdrLine><Ctry/></PstlAdr></Cdtr><CdtrAcct><Id><PrtryAcct><Id>23008200426219</Id></PrtryAcct></Id></CdtrAcct><Prtry><Tp>PAYPAL CODE 2017</Tp><Pty/></Prtry></RltdPties><RmtInf><Strd><RfrdDocInf><RfrdDocTp><Prtry>002</Prtry></RfrdDocTp></RfrdDocInf><AddtlRmtInf>NO REF</AddtlRmtInf></Strd><Strd><AddtlRmtInf>PAYPAL CODE 2017//PAYPAL CODE 2017</AddtlRmtInf></Strd></RmtInf><RltdDts><TxDtTm>2018-09-09T01:01:33</TxDtTm></RltdDts><AddtlTxInf>PPRD00000000ALVXDY1020180909826235262</AddtlTxInf></TxDtls><AddtlNtryInf>COMPLETE//0000//003//CREDIT</AddtlNtryInf></Ntry><Ntry><Amt Ccy="GBP">0.15</Amt><CdtDbtInd>CRDT</CdtDbtInd><Sts>BOOK</Sts><BookgDt><Dt>2018-09-10</Dt></BookgDt><BkTxCd><Prtry><Cd>SIP UKBA CR 40269</Cd></Prtry></BkTxCd><TxDtls><Refs><EndToEndId>NOREF</EndToEndId><TxId>FP18252O15147944</TxId></Refs><RltdPties><Dbtr><Nm>Duncan John</Nm></Dbtr><DbtrAcct><Id><PrtryAcct><Id>07043641639546</Id></PrtryAcct></Id></DbtrAcct><Cdtr><Nm>PHIL</Nm></Cdtr><CdtrAcct><Id><PrtryAcct><Id>23008200042621</Id></PrtryAcct></Id></CdtrAcct><Prtry><Tp>CASH</Tp><Pty/></Prtry></RltdPties><RmtInf><Strd><AddtlRmtInf>NO REF</AddtlRmtInf></Strd><Strd><AddtlRmtInf>Duncan John//CASH</AddtlRmtInf></Strd></RmtInf><RltdDts><TxDtTm>2018-09-09T01:08:06</TxDtTm></RltdDts><AddtlTxInf>FP18252O15147944  1020180909826070436</AddtlTxInf></TxDtls><AddtlNtryInf>COMPLETE//0000//003//CREDIT</AddtlNtryInf></Ntry></Ntfctn></BkToCstmrDbtCdtNtfctnV01></Document>