<?xml version="1.0" encoding="UTF-8"?><Document xmlns:xsi="http://www.w3.org/2001/XMLSchema-instance" xmlns="urn:iso:std:iso:20022:tech:xsd:camt.054.001.01"><BkToCstmrDbtCdtNtfctnV01><GrpHdr><MsgId>80309K//12302</MsgId><CreDtTm>2018-09-02T02:00:00</CreDtTm></GrpHdr><Ntfctn><Id>80309K//12302//1</Id><CreDtTm>2018-09-02T02:00:00</CreDtTm><Acct><Id><PrtryAcct><Id>20594233939774</Id></PrtryAcct></Id><Ccy>GBP</Ccy></Acct><TxsSummry><TtlNtries><NbOfNtries>2</NbOfNtries><Sum>45.00</Sum></TtlNtries><TtlCdtNtries><NbOfNtries>2</NbOfNtries><Sum>45.00</Sum></TtlCdtNtries><TtlDbtNtries><NbOfNtries>0</NbOfNtries><Sum>0.00</Sum></TtlDbtNtries></TxsSummry><Ntry><Amt Ccy="GBP">40.00</Amt><CdtDbtInd>CRDT</CdtDbtInd><Sts>BOOK</Sts><BookgDt><Dt>2018-09-03</Dt></BookgDt><BkTxCd><Prtry><Cd>SIP UKBA CR 40269</Cd></Prtry></BkTxCd><TxDtls><Refs><EndToEndId>NOREF</EndToEndId><TxId>RP4679960374060000</TxId></Refs><RltdPties><Dbtr><Nm>KWASNIEWSKI P</Nm></Dbtr><DbtrAcct><Id><PrtryAcct><Id>20246443348458</Id></PrtryAcct></Id></DbtrAcct><Cdtr><Nm>PRINCE SCHULZ</Nm></Cdtr><CdtrAcct><Id><PrtryAcct><Id>23008200352172</Id></PrtryAcct></Id></CdtrAcct><Prtry><Tp>BABY DADDY NEW</Tp><Pty/></Prtry></RltdPties><RmtInf><Strd><AddtlRmtInf>NO REF</AddtlRmtInf></Strd><Strd><AddtlRmtInf>KWASNIEWSKI P//BABY DADDY NEW</AddtlRmtInf></Strd></RmtInf><RltdDts><TxDtTm>2018-09-02T01:35:50</TxDtTm></RltdDts><AddtlTxInf>RP46799603740600001020180902826200026</AddtlTxInf></TxDtls><AddtlNtryInf>COMPLETE//0000//003//CREDIT</AddtlNtryInf></Ntry><Ntry><Amt Ccy="GBP">5.00</Amt><CdtDbtInd>CRDT</CdtDbtInd><Sts>BOOK</Sts><BookgDt><Dt>2018-09-03</Dt></BookgDt><BkTxCd><Prtry><Cd>SIP UKBA CR 40269</Cd></Prtry></BkTxCd><TxDtls><Refs><EndToEndId>NOREF</EndToEndId><TxId>500000000384789960</TxId></Refs><RltdPties><Dbtr><Nm>O Adebayo</Nm></Dbtr><DbtrAcct><Id><PrtryAcct><Id>30987178768068</Id></PrtryAcct></Id></DbtrAcct><Cdtr><Nm>E WARD</Nm></Cdtr><CdtrAcct><Id><PrtryAcct><Id>23008200426415</Id></PrtryAcct></Id></CdtrAcct><Prtry><Tp>ticket</Tp><Pty/></Prtry></RltdPties><RmtInf><Strd><AddtlRmtInf>NO REF</AddtlRmtInf></Strd><Strd><AddtlRmtInf>O Adebayo//ticket</AddtlRmtInf></Strd></RmtInf><RltdDts><TxDtTm>2018-09-02T01:54:56</TxDtTm></RltdDts><AddtlTxInf>5000000003847899601020180902826309871</AddtlTxInf></TxDtls><AddtlNtryInf>COMPLETE//0000//003//CREDIT</AddtlNtryInf></Ntry></Ntfctn></BkToCstmrDbtCdtNtfctnV01></Document>