<?xml version="1.0" encoding="UTF-8"?><Document xmlns:xsi="http://www.w3.org/2001/XMLSchema-instance" xmlns="urn:iso:std:iso:20022:tech:xsd:camt.054.001.01"><BkToCstmrDbtCdtNtfctnV01><GrpHdr><MsgId>80309K//12377</MsgId><CreDtTm>2018-09-03T20:00:00</CreDtTm></GrpHdr><Ntfctn><Id>80309K//12377//1</Id><CreDtTm>2018-09-03T20:00:00</CreDtTm><Acct><Id><PrtryAcct><Id>20594233939774</Id></PrtryAcct></Id><Ccy>GBP</Ccy></Acct><TxsSummry><TtlNtries><NbOfNtries>5</NbOfNtries><Sum>1418.92</Sum></TtlNtries><TtlCdtNtries><NbOfNtries>5</NbOfNtries><Sum>1418.92</Sum></TtlCdtNtries><TtlDbtNtries><NbOfNtries>0</NbOfNtries><Sum>0.00</Sum></TtlDbtNtries></TxsSummry><Ntry><Amt Ccy="GBP">720.00</Amt><CdtDbtInd>CRDT</CdtDbtInd><Sts>BOOK</Sts><BookgDt><Dt>2018-09-04</Dt></BookgDt><BkTxCd><Prtry><Cd>SIP UKBA CR 40269</Cd></Prtry></BkTxCd><TxDtls><Refs><EndToEndId>WEDDING 25/08/19</EndToEndId><TxId>60193506432748000N</TxId><Prtry><Tp>STO REF</Tp><Ref>0000</Ref></Prtry></Refs><RltdPties><Dbtr><Nm>LOCKEY M D/2012</Nm></Dbtr><DbtrAcct><Id><PrtryAcct><Id>60191125509942</Id></PrtryAcct></Id></DbtrAcct><Cdtr><Nm>O JOHNSON</Nm></Cdtr><CdtrAcct><Id><PrtryAcct><Id>23008200221522</Id></PrtryAcct></Id></CdtrAcct><Prtry><Tp>WEDDING 25/08/19</Tp><Pty/></Prtry></RltdPties><RmtInf><Strd><AddtlRmtInf>LOCKEY M D/2012   WEDDING 25/08/19  VIA ONLINE - PYMT</AddtlRmtInf></Strd><Strd><AddtlRmtInf>LOCKEY M D/2012//WEDDING 25/08/19</AddtlRmtInf></Strd></RmtInf><RltdDts><TxDtTm>2018-09-03T19:35:06</TxDtTm></RltdDts><AddtlTxInf>60193506432748000N1020180903826601911</AddtlTxInf></TxDtls><AddtlNtryInf>COMPLETE//0000//003//CREDIT</AddtlNtryInf></Ntry><Ntry><Amt Ccy="GBP">163.92</Amt><CdtDbtInd>CRDT</CdtDbtInd><Sts>BOOK</Sts><BookgDt><Dt>2018-09-04</Dt></BookgDt><BkTxCd><Prtry><Cd>SIP UKBA CR 40269</Cd></Prtry></BkTxCd><TxDtls><Refs><EndToEndId>SONOS</EndToEndId><TxId>33194404866677000R</TxId><Prtry><Tp>STO REF</Tp><Ref>0000</Ref></Prtry></Refs><RltdPties><Dbtr><Nm>BROWN AM</Nm></Dbtr><DbtrAcct><Id><PrtryAcct><Id>83172300623746</Id></PrtryAcct></Id></DbtrAcct><Cdtr><Nm>A SMITH</Nm></Cdtr><CdtrAcct><Id><PrtryAcct><Id>23008200427448</Id></PrtryAcct></Id></CdtrAcct><Prtry><Tp>SONOS</Tp><Pty/></Prtry></RltdPties><RmtInf><Strd><AddtlRmtInf>BROWN AM          SONOS             VIA MOBILE - LVP</AddtlRmtInf></Strd><Strd><AddtlRmtInf>BROWN AM//SONOS</AddtlRmtInf></Strd></RmtInf><RltdDts><TxDtTm>2018-09-03T19:44:05</TxDtTm></RltdDts><AddtlTxInf>33194404866677000R1020180903826831723</AddtlTxInf></TxDtls><AddtlNtryInf>COMPLETE//0000//003//CREDIT</AddtlNtryInf></Ntry><Ntry><Amt Ccy="GBP">315.00</Amt><CdtDbtInd>CRDT</CdtDbtInd><Sts>BOOK</Sts><BookgDt><Dt>2018-09-04</Dt></BookgDt><BkTxCd><Prtry><Cd>SIP UKBA CR 40269</Cd></Prtry></BkTxCd><TxDtls><Refs><EndToEndId>NOREF</EndToEndId><TxId>RP4679960517826500</TxId></Refs><RltdPties><Dbtr><Nm>OLAWOLE O</Nm></Dbtr><DbtrAcct><Id><PrtryAcct><Id>20574413111105</Id></PrtryAcct></Id></DbtrAcct><Cdtr><Nm>OLAWALE BETIKU</Nm></Cdtr><CdtrAcct><Id><PrtryAcct><Id>23008200037283</Id></PrtryAcct></Id></CdtrAcct><Prtry><Tp>ACERPC</Tp><Pty/></Prtry></RltdPties><RmtInf><Strd><AddtlRmtInf>NO REF</AddtlRmtInf></Strd><Strd><AddtlRmtInf>OLAWOLE O//ACERPC</AddtlRmtInf></Strd></RmtInf><RltdDts><TxDtTm>2018-09-03T19:45:35</TxDtTm></RltdDts><AddtlTxInf>RP46799605178265001020180903826200026</AddtlTxInf></TxDtls><AddtlNtryInf>COMPLETE//0000//003//CREDIT</AddtlNtryInf></Ntry><Ntry><Amt Ccy="GBP">200.00</Amt><CdtDbtInd>CRDT</CdtDbtInd><Sts>BOOK</Sts><BookgDt><Dt>2018-09-04</Dt></BookgDt><BkTxCd><Prtry><Cd>SIP UKBA CR 40269</Cd></Prtry></BkTxCd><TxDtls><Refs><EndToEndId>NOREF</EndToEndId><TxId>100000000384019048</TxId></Refs><RltdPties><Dbtr><Nm>S Golding</Nm></Dbtr><DbtrAcct><Id><PrtryAcct><Id>11020110701167</Id></PrtryAcct></Id></DbtrAcct><Cdtr><Nm>SAM GOLDING</Nm></Cdtr><CdtrAcct><Id><PrtryAcct><Id>23008200077188</Id></PrtryAcct></Id></CdtrAcct><Prtry><Tp>TEST</Tp><Pty/></Prtry></RltdPties><RmtInf><Strd><AddtlRmtInf>NO REF</AddtlRmtInf></Strd><Strd><AddtlRmtInf>S Golding//TEST</AddtlRmtInf></Strd></RmtInf><RltdDts><TxDtTm>2018-09-03T19:56:48</TxDtTm></RltdDts><AddtlTxInf>1000000003840190481020180903826110201</AddtlTxInf></TxDtls><AddtlNtryInf>COMPLETE//0000//003//CREDIT</AddtlNtryInf></Ntry><Ntry><Amt Ccy="GBP">20.00</Amt><CdtDbtInd>CRDT</CdtDbtInd><Sts>BOOK</Sts><BookgDt><Dt>2018-09-04</Dt></BookgDt><BkTxCd><Prtry><Cd>SIP UKBA CR 40269</Cd></Prtry></BkTxCd><TxDtls><Refs><EndToEndId>STARLING-4QDP7N18R6OYV6XLEG</EndToEndId><TxId>4QDP7N18R6OYV6XLEG</TxId></Refs><RltdPties><Dbtr><Nm>Kit Clayton</Nm></Dbtr><DbtrAcct><Id><PrtryAcct><Id>60837158816534</Id></PrtryAcct></Id></DbtrAcct><Cdtr><Nm>Martyn</Nm></Cdtr><CdtrAcct><Id><PrtryAcct><Id>23008200407084</Id></PrtryAcct></Id></CdtrAcct><Prtry><Tp>:p</Tp><Pty/></Prtry></RltdPties><RmtInf><Strd><AddtlRmtInf>NO REF</AddtlRmtInf></Strd><Strd><AddtlRmtInf>Kit Clayton//:p</AddtlRmtInf></Strd></RmtInf><RltdDts><TxDtTm>2018-09-03T19:58:42</TxDtTm></RltdDts><AddtlTxInf>4QDP7N18R6OYV6XLEG1020180903826608371</AddtlTxInf></TxDtls><AddtlNtryInf>COMPLETE//0000//003//CREDIT</AddtlNtryInf></Ntry></Ntfctn></BkToCstmrDbtCdtNtfctnV01></Document>