<?xml version="1.0" encoding="UTF-8"?><Document xmlns:xsi="http://www.w3.org/2001/XMLSchema-instance" xmlns="urn:iso:std:iso:20022:tech:xsd:camt.054.001.01"><BkToCstmrDbtCdtNtfctnV01><GrpHdr><MsgId>80309K//13236</MsgId><CreDtTm>2018-09-23T19:00:00</CreDtTm></GrpHdr><Ntfctn><Id>80309K//13236//1</Id><CreDtTm>2018-09-23T19:00:00</CreDtTm><Acct><Id><PrtryAcct><Id>20594233939774</Id></PrtryAcct></Id><Ccy>GBP</Ccy></Acct><TxsSummry><TtlNtries><NbOfNtries>3</NbOfNtries><Sum>560.00</Sum></TtlNtries><TtlCdtNtries><NbOfNtries>3</NbOfNtries><Sum>560.00</Sum></TtlCdtNtries><TtlDbtNtries><NbOfNtries>0</NbOfNtries><Sum>0.00</Sum></TtlDbtNtries></TxsSummry><Ntry><Amt Ccy="GBP">500.00</Amt><CdtDbtInd>CRDT</CdtDbtInd><Sts>BOOK</Sts><BookgDt><Dt>2018-09-24</Dt></BookgDt><BkTxCd><Prtry><Cd>SIP UKBA CR 40269</Cd></Prtry></BkTxCd><TxDtls><Refs><EndToEndId>NOREF</EndToEndId><TxId>RP4679962064166500</TxId></Refs><RltdPties><Dbtr><Nm>ARCHIBONG S</Nm></Dbtr><DbtrAcct><Id><PrtryAcct><Id>20274890570176</Id></PrtryAcct></Id></DbtrAcct><Cdtr><Nm>MR O OLOWOOKERE</Nm></Cdtr><CdtrAcct><Id><PrtryAcct><Id>23008200442296</Id></PrtryAcct></Id></CdtrAcct><Prtry><Tp>SHARON</Tp><Pty/></Prtry></RltdPties><RmtInf><Strd><AddtlRmtInf>NO REF</AddtlRmtInf></Strd><Strd><AddtlRmtInf>ARCHIBONG S//SHARON</AddtlRmtInf></Strd></RmtInf><RltdDts><TxDtTm>2018-09-23T18:49:40</TxDtTm></RltdDts><AddtlTxInf>RP46799620641665001020180923826200026</AddtlTxInf></TxDtls><AddtlNtryInf>COMPLETE//0000//003//CREDIT</AddtlNtryInf></Ntry><Ntry><Amt Ccy="GBP">50.00</Amt><CdtDbtInd>CRDT</CdtDbtInd><Sts>BOOK</Sts><BookgDt><Dt>2018-09-24</Dt></BookgDt><BkTxCd><Prtry><Cd>SIP UKBA CR 40269</Cd></Prtry></BkTxCd><TxDtls><Refs><EndToEndId>MICHAEL BRAND</EndToEndId><TxId>33185652126785000N</TxId><Prtry><Tp>STO REF</Tp><Ref>0000</Ref></Prtry></Refs><RltdPties><Dbtr><Nm>TOZER LJ</Nm></Dbtr><DbtrAcct><Id><PrtryAcct><Id>56000522413073</Id></PrtryAcct></Id></DbtrAcct><Cdtr><Nm>REBECCA GREENALL</Nm></Cdtr><CdtrAcct><Id><PrtryAcct><Id>23008200451347</Id></PrtryAcct></Id></CdtrAcct><Prtry><Tp>MICHAEL BRAND</Tp><Pty/></Prtry></RltdPties><RmtInf><Strd><AddtlRmtInf>TOZER LJ          MICHAEL BRAND     VIA MOBILE - LVP</AddtlRmtInf></Strd><Strd><AddtlRmtInf>TOZER LJ//MICHAEL BRAND</AddtlRmtInf></Strd></RmtInf><RltdDts><TxDtTm>2018-09-23T18:56:52</TxDtTm></RltdDts><AddtlTxInf>33185652126785000N1020180923826560005</AddtlTxInf></TxDtls><AddtlNtryInf>COMPLETE//0000//003//CREDIT</AddtlNtryInf></Ntry><Ntry><Amt Ccy="GBP">10.00</Amt><CdtDbtInd>CRDT</CdtDbtInd><Sts>BOOK</Sts><BookgDt><Dt>2018-09-24</Dt></BookgDt><BkTxCd><Prtry><Cd>SIP UKBA CR 40269</Cd></Prtry></BkTxCd><TxDtls><Refs><EndToEndId>NOREF</EndToEndId><TxId>200000000389475837</TxId></Refs><RltdPties><Dbtr><Nm>S Glew</Nm></Dbtr><DbtrAcct><Id><PrtryAcct><Id>11079800215623</Id></PrtryAcct></Id></DbtrAcct><Cdtr><Nm>MR S GLEW</Nm></Cdtr><CdtrAcct><Id><PrtryAcct><Id>23008200401146</Id></PrtryAcct></Id></CdtrAcct><Prtry><Tp>PAY NEW ACCOUNT</Tp><Pty/></Prtry></RltdPties><RmtInf><Strd><AddtlRmtInf>NO REF</AddtlRmtInf></Strd><Strd><AddtlRmtInf>S Glew//PAY NEW ACCOUNT</AddtlRmtInf></Strd></RmtInf><RltdDts><TxDtTm>2018-09-23T18:58:53</TxDtTm></RltdDts><AddtlTxInf>2000000003894758371020180923826110798</AddtlTxInf></TxDtls><AddtlNtryInf>COMPLETE//0000//003//CREDIT</AddtlNtryInf></Ntry></Ntfctn></BkToCstmrDbtCdtNtfctnV01></Document>