<?xml version="1.0" encoding="UTF-8"?><Document xmlns:xsi="http://www.w3.org/2001/XMLSchema-instance" xmlns="urn:iso:std:iso:20022:tech:xsd:camt.054.001.01"><BkToCstmrDbtCdtNtfctnV01><GrpHdr><MsgId>80309K//13051</MsgId><CreDtTm>2018-09-19T12:00:00</CreDtTm></GrpHdr><Ntfctn><Id>80309K//13051//1</Id><CreDtTm>2018-09-19T12:00:00</CreDtTm><Acct><Id><PrtryAcct><Id>20594233939774</Id></PrtryAcct></Id><Ccy>GBP</Ccy></Acct><TxsSummry><TtlNtries><NbOfNtries>8</NbOfNtries><Sum>916.83</Sum></TtlNtries><TtlCdtNtries><NbOfNtries>8</NbOfNtries><Sum>916.83</Sum></TtlCdtNtries><TtlDbtNtries><NbOfNtries>0</NbOfNtries><Sum>0.00</Sum></TtlDbtNtries></TxsSummry><Ntry><Amt Ccy="GBP">39.00</Amt><CdtDbtInd>CRDT</CdtDbtInd><Sts>BOOK</Sts><BookgDt><Dt>2018-09-19</Dt></BookgDt><BkTxCd><Prtry><Cd>SIP UKBA CR 40269</Cd></Prtry></BkTxCd><AmtDtls><InstdAmt><Amt Ccy="USD">51.32</Amt><CcyXchg><SrcCcy>USD</SrcCcy><XchgRate>.759938</XchgRate></CcyXchg></InstdAmt></AmtDtls><TxDtls><Refs><EndToEndId>Travel</EndToEndId><TxId>TW0000000040348017</TxId></Refs><RltdPties><Dbtr><Nm>Zoe Gustavia Anna Whalen</Nm><PstlAdr><AdrLine>190 Bridge St;Salem;01970;MA;US</AdrLine><Ctry/></PstlAdr></Dbtr><DbtrAcct><Id><PrtryAcct><Id>4294334354</Id></PrtryAcct></Id></DbtrAcct><Cdtr><Nm>Iain Franklin</Nm></Cdtr><CdtrAcct><Id><PrtryAcct><Id>23008200452679</Id></PrtryAcct></Id></CdtrAcct><Prtry><Tp>Travel</Tp><Pty/></Prtry></RltdPties><RltdAgts><DbtrAgt><FinInstnId><BIC>WFBIUS6S</BIC></FinInstnId></DbtrAgt></RltdAgts><RmtInf><Strd><AddtlRmtInf>NO REF</AddtlRmtInf></Strd><Strd><AddtlRmtInf>Zoe Gustavia Anna //Travel</AddtlRmtInf></Strd></RmtInf><RltdDts><TxDtTm>2018-09-19T11:31:05</TxDtTm></RltdDts><AddtlTxInf>TW00000000403480171020180919826231470</AddtlTxInf></TxDtls><AddtlNtryInf>COMPLETE//0000//001//CREDIT</AddtlNtryInf></Ntry><Ntry><Amt Ccy="GBP">300.00</Amt><CdtDbtInd>CRDT</CdtDbtInd><Sts>BOOK</Sts><BookgDt><Dt>2018-09-19</Dt></BookgDt><BkTxCd><Prtry><Cd>SIP UKBA CR 40269</Cd></Prtry></BkTxCd><TxDtls><Refs><EndToEndId>NOREF</EndToEndId><TxId>711814138311919001</TxId><Prtry><Tp>STO REF</Tp><Ref>0000</Ref></Prtry></Refs><RltdPties><Dbtr><Nm>KUDERA</Nm></Dbtr><DbtrAcct><Id><PrtryAcct><Id>40461372104113</Id></PrtryAcct></Id></DbtrAcct><Cdtr><Nm>Darren sagoo</Nm></Cdtr><CdtrAcct><Id><PrtryAcct><Id>23008200117403</Id></PrtryAcct></Id></CdtrAcct><Prtry><Tp>01</Tp><Pty/></Prtry></RltdPties><RmtInf><Strd><AddtlRmtInf>NO REF</AddtlRmtInf></Strd><Strd><AddtlRmtInf>KUDERA//01</AddtlRmtInf></Strd></RmtInf><RltdDts><TxDtTm>2018-09-19T11:38:31</TxDtTm></RltdDts><AddtlTxInf>7118141383119190011020180919826404613</AddtlTxInf></TxDtls><AddtlNtryInf>COMPLETE//0000//001//CREDIT</AddtlNtryInf></Ntry><Ntry><Amt Ccy="GBP">20.00</Amt><CdtDbtInd>CRDT</CdtDbtInd><Sts>BOOK</Sts><BookgDt><Dt>2018-09-19</Dt></BookgDt><BkTxCd><Prtry><Cd>SIP UKBA CR 40269</Cd></Prtry></BkTxCd><TxDtls><Refs><EndToEndId>NOREF</EndToEndId><TxId>100000000388325907</TxId></Refs><RltdPties><Dbtr><Nm>S White</Nm></Dbtr><DbtrAcct><Id><PrtryAcct><Id>77502226270460</Id></PrtryAcct></Id></DbtrAcct><Cdtr><Nm>MR GARETH ELSE</Nm></Cdtr><CdtrAcct><Id><PrtryAcct><Id>23008200076819</Id></PrtryAcct></Id></CdtrAcct><Prtry><Tp>GAZ</Tp><Pty/></Prtry></RltdPties><RmtInf><Strd><AddtlRmtInf>NO REF</AddtlRmtInf></Strd><Strd><AddtlRmtInf>S White//GAZ</AddtlRmtInf></Strd></RmtInf><RltdDts><TxDtTm>2018-09-19T11:39:00</TxDtTm></RltdDts><AddtlTxInf>1000000003883259071020180919826775022</AddtlTxInf></TxDtls><AddtlNtryInf>COMPLETE//0000//001//CREDIT</AddtlNtryInf></Ntry><Ntry><Amt Ccy="GBP">20.00</Amt><CdtDbtInd>CRDT</CdtDbtInd><Sts>BOOK</Sts><BookgDt><Dt>2018-09-19</Dt></BookgDt><BkTxCd><Prtry><Cd>SIP UKBA CR 40269</Cd></Prtry></BkTxCd><TxDtls><Refs><EndToEndId>00151161632BBCWXBY</EndToEndId><TxId>00151161632BBCWXBY</TxId></Refs><RltdPties><Dbtr><Nm>X12491030</Nm></Dbtr><DbtrAcct><Id><PrtryAcct><Id>09000000050005</Id></PrtryAcct></Id></DbtrAcct><Cdtr><Nm>BAEMMS</Nm></Cdtr><CdtrAcct><Id><PrtryAcct><Id>23008200223303</Id></PrtryAcct></Id></CdtrAcct><Prtry><Tp>sarah bauer</Tp><Pty/></Prtry></RltdPties><RmtInf><Strd><AddtlRmtInf>NO REF</AddtlRmtInf></Strd><Strd><AddtlRmtInf>X12491030//sarah bauer</AddtlRmtInf></Strd></RmtInf><RltdDts><TxDtTm>2018-09-19T11:39:03</TxDtTm></RltdDts><AddtlTxInf>00151161632BBCWXBY1020180919826090000</AddtlTxInf></TxDtls><AddtlNtryInf>COMPLETE//0000//001//CREDIT</AddtlNtryInf></Ntry><Ntry><Amt Ccy="GBP">200.00</Amt><CdtDbtInd>CRDT</CdtDbtInd><Sts>BOOK</Sts><BookgDt><Dt>2018-09-19</Dt></BookgDt><BkTxCd><Prtry><Cd>SIP UKBA CR 40269</Cd></Prtry></BkTxCd><TxDtls><Refs><EndToEndId>00153425632BWCLNKV</EndToEndId><TxId>00153425632BWCLNKV</TxId></Refs><RltdPties><Dbtr><Nm>JOSHUA WILSON</Nm></Dbtr><DbtrAcct><Id><PrtryAcct><Id>09012927911422</Id></PrtryAcct></Id></DbtrAcct><Cdtr><Nm>B JOHNSON</Nm></Cdtr><CdtrAcct><Id><PrtryAcct><Id>23008200371720</Id></PrtryAcct></Id></CdtrAcct><Prtry><Tp>arro</Tp><Pty/></Prtry></RltdPties><RmtInf><Strd><AddtlRmtInf>NO REF</AddtlRmtInf></Strd><Strd><AddtlRmtInf>JOSHUA WILSON//arro</AddtlRmtInf></Strd></RmtInf><RltdDts><TxDtTm>2018-09-19T11:39:21</TxDtTm></RltdDts><AddtlTxInf>00153425632BWCLNKV1020180919826090129</AddtlTxInf></TxDtls><AddtlNtryInf>COMPLETE//0000//001//CREDIT</AddtlNtryInf></Ntry><Ntry><Amt Ccy="GBP">317.82</Amt><CdtDbtInd>CRDT</CdtDbtInd><Sts>BOOK</Sts><BookgDt><Dt>2018-09-19</Dt></BookgDt><BkTxCd><Prtry><Cd>SIP UKBA CR 40269</Cd></Prtry></BkTxCd><TxDtls><Refs><EndToEndId>NOREF</EndToEndId><TxId>26114209057753000N</TxId><Prtry><Tp>STO REF</Tp><Ref>0000</Ref></Prtry></Refs><RltdPties><Dbtr><Nm>DWPGB UC FASTER PA</Nm></Dbtr><DbtrAcct><Id><PrtryAcct><Id>60708010025855</Id></PrtryAcct></Id></DbtrAcct><Cdtr><Nm>MR D SNOWDON-KENNEDY</Nm></Cdtr><CdtrAcct><Id><PrtryAcct><Id>23008200361403</Id></PrtryAcct></Id></CdtrAcct><Prtry><Tp>000R71B2X DWP UC</Tp><Pty/></Prtry></RltdPties><RmtInf><Strd><AddtlRmtInf>000R71B2X DWP UC</AddtlRmtInf></Strd><Strd><AddtlRmtInf>DWPGB UC FASTER PA//000R71B2X DWP UC</AddtlRmtInf></Strd></RmtInf><RltdDts><TxDtTm>2018-09-19T11:42:09</TxDtTm></RltdDts><AddtlTxInf>26114209057753000N1020180919826607080</AddtlTxInf></TxDtls><AddtlNtryInf>COMPLETE//0000//001//CREDIT</AddtlNtryInf></Ntry><Ntry><Amt Ccy="GBP">0.01</Amt><CdtDbtInd>CRDT</CdtDbtInd><Sts>BOOK</Sts><BookgDt><Dt>2018-09-19</Dt></BookgDt><BkTxCd><Prtry><Cd>SIP UKBA CR 40269</Cd></Prtry></BkTxCd><TxDtls><Refs><EndToEndId>PPRD00000000AOI6ZW</EndToEndId><TxId>PPRD00000000AOI6ZW</TxId></Refs><RltdPties><Dbtr><Nm>PAYPAL CODE 9040</Nm><PstlAdr><AdrLine>2211 N 1st Street San Jose CA 95131</AdrLine><Ctry/></PstlAdr></Dbtr><DbtrAcct><Id><PrtryAcct><Id>23526285010101</Id></PrtryAcct></Id></DbtrAcct><Cdtr><Nm>Terence Cullum</Nm><PstlAdr><AdrLine>43 Clifford Road</AdrLine><Ctry/></PstlAdr></Cdtr><CdtrAcct><Id><PrtryAcct><Id>23008200453964</Id></PrtryAcct></Id></CdtrAcct><Prtry><Tp>PAYPAL CODE 9040</Tp><Pty/></Prtry></RltdPties><RmtInf><Strd><RfrdDocInf><RfrdDocTp><Prtry>002</Prtry></RfrdDocTp></RfrdDocInf><AddtlRmtInf>NO REF</AddtlRmtInf></Strd><Strd><AddtlRmtInf>PAYPAL CODE 9040//PAYPAL CODE 9040</AddtlRmtInf></Strd></RmtInf><RltdDts><TxDtTm>2018-09-19T11:46:59</TxDtTm></RltdDts><AddtlTxInf>PPRD00000000AOI6ZW1020180919826235262</AddtlTxInf></TxDtls><AddtlNtryInf>COMPLETE//0000//001//CREDIT</AddtlNtryInf></Ntry><Ntry><Amt Ccy="GBP">20.00</Amt><CdtDbtInd>CRDT</CdtDbtInd><Sts>BOOK</Sts><BookgDt><Dt>2018-09-19</Dt></BookgDt><BkTxCd><Prtry><Cd>SIP UKBA CR 40269</Cd></Prtry></BkTxCd><TxDtls><Refs><EndToEndId>NOREF</EndToEndId><TxId>200000000388320355</TxId></Refs><RltdPties><Dbtr><Nm>L Williams</Nm></Dbtr><DbtrAcct><Id><PrtryAcct><Id>30939926191568</Id></PrtryAcct></Id></DbtrAcct><Cdtr><Nm>LEVI WILLIAMS</Nm></Cdtr><CdtrAcct><Id><PrtryAcct><Id>23008200117249</Id></PrtryAcct></Id></CdtrAcct></RltdPties><RmtInf><Strd><AddtlRmtInf>NO REF</AddtlRmtInf></Strd><Strd><AddtlRmtInf>L Williams//</AddtlRmtInf></Strd></RmtInf><RltdDts><TxDtTm>2018-09-19T11:49:07</TxDtTm></RltdDts><AddtlTxInf>2000000003883203551020180919826309399</AddtlTxInf></TxDtls><AddtlNtryInf>COMPLETE//0000//001//CREDIT</AddtlNtryInf></Ntry></Ntfctn></BkToCstmrDbtCdtNtfctnV01></Document>