<?xml version="1.0" encoding="UTF-8"?><Document xmlns:xsi="http://www.w3.org/2001/XMLSchema-instance" xmlns="urn:iso:std:iso:20022:tech:xsd:camt.054.001.01"><BkToCstmrDbtCdtNtfctnV01><GrpHdr><MsgId>80309K//13038</MsgId><CreDtTm>2018-09-19T04:00:00</CreDtTm></GrpHdr><Ntfctn><Id>80309K//13038//1</Id><CreDtTm>2018-09-19T04:00:00</CreDtTm><Acct><Id><PrtryAcct><Id>20594233939774</Id></PrtryAcct></Id><Ccy>GBP</Ccy></Acct><TxsSummry><TtlNtries><NbOfNtries>3</NbOfNtries><Sum>865.00</Sum></TtlNtries><TtlCdtNtries><NbOfNtries>3</NbOfNtries><Sum>865.00</Sum></TtlCdtNtries><TtlDbtNtries><NbOfNtries>0</NbOfNtries><Sum>0.00</Sum></TtlDbtNtries></TxsSummry><Ntry><Amt Ccy="GBP">10.00</Amt><CdtDbtInd>CRDT</CdtDbtInd><Sts>BOOK</Sts><BookgDt><Dt>2018-09-19</Dt></BookgDt><BkTxCd><Prtry><Cd>SIP UKBA CR 40269</Cd></Prtry></BkTxCd><TxDtls><Refs><EndToEndId>NOREF</EndToEndId><TxId>26033941125825000R</TxId><Prtry><Tp>STO REF</Tp><Ref>0000</Ref></Prtry></Refs><RltdPties><Dbtr><Nm>MIROSLAV  HORVATH</Nm><PstlAdr><AdrLine>107 BOLSOVER ROAD;</AdrLine><AdrLine>SHEFFIELD;</AdrLine><AdrLine>SOUTH YORK     S5 6US</AdrLine><Ctry/></PstlAdr></Dbtr><DbtrAcct><Id><PrtryAcct><Id>16313021889464</Id></PrtryAcct></Id></DbtrAcct><Cdtr><Nm>M HORVATH</Nm></Cdtr><CdtrAcct><Id><PrtryAcct><Id>23008200206438</Id></PrtryAcct></Id></CdtrAcct><Prtry><Tp>MIROSLAV HORVATH</Tp><Pty/></Prtry></RltdPties><RmtInf><Strd><AddtlRmtInf>MIROSLAV HORVATH</AddtlRmtInf></Strd><Strd><AddtlRmtInf>MIROSLAV  HORVATH//MIROSLAV HORVATH</AddtlRmtInf></Strd></RmtInf><RltdDts><TxDtTm>2018-09-19T03:39:41</TxDtTm></RltdDts><AddtlTxInf>26033941125825000R1020180919826163130</AddtlTxInf></TxDtls><AddtlNtryInf>COMPLETE//0000//003//CREDIT</AddtlNtryInf></Ntry><Ntry><Amt Ccy="GBP">830.00</Amt><CdtDbtInd>CRDT</CdtDbtInd><Sts>BOOK</Sts><BookgDt><Dt>2018-09-19</Dt></BookgDt><BkTxCd><Prtry><Cd>SIP UKBA CR 40269</Cd></Prtry></BkTxCd><TxDtls><Refs><EndToEndId>NOREF</EndToEndId><TxId>RP4679961705852200</TxId></Refs><RltdPties><Dbtr><Nm>WILK M</Nm></Dbtr><DbtrAcct><Id><PrtryAcct><Id>20371653732843</Id></PrtryAcct></Id></DbtrAcct><Cdtr><Nm>M W</Nm></Cdtr><CdtrAcct><Id><PrtryAcct><Id>23008200247840</Id></PrtryAcct></Id></CdtrAcct><Prtry><Tp>MMW</Tp><Pty/></Prtry></RltdPties><RmtInf><Strd><AddtlRmtInf>NO REF</AddtlRmtInf></Strd><Strd><AddtlRmtInf>WILK M//MMW</AddtlRmtInf></Strd></RmtInf><RltdDts><TxDtTm>2018-09-19T03:50:59</TxDtTm></RltdDts><AddtlTxInf>RP46799617058522001020180919826200026</AddtlTxInf></TxDtls><AddtlNtryInf>COMPLETE//0000//003//CREDIT</AddtlNtryInf></Ntry><Ntry><Amt Ccy="GBP">25.00</Amt><CdtDbtInd>CRDT</CdtDbtInd><Sts>BOOK</Sts><BookgDt><Dt>2018-09-19</Dt></BookgDt><BkTxCd><Prtry><Cd>SIP UKBA CR 40269</Cd></Prtry></BkTxCd><TxDtls><Refs><EndToEndId>NOREF</EndToEndId><TxId>500000000389914615</TxId></Refs><RltdPties><Dbtr><Nm>P Oghenegaga</Nm></Dbtr><DbtrAcct><Id><PrtryAcct><Id>11000110961185</Id></PrtryAcct></Id></DbtrAcct><Cdtr><Nm>SYSTEMSHUM LTD</Nm></Cdtr><CdtrAcct><Id><PrtryAcct><Id>23008200036012</Id></PrtryAcct></Id></CdtrAcct><Prtry><Tp>170518</Tp><Pty/></Prtry></RltdPties><RmtInf><Strd><AddtlRmtInf>NO REF</AddtlRmtInf></Strd><Strd><AddtlRmtInf>P Oghenegaga//170518</AddtlRmtInf></Strd></RmtInf><RltdDts><TxDtTm>2018-09-19T03:51:24</TxDtTm></RltdDts><AddtlTxInf>5000000003899146151020180919826110001</AddtlTxInf></TxDtls><AddtlNtryInf>COMPLETE//0000//003//CREDIT</AddtlNtryInf></Ntry></Ntfctn></BkToCstmrDbtCdtNtfctnV01></Document>