<?xml version="1.0" encoding="UTF-8"?><Document xmlns:xsi="http://www.w3.org/2001/XMLSchema-instance" xmlns="urn:iso:std:iso:20022:tech:xsd:camt.054.001.01"><BkToCstmrDbtCdtNtfctnV01><GrpHdr><MsgId>80309K//12490</MsgId><CreDtTm>2018-09-06T09:00:00</CreDtTm></GrpHdr><Ntfctn><Id>80309K//12490//1</Id><CreDtTm>2018-09-06T09:00:00</CreDtTm><Acct><Id><PrtryAcct><Id>20594233939774</Id></PrtryAcct></Id><Ccy>GBP</Ccy></Acct><TxsSummry><TtlNtries><NbOfNtries>2</NbOfNtries><Sum>61.32</Sum></TtlNtries><TtlCdtNtries><NbOfNtries>2</NbOfNtries><Sum>61.32</Sum></TtlCdtNtries><TtlDbtNtries><NbOfNtries>0</NbOfNtries><Sum>0.00</Sum></TtlDbtNtries></TxsSummry><Ntry><Amt Ccy="GBP">20.00</Amt><CdtDbtInd>CRDT</CdtDbtInd><Sts>BOOK</Sts><BookgDt><Dt>2018-09-06</Dt></BookgDt><BkTxCd><Prtry><Cd>SIP UKBA CR 40269</Cd></Prtry></BkTxCd><TxDtls><Refs><EndToEndId>NOREF</EndToEndId><TxId>600000000386132787</TxId></Refs><RltdPties><Dbtr><Nm>D Coshall</Nm></Dbtr><DbtrAcct><Id><PrtryAcct><Id>11048600536496</Id></PrtryAcct></Id></DbtrAcct><Cdtr><Nm>BAEMMS</Nm></Cdtr><CdtrAcct><Id><PrtryAcct><Id>23008200223303</Id></PrtryAcct></Id></CdtrAcct><Prtry><Tp>DARREN COSHALL</Tp><Pty/></Prtry></RltdPties><RmtInf><Strd><AddtlRmtInf>NO REF</AddtlRmtInf></Strd><Strd><AddtlRmtInf>D Coshall//DARREN COSHALL</AddtlRmtInf></Strd></RmtInf><RltdDts><TxDtTm>2018-09-06T08:35:18</TxDtTm></RltdDts><AddtlTxInf>6000000003861327871020180906826110486</AddtlTxInf></TxDtls><AddtlNtryInf>COMPLETE//0000//001//CREDIT</AddtlNtryInf></Ntry><Ntry><Amt Ccy="GBP">41.32</Amt><CdtDbtInd>CRDT</CdtDbtInd><Sts>BOOK</Sts><BookgDt><Dt>2018-09-06</Dt></BookgDt><BkTxCd><Prtry><Cd>SIP UKBA CR 40269</Cd></Prtry></BkTxCd><TxDtls><Refs><EndToEndId>NOREF</EndToEndId><TxId>500000000386418845</TxId></Refs><RltdPties><Dbtr><Nm>S Esievo- Kpohraro</Nm></Dbtr><DbtrAcct><Id><PrtryAcct><Id>30928914126668</Id></PrtryAcct></Id></DbtrAcct><Cdtr><Nm>STARGATE LIMITED</Nm></Cdtr><CdtrAcct><Id><PrtryAcct><Id>23008200031948</Id></PrtryAcct></Id></CdtrAcct><Prtry><Tp>DHL CARGO</Tp><Pty/></Prtry></RltdPties><RmtInf><Strd><AddtlRmtInf>NO REF</AddtlRmtInf></Strd><Strd><AddtlRmtInf>S Esievo- Kpohraro//DHL CARGO</AddtlRmtInf></Strd></RmtInf><RltdDts><TxDtTm>2018-09-06T08:51:54</TxDtTm></RltdDts><AddtlTxInf>5000000003864188451020180906826309289</AddtlTxInf></TxDtls><AddtlNtryInf>COMPLETE//0000//001//CREDIT</AddtlNtryInf></Ntry></Ntfctn></BkToCstmrDbtCdtNtfctnV01></Document>