<?xml version="1.0" encoding="UTF-8"?><Document xmlns:xsi="http://www.w3.org/2001/XMLSchema-instance" xmlns="urn:iso:std:iso:20022:tech:xsd:camt.054.001.01"><BkToCstmrDbtCdtNtfctnV01><GrpHdr><MsgId>80309K//13090</MsgId><CreDtTm>2018-09-20T08:30:00</CreDtTm></GrpHdr><Ntfctn><Id>80309K//13090//1</Id><CreDtTm>2018-09-20T08:30:00</CreDtTm><Acct><Id><PrtryAcct><Id>20594233939774</Id></PrtryAcct></Id><Ccy>GBP</Ccy></Acct><TxsSummry><TtlNtries><NbOfNtries>7</NbOfNtries><Sum>1202.28</Sum></TtlNtries><TtlCdtNtries><NbOfNtries>7</NbOfNtries><Sum>1202.28</Sum></TtlCdtNtries><TtlDbtNtries><NbOfNtries>0</NbOfNtries><Sum>0.00</Sum></TtlDbtNtries></TxsSummry><Ntry><Amt Ccy="GBP">396.00</Amt><CdtDbtInd>CRDT</CdtDbtInd><Sts>BOOK</Sts><BookgDt><Dt>2018-09-20</Dt></BookgDt><BkTxCd><Prtry><Cd>FDP UKBA CR 40269</Cd></Prtry></BkTxCd><TxDtls><Refs><EndToEndId>NOREF</EndToEndId><TxId>397613837560029001</TxId><Prtry><Tp>STO REF</Tp><Ref>0000</Ref></Prtry></Refs><RltdPties><Dbtr><Nm>PAY-TIME PAY</Nm></Dbtr><DbtrAcct><Id><PrtryAcct><Id>40390162065525</Id></PrtryAcct></Id></DbtrAcct><Cdtr><Nm>DENE STOREY CIS</Nm></Cdtr><CdtrAcct><Id><PrtryAcct><Id>23008200189204</Id></PrtryAcct></Id></CdtrAcct><Prtry><Tp>2225</Tp><Pty/></Prtry></RltdPties><RmtInf><Strd><AddtlRmtInf>NO REF</AddtlRmtInf></Strd><Strd><AddtlRmtInf>PAY-TIME PAY//2225</AddtlRmtInf></Strd></RmtInf><RltdDts><TxDtTm>2018-09-20T08:00:04</TxDtTm></RltdDts><AddtlTxInf>3976138375600290014020180920826403901</AddtlTxInf></TxDtls><AddtlNtryInf>COMPLETE//0000//001//CREDIT</AddtlNtryInf></Ntry><Ntry><Amt Ccy="GBP">200.00</Amt><CdtDbtInd>CRDT</CdtDbtInd><Sts>BOOK</Sts><BookgDt><Dt>2018-09-20</Dt></BookgDt><BkTxCd><Prtry><Cd>SIP UKBA CR 40269</Cd></Prtry></BkTxCd><TxDtls><Refs><EndToEndId>00153425632BWCTLBC</EndToEndId><TxId>00153425632BWCTLBC</TxId></Refs><RltdPties><Dbtr><Nm>JOSHUA WILSON</Nm></Dbtr><DbtrAcct><Id><PrtryAcct><Id>09012927911422</Id></PrtryAcct></Id></DbtrAcct><Cdtr><Nm>K TRAORE</Nm></Cdtr><CdtrAcct><Id><PrtryAcct><Id>23008200393346</Id></PrtryAcct></Id></CdtrAcct><Prtry><Tp>khalid</Tp><Pty/></Prtry></RltdPties><RmtInf><Strd><AddtlRmtInf>NO REF</AddtlRmtInf></Strd><Strd><AddtlRmtInf>JOSHUA WILSON//khalid</AddtlRmtInf></Strd></RmtInf><RltdDts><TxDtTm>2018-09-20T08:12:19</TxDtTm></RltdDts><AddtlTxInf>00153425632BWCTLBC1020180920826090129</AddtlTxInf></TxDtls><AddtlNtryInf>COMPLETE//0000//001//CREDIT</AddtlNtryInf></Ntry><Ntry><Amt Ccy="GBP">20.00</Amt><CdtDbtInd>CRDT</CdtDbtInd><Sts>BOOK</Sts><BookgDt><Dt>2018-09-20</Dt></BookgDt><BkTxCd><Prtry><Cd>SIP UKBA CR 40269</Cd></Prtry></BkTxCd><TxDtls><Refs><EndToEndId>00157771632BBKJDYF</EndToEndId><TxId>00157771632BBKJDYF</TxId></Refs><RltdPties><Dbtr><Nm>JAMIE GREER</Nm></Dbtr><DbtrAcct><Id><PrtryAcct><Id>09012803089902</Id></PrtryAcct></Id></DbtrAcct><Cdtr><Nm>S HOLMES</Nm></Cdtr><CdtrAcct><Id><PrtryAcct><Id>23008200319008</Id></PrtryAcct></Id></CdtrAcct><Prtry><Tp>Jamie</Tp><Pty/></Prtry></RltdPties><RmtInf><Strd><AddtlRmtInf>NO REF</AddtlRmtInf></Strd><Strd><AddtlRmtInf>JAMIE GREER//Jamie</AddtlRmtInf></Strd></RmtInf><RltdDts><TxDtTm>2018-09-20T08:14:49</TxDtTm></RltdDts><AddtlTxInf>00157771632BBKJDYF1020180920826090128</AddtlTxInf></TxDtls><AddtlNtryInf>COMPLETE//0000//001//CREDIT</AddtlNtryInf></Ntry><Ntry><Amt Ccy="GBP">482.00</Amt><CdtDbtInd>CRDT</CdtDbtInd><Sts>BOOK</Sts><BookgDt><Dt>2018-09-20</Dt></BookgDt><BkTxCd><Prtry><Cd>FDP UKBA CR 40269</Cd></Prtry></BkTxCd><TxDtls><Refs><EndToEndId>NOREF</EndToEndId><TxId>519386719181919001</TxId><Prtry><Tp>STO REF</Tp><Ref>0000</Ref></Prtry></Refs><RltdPties><Dbtr><Nm>OKPOHO W</Nm></Dbtr><DbtrAcct><Id><PrtryAcct><Id>40020044489136</Id></PrtryAcct></Id></DbtrAcct><Cdtr><Nm>DAVID ACE</Nm></Cdtr><CdtrAcct><Id><PrtryAcct><Id>23008200223308</Id></PrtryAcct></Id></CdtrAcct><Prtry><Tp>TRAVEL CENTER</Tp><Pty/></Prtry></RltdPties><RmtInf><Strd><AddtlRmtInf>NO REF</AddtlRmtInf></Strd><Strd><AddtlRmtInf>OKPOHO W//TRAVEL CENTER</AddtlRmtInf></Strd></RmtInf><RltdDts><TxDtTm>2018-09-20T08:16:19</TxDtTm></RltdDts><AddtlTxInf>5193867191819190014020180920826400200</AddtlTxInf></TxDtls><AddtlNtryInf>COMPLETE//0000//001//CREDIT</AddtlNtryInf></Ntry><Ntry><Amt Ccy="GBP">4.28</Amt><CdtDbtInd>CRDT</CdtDbtInd><Sts>BOOK</Sts><BookgDt><Dt>2018-09-20</Dt></BookgDt><BkTxCd><Prtry><Cd>SIP UKBA CR 40269</Cd></Prtry></BkTxCd><TxDtls><Refs><EndToEndId>NOREF</EndToEndId><TxId>100000000388573883</TxId></Refs><RltdPties><Dbtr><Nm>R Tew</Nm></Dbtr><DbtrAcct><Id><PrtryAcct><Id>11087201487113</Id></PrtryAcct></Id></DbtrAcct><Cdtr><Nm>RUSSELL TEW</Nm></Cdtr><CdtrAcct><Id><PrtryAcct><Id>23008200160614</Id></PrtryAcct></Id></CdtrAcct></RltdPties><RmtInf><Strd><AddtlRmtInf>NO REF</AddtlRmtInf></Strd><Strd><AddtlRmtInf>R Tew//</AddtlRmtInf></Strd></RmtInf><RltdDts><TxDtTm>2018-09-20T08:18:09</TxDtTm></RltdDts><AddtlTxInf>1000000003885738831020180920826110872</AddtlTxInf></TxDtls><AddtlNtryInf>COMPLETE//0000//001//CREDIT</AddtlNtryInf></Ntry><Ntry><Amt Ccy="GBP">75.00</Amt><CdtDbtInd>CRDT</CdtDbtInd><Sts>BOOK</Sts><BookgDt><Dt>2018-09-20</Dt></BookgDt><BkTxCd><Prtry><Cd>SIP UKBA CR 40269</Cd></Prtry></BkTxCd><TxDtls><Refs><EndToEndId>00153425632BWCTLYH</EndToEndId><TxId>00153425632BWCTLYH</TxId></Refs><RltdPties><Dbtr><Nm>JOHNSON ADEBAYO</Nm></Dbtr><DbtrAcct><Id><PrtryAcct><Id>09012904500872</Id></PrtryAcct></Id></DbtrAcct><Cdtr><Nm>TANNES SOLUTIONS</Nm></Cdtr><CdtrAcct><Id><PrtryAcct><Id>23008200220991</Id></PrtryAcct></Id></CdtrAcct><Prtry><Tp>Johnson Adebayo</Tp><Pty/></Prtry></RltdPties><RmtInf><Strd><AddtlRmtInf>NO REF</AddtlRmtInf></Strd><Strd><AddtlRmtInf>JOHNSON ADEBAYO//Johnson Adebayo</AddtlRmtInf></Strd></RmtInf><RltdDts><TxDtTm>2018-09-20T08:21:01</TxDtTm></RltdDts><AddtlTxInf>00153425632BWCTLYH1020180920826090129</AddtlTxInf></TxDtls><AddtlNtryInf>COMPLETE//0000//001//CREDIT</AddtlNtryInf></Ntry><Ntry><Amt Ccy="GBP">25.00</Amt><CdtDbtInd>CRDT</CdtDbtInd><Sts>BOOK</Sts><BookgDt><Dt>2018-09-20</Dt></BookgDt><BkTxCd><Prtry><Cd>SIP UKBA CR 40269</Cd></Prtry></BkTxCd><TxDtls><Refs><EndToEndId>INPLAY</EndToEndId><TxId>17082346163355000N</TxId><Prtry><Tp>STO REF</Tp><Ref>0000</Ref></Prtry></Refs><RltdPties><Dbtr><Nm>HOLFORD M E</Nm></Dbtr><DbtrAcct><Id><PrtryAcct><Id>01013809863427</Id></PrtryAcct></Id></DbtrAcct><Cdtr><Nm>INPLAY</Nm></Cdtr><CdtrAcct><Id><PrtryAcct><Id>23008200433862</Id></PrtryAcct></Id></CdtrAcct><Prtry><Tp>INPLAY</Tp><Pty/></Prtry></RltdPties><RmtInf><Strd><AddtlRmtInf>HOLFORD M E       INPLAY            VIA MOBILE - LVP</AddtlRmtInf></Strd><Strd><AddtlRmtInf>HOLFORD M E//INPLAY</AddtlRmtInf></Strd></RmtInf><RltdDts><TxDtTm>2018-09-20T08:23:46</TxDtTm></RltdDts><AddtlTxInf>17082346163355000N1020180920826010138</AddtlTxInf></TxDtls><AddtlNtryInf>COMPLETE//0000//001//CREDIT</AddtlNtryInf></Ntry></Ntfctn></BkToCstmrDbtCdtNtfctnV01></Document>