<?xml version="1.0" encoding="UTF-8"?><Document xmlns:xsi="http://www.w3.org/2001/XMLSchema-instance" xmlns="urn:iso:std:iso:20022:tech:xsd:camt.054.001.01"><BkToCstmrDbtCdtNtfctnV01><GrpHdr><MsgId>80309K//12708</MsgId><CreDtTm>2018-09-11T12:00:00</CreDtTm></GrpHdr><Ntfctn><Id>80309K//12708//1</Id><CreDtTm>2018-09-11T12:00:00</CreDtTm><Acct><Id><PrtryAcct><Id>20594233939774</Id></PrtryAcct></Id><Ccy>GBP</Ccy></Acct><TxsSummry><TtlNtries><NbOfNtries>8</NbOfNtries><Sum>1743.00</Sum></TtlNtries><TtlCdtNtries><NbOfNtries>8</NbOfNtries><Sum>1743.00</Sum></TtlCdtNtries><TtlDbtNtries><NbOfNtries>0</NbOfNtries><Sum>0.00</Sum></TtlDbtNtries></TxsSummry><Ntry><Amt Ccy="GBP">20.00</Amt><CdtDbtInd>CRDT</CdtDbtInd><Sts>BOOK</Sts><BookgDt><Dt>2018-09-11</Dt></BookgDt><BkTxCd><Prtry><Cd>FDP UKBA CR 40269</Cd></Prtry></BkTxCd><TxDtls><Refs><EndToEndId>FO1809111100000243</EndToEndId><TxId>FO1809111100000243</TxId></Refs><RltdPties><Dbtr><Nm>MR TAWANDA ZENGENI</Nm></Dbtr><DbtrAcct><Id><PrtryAcct><Id>09013960191831</Id></PrtryAcct></Id></DbtrAcct><Cdtr><Nm>ARRO</Nm></Cdtr><CdtrAcct><Id><PrtryAcct><Id>23008200292956</Id></PrtryAcct></Id></CdtrAcct><Prtry><Tp>TAMANDA ZENGENI</Tp><Pty/></Prtry></RltdPties><RmtInf><Strd><AddtlRmtInf>NO REF</AddtlRmtInf></Strd><Strd><AddtlRmtInf>MR TAWANDA ZENGENI//TAMANDA ZENGENI</AddtlRmtInf></Strd></RmtInf><RltdDts><TxDtTm>2018-09-11T11:30:54</TxDtTm></RltdDts><AddtlTxInf>FO18091111000002434020180911826090139</AddtlTxInf></TxDtls><AddtlNtryInf>COMPLETE//0000//001//CREDIT</AddtlNtryInf></Ntry><Ntry><Amt Ccy="GBP">285.00</Amt><CdtDbtInd>CRDT</CdtDbtInd><Sts>BOOK</Sts><BookgDt><Dt>2018-09-11</Dt></BookgDt><BkTxCd><Prtry><Cd>SIP UKBA CR 40269</Cd></Prtry></BkTxCd><TxDtls><Refs><EndToEndId>NOREF</EndToEndId><TxId>200000000386161438</TxId></Refs><RltdPties><Dbtr><Nm>S Mitchell</Nm></Dbtr><DbtrAcct><Id><PrtryAcct><Id>77855024008668</Id></PrtryAcct></Id></DbtrAcct><Cdtr><Nm>JAMES MCKAY</Nm></Cdtr><CdtrAcct><Id><PrtryAcct><Id>23008200354355</Id></PrtryAcct></Id></CdtrAcct><Prtry><Tp>MITCHELL</Tp><Pty/></Prtry></RltdPties><RmtInf><Strd><AddtlRmtInf>NO REF</AddtlRmtInf></Strd><Strd><AddtlRmtInf>S Mitchell//MITCHELL</AddtlRmtInf></Strd></RmtInf><RltdDts><TxDtTm>2018-09-11T11:31:30</TxDtTm></RltdDts><AddtlTxInf>2000000003861614381020180911826778550</AddtlTxInf></TxDtls><AddtlNtryInf>COMPLETE//0000//001//CREDIT</AddtlNtryInf></Ntry><Ntry><Amt Ccy="GBP">10.00</Amt><CdtDbtInd>CRDT</CdtDbtInd><Sts>BOOK</Sts><BookgDt><Dt>2018-09-11</Dt></BookgDt><BkTxCd><Prtry><Cd>SIP UKBA CR 40269</Cd></Prtry></BkTxCd><TxDtls><Refs><EndToEndId>NOREF</EndToEndId><TxId>PRU3WE3R3KUK4NHYE3</TxId></Refs><RltdPties><Dbtr><Nm>Yakubu Ige</Nm><PstlAdr><AdrLine>27 Whetstone Road, SE3 8PU</AdrLine><Ctry/></PstlAdr></Dbtr><DbtrAcct><Id><PrtryAcct><Id>04000412940097</Id></PrtryAcct></Id></DbtrAcct><Cdtr><Nm>Yakubu Ige</Nm></Cdtr><CdtrAcct><Id><PrtryAcct><Id>23008200435900</Id></PrtryAcct></Id></CdtrAcct><Prtry><Tp>Kuba</Tp><Pty/></Prtry></RltdPties><RmtInf><Strd><AddtlRmtInf>NO REF</AddtlRmtInf></Strd><Strd><AddtlRmtInf>Yakubu Ige//Kuba</AddtlRmtInf></Strd></RmtInf><RltdDts><TxDtTm>2018-09-11T11:38:14</TxDtTm></RltdDts><AddtlTxInf>PRU3WE3R3KUK4NHYE31020180911826040004</AddtlTxInf></TxDtls><AddtlNtryInf>COMPLETE//0000//001//CREDIT</AddtlNtryInf></Ntry><Ntry><Amt Ccy="GBP">1.00</Amt><CdtDbtInd>CRDT</CdtDbtInd><Sts>BOOK</Sts><BookgDt><Dt>2018-09-11</Dt></BookgDt><BkTxCd><Prtry><Cd>SIP UKBA CR 40269</Cd></Prtry></BkTxCd><TxDtls><Refs><EndToEndId>NOREF</EndToEndId><TxId>FP18254O16850074</TxId></Refs><RltdPties><Dbtr><Nm>Kalejova Petra</Nm></Dbtr><DbtrAcct><Id><PrtryAcct><Id>07043633380738</Id></PrtryAcct></Id></DbtrAcct><Cdtr><Nm>ROMAN JANUF</Nm></Cdtr><CdtrAcct><Id><PrtryAcct><Id>23008200403247</Id></PrtryAcct></Id></CdtrAcct><Prtry><Tp>ME</Tp><Pty/></Prtry></RltdPties><RmtInf><Strd><AddtlRmtInf>NO REF</AddtlRmtInf></Strd><Strd><AddtlRmtInf>Kalejova Petra//ME</AddtlRmtInf></Strd></RmtInf><RltdDts><TxDtTm>2018-09-11T11:40:30</TxDtTm></RltdDts><AddtlTxInf>FP18254O16850074  1020180911826070436</AddtlTxInf></TxDtls><AddtlNtryInf>COMPLETE//0000//001//CREDIT</AddtlNtryInf></Ntry><Ntry><Amt Ccy="GBP">250.00</Amt><CdtDbtInd>CRDT</CdtDbtInd><Sts>BOOK</Sts><BookgDt><Dt>2018-09-11</Dt></BookgDt><BkTxCd><Prtry><Cd>SIP UKBA CR 40269</Cd></Prtry></BkTxCd><TxDtls><Refs><EndToEndId>NOREF</EndToEndId><TxId>400000000392625869</TxId></Refs><RltdPties><Dbtr><Nm>S Linart</Nm></Dbtr><DbtrAcct><Id><PrtryAcct><Id>30900930656768</Id></PrtryAcct></Id></DbtrAcct><Cdtr><Nm>DOMINIKA JASZCZUK</Nm></Cdtr><CdtrAcct><Id><PrtryAcct><Id>23008200381304</Id></PrtryAcct></Id></CdtrAcct><Prtry><Tp>THERMOMIX HALF PAY</Tp><Pty/></Prtry></RltdPties><RmtInf><Strd><AddtlRmtInf>NO REF</AddtlRmtInf></Strd><Strd><AddtlRmtInf>S Linart//THERMOMIX HALF PAY</AddtlRmtInf></Strd></RmtInf><RltdDts><TxDtTm>2018-09-11T11:42:19</TxDtTm></RltdDts><AddtlTxInf>4000000003926258691020180911826309009</AddtlTxInf></TxDtls><AddtlNtryInf>COMPLETE//0000//001//CREDIT</AddtlNtryInf></Ntry><Ntry><Amt Ccy="GBP">52.00</Amt><CdtDbtInd>CRDT</CdtDbtInd><Sts>BOOK</Sts><BookgDt><Dt>2018-09-11</Dt></BookgDt><BkTxCd><Prtry><Cd>SIP UKBA CR 40269</Cd></Prtry></BkTxCd><TxDtls><Refs><EndToEndId>NOREF</EndToEndId><TxId>RP4679961125610300</TxId></Refs><RltdPties><Dbtr><Nm>BUCHANAN J</Nm></Dbtr><DbtrAcct><Id><PrtryAcct><Id>20270523764079</Id></PrtryAcct></Id></DbtrAcct><Cdtr><Nm>MR S GUO</Nm></Cdtr><CdtrAcct><Id><PrtryAcct><Id>23008200439602</Id></PrtryAcct></Id></CdtrAcct><Prtry><Tp>S.GUO LTD</Tp><Pty/></Prtry></RltdPties><RmtInf><Strd><AddtlRmtInf>NO REF</AddtlRmtInf></Strd><Strd><AddtlRmtInf>BUCHANAN J//S.GUO LTD</AddtlRmtInf></Strd></RmtInf><RltdDts><TxDtTm>2018-09-11T11:43:39</TxDtTm></RltdDts><AddtlTxInf>RP46799611256103001020180911826200026</AddtlTxInf></TxDtls><AddtlNtryInf>COMPLETE//0000//001//CREDIT</AddtlNtryInf></Ntry><Ntry><Amt Ccy="GBP">700.00</Amt><CdtDbtInd>CRDT</CdtDbtInd><Sts>BOOK</Sts><BookgDt><Dt>2018-09-11</Dt></BookgDt><BkTxCd><Prtry><Cd>SIP UKBA CR 40269</Cd></Prtry></BkTxCd><TxDtls><Refs><EndToEndId>00152242632BCYGBTC</EndToEndId><TxId>00152242632BCYGBTC</TxId></Refs><RltdPties><Dbtr><Nm>MUKESH MALL</Nm></Dbtr><DbtrAcct><Id><PrtryAcct><Id>09012894082620</Id></PrtryAcct></Id></DbtrAcct><Cdtr><Nm>KAM NEW DATA</Nm></Cdtr><CdtrAcct><Id><PrtryAcct><Id>23008200035727</Id></PrtryAcct></Id></CdtrAcct><Prtry><Tp>data</Tp><Pty/></Prtry></RltdPties><RmtInf><Strd><AddtlRmtInf>NO REF</AddtlRmtInf></Strd><Strd><AddtlRmtInf>MUKESH MALL//data</AddtlRmtInf></Strd></RmtInf><RltdDts><TxDtTm>2018-09-11T11:45:46</TxDtTm></RltdDts><AddtlTxInf>00152242632BCYGBTC1020180911826090128</AddtlTxInf></TxDtls><AddtlNtryInf>COMPLETE//0000//001//CREDIT</AddtlNtryInf></Ntry><Ntry><Amt Ccy="GBP">425.00</Amt><CdtDbtInd>CRDT</CdtDbtInd><Sts>BOOK</Sts><BookgDt><Dt>2018-09-11</Dt></BookgDt><BkTxCd><Prtry><Cd>SIP UKBA CR 40269</Cd></Prtry></BkTxCd><TxDtls><Refs><EndToEndId>NOREF</EndToEndId><TxId>FP18254O16860833</TxId></Refs><RltdPties><Dbtr><Nm>Maitland Alison</Nm></Dbtr><DbtrAcct><Id><PrtryAcct><Id>07024623963658</Id></PrtryAcct></Id></DbtrAcct><Cdtr><Nm>G BROWN</Nm></Cdtr><CdtrAcct><Id><PrtryAcct><Id>23008200350338</Id></PrtryAcct></Id></CdtrAcct><Prtry><Tp>WORK</Tp><Pty/></Prtry></RltdPties><RmtInf><Strd><AddtlRmtInf>NO REF</AddtlRmtInf></Strd><Strd><AddtlRmtInf>Maitland Alison//WORK</AddtlRmtInf></Strd></RmtInf><RltdDts><TxDtTm>2018-09-11T11:55:18</TxDtTm></RltdDts><AddtlTxInf>FP18254O16860833  1020180911826070246</AddtlTxInf></TxDtls><AddtlNtryInf>COMPLETE//0000//001//CREDIT</AddtlNtryInf></Ntry></Ntfctn></BkToCstmrDbtCdtNtfctnV01></Document>