<?xml version="1.0" encoding="UTF-8"?><Document xmlns:xsi="http://www.w3.org/2001/XMLSchema-instance" xmlns="urn:iso:std:iso:20022:tech:xsd:camt.054.001.01"><BkToCstmrDbtCdtNtfctnV01><GrpHdr><MsgId>80309K//13291</MsgId><CreDtTm>2018-09-25T01:00:00</CreDtTm></GrpHdr><Ntfctn><Id>80309K//13291//1</Id><CreDtTm>2018-09-25T01:00:00</CreDtTm><Acct><Id><PrtryAcct><Id>20594233939774</Id></PrtryAcct></Id><Ccy>GBP</Ccy></Acct><TxsSummry><TtlNtries><NbOfNtries>4</NbOfNtries><Sum>361.00</Sum></TtlNtries><TtlCdtNtries><NbOfNtries>4</NbOfNtries><Sum>361.00</Sum></TtlCdtNtries><TtlDbtNtries><NbOfNtries>0</NbOfNtries><Sum>0.00</Sum></TtlDbtNtries></TxsSummry><Ntry><Amt Ccy="GBP">1.00</Amt><CdtDbtInd>CRDT</CdtDbtInd><Sts>BOOK</Sts><BookgDt><Dt>2018-09-25</Dt></BookgDt><BkTxCd><Prtry><Cd>STO UKBA CR 40267</Cd></Prtry></BkTxCd><TxDtls><Refs><EndToEndId>NOREF</EndToEndId><TxId>500000000391540875</TxId></Refs><RltdPties><Dbtr><Nm>D KING</Nm></Dbtr><DbtrAcct><Id><PrtryAcct><Id>11056501152479</Id></PrtryAcct></Id></DbtrAcct><Cdtr><Nm>STAN- BLANK CANVAS</Nm></Cdtr><CdtrAcct><Id><PrtryAcct><Id>23008200037066</Id></PrtryAcct></Id></CdtrAcct><Prtry><Tp>HOMELESS PROJECT</Tp><Pty/></Prtry></RltdPties><RmtInf><Strd><AddtlRmtInf>NO REF</AddtlRmtInf></Strd><Strd><AddtlRmtInf>D KING//HOMELESS PROJECT</AddtlRmtInf></Strd></RmtInf><RltdDts><TxDtTm>2018-09-25T00:50:35</TxDtTm></RltdDts><AddtlTxInf>5000000003915408753020180925826110565</AddtlTxInf></TxDtls><AddtlNtryInf>COMPLETE//0000//003//CREDIT</AddtlNtryInf></Ntry><Ntry><Amt Ccy="GBP">260.00</Amt><CdtDbtInd>CRDT</CdtDbtInd><Sts>BOOK</Sts><BookgDt><Dt>2018-09-25</Dt></BookgDt><BkTxCd><Prtry><Cd>SIP UKBA CR 40269</Cd></Prtry></BkTxCd><TxDtls><Refs><EndToEndId>NOREF</EndToEndId><TxId>100000000389892547</TxId></Refs><RltdPties><Dbtr><Nm>R Marshall-Vernon</Nm></Dbtr><DbtrAcct><Id><PrtryAcct><Id>11000108759229</Id></PrtryAcct></Id></DbtrAcct><Cdtr><Nm>NICOLE MARSHALL</Nm></Cdtr><CdtrAcct><Id><PrtryAcct><Id>23008200198932</Id></PrtryAcct></Id></CdtrAcct></RltdPties><RmtInf><Strd><AddtlRmtInf>NO REF</AddtlRmtInf></Strd><Strd><AddtlRmtInf>R Marshall-Vernon//</AddtlRmtInf></Strd></RmtInf><RltdDts><TxDtTm>2018-09-25T00:51:25</TxDtTm></RltdDts><AddtlTxInf>1000000003898925471020180925826110001</AddtlTxInf></TxDtls><AddtlNtryInf>COMPLETE//0000//003//CREDIT</AddtlNtryInf></Ntry><Ntry><Amt Ccy="GBP">80.00</Amt><CdtDbtInd>CRDT</CdtDbtInd><Sts>BOOK</Sts><BookgDt><Dt>2018-09-25</Dt></BookgDt><BkTxCd><Prtry><Cd>SIP UKBA CR 40269</Cd></Prtry></BkTxCd><TxDtls><Refs><EndToEndId>NOREF</EndToEndId><TxId>RP4679962159644200</TxId></Refs><RltdPties><Dbtr><Nm>WILKINS P</Nm></Dbtr><DbtrAcct><Id><PrtryAcct><Id>20253680991198</Id></PrtryAcct></Id></DbtrAcct><Cdtr><Nm>PAISLEY WILKINS</Nm></Cdtr><CdtrAcct><Id><PrtryAcct><Id>23008200314532</Id></PrtryAcct></Id></CdtrAcct><Prtry><Tp>TRANSFER</Tp><Pty/></Prtry></RltdPties><RmtInf><Strd><AddtlRmtInf>NO REF</AddtlRmtInf></Strd><Strd><AddtlRmtInf>WILKINS P//TRANSFER</AddtlRmtInf></Strd></RmtInf><RltdDts><TxDtTm>2018-09-25T00:56:34</TxDtTm></RltdDts><AddtlTxInf>RP46799621596442001020180925826200026</AddtlTxInf></TxDtls><AddtlNtryInf>COMPLETE//0000//003//CREDIT</AddtlNtryInf></Ntry><Ntry><Amt Ccy="GBP">20.00</Amt><CdtDbtInd>CRDT</CdtDbtInd><Sts>BOOK</Sts><BookgDt><Dt>2018-09-25</Dt></BookgDt><BkTxCd><Prtry><Cd>SIP UKBA CR 40269</Cd></Prtry></BkTxCd><TxDtls><Refs><EndToEndId>00153425632BWFMZMM</EndToEndId><TxId>00153425632BWFMZMM</TxId></Refs><RltdPties><Dbtr><Nm>MATTHEW RELF</Nm></Dbtr><DbtrAcct><Id><PrtryAcct><Id>09012920752196</Id></PrtryAcct></Id></DbtrAcct><Cdtr><Nm>Grace Daniel Tho</Nm></Cdtr><CdtrAcct><Id><PrtryAcct><Id>23008200409127</Id></PrtryAcct></Id></CdtrAcct><Prtry><Tp>friend</Tp><Pty/></Prtry></RltdPties><RmtInf><Strd><AddtlRmtInf>NO REF</AddtlRmtInf></Strd><Strd><AddtlRmtInf>MATTHEW RELF//friend</AddtlRmtInf></Strd></RmtInf><RltdDts><TxDtTm>2018-09-25T00:59:56</TxDtTm></RltdDts><AddtlTxInf>00153425632BWFMZMM1020180925826090129</AddtlTxInf></TxDtls><AddtlNtryInf>COMPLETE//0000//003//CREDIT</AddtlNtryInf></Ntry></Ntfctn></BkToCstmrDbtCdtNtfctnV01></Document>