<?xml version="1.0" encoding="UTF-8"?><Document xmlns:xsi="http://www.w3.org/2001/XMLSchema-instance" xmlns="urn:iso:std:iso:20022:tech:xsd:camt.054.001.01"><BkToCstmrDbtCdtNtfctnV01><GrpHdr><MsgId>80309K//13409</MsgId><CreDtTm>2018-09-27T18:00:00</CreDtTm></GrpHdr><Ntfctn><Id>80309K//13409//1</Id><CreDtTm>2018-09-27T18:00:00</CreDtTm><Acct><Id><PrtryAcct><Id>20594233939774</Id></PrtryAcct></Id><Ccy>GBP</Ccy></Acct><TxsSummry><TtlNtries><NbOfNtries>11</NbOfNtries><Sum>1610.33</Sum></TtlNtries><TtlCdtNtries><NbOfNtries>11</NbOfNtries><Sum>1610.33</Sum></TtlCdtNtries><TtlDbtNtries><NbOfNtries>0</NbOfNtries><Sum>0.00</Sum></TtlDbtNtries></TxsSummry><Ntry><Amt Ccy="GBP">15.00</Amt><CdtDbtInd>CRDT</CdtDbtInd><Sts>BOOK</Sts><BookgDt><Dt>2018-09-27</Dt></BookgDt><BkTxCd><Prtry><Cd>SIP UKBA CR 40269</Cd></Prtry></BkTxCd><TxDtls><Refs><EndToEndId>NOREF</EndToEndId><TxId>RP4659985459801200</TxId></Refs><RltdPties><Dbtr><Nm>MASIKINI J C</Nm></Dbtr><DbtrAcct><Id><PrtryAcct><Id>20181543850196</Id></PrtryAcct></Id></DbtrAcct><Cdtr><Nm>JC MASIKINI</Nm></Cdtr><CdtrAcct><Id><PrtryAcct><Id>23008200313660</Id></PrtryAcct></Id></CdtrAcct><Prtry><Tp>PIRINS</Tp><Pty/></Prtry></RltdPties><RmtInf><Strd><AddtlRmtInf>NO REF</AddtlRmtInf></Strd><Strd><AddtlRmtInf>MASIKINI J C//PIRINS</AddtlRmtInf></Strd></RmtInf><RltdDts><TxDtTm>2018-09-27T17:32:19</TxDtTm></RltdDts><AddtlTxInf>RP46599854598012001020180927826200026</AddtlTxInf></TxDtls><AddtlNtryInf>COMPLETE//0000//003//CREDIT</AddtlNtryInf></Ntry><Ntry><Amt Ccy="GBP">26.00</Amt><CdtDbtInd>CRDT</CdtDbtInd><Sts>BOOK</Sts><BookgDt><Dt>2018-09-27</Dt></BookgDt><BkTxCd><Prtry><Cd>SIP UKBA CR 40269</Cd></Prtry></BkTxCd><TxDtls><Refs><EndToEndId>NOREF</EndToEndId><TxId>RP4679962401424900</TxId></Refs><RltdPties><Dbtr><Nm>BRICKNELL MJ+L</Nm></Dbtr><DbtrAcct><Id><PrtryAcct><Id>20974820643882</Id></PrtryAcct></Id></DbtrAcct><Cdtr><Nm>DAREN</Nm></Cdtr><CdtrAcct><Id><PrtryAcct><Id>23008200044955</Id></PrtryAcct></Id></CdtrAcct><Prtry><Tp>CLEANING</Tp><Pty/></Prtry></RltdPties><RmtInf><Strd><AddtlRmtInf>NO REF</AddtlRmtInf></Strd><Strd><AddtlRmtInf>BRICKNELL MJ+L//CLEANING</AddtlRmtInf></Strd></RmtInf><RltdDts><TxDtTm>2018-09-27T17:44:40</TxDtTm></RltdDts><AddtlTxInf>RP46799624014249001020180927826200026</AddtlTxInf></TxDtls><AddtlNtryInf>COMPLETE//0000//003//CREDIT</AddtlNtryInf></Ntry><Ntry><Amt Ccy="GBP">25.00</Amt><CdtDbtInd>CRDT</CdtDbtInd><Sts>BOOK</Sts><BookgDt><Dt>2018-09-27</Dt></BookgDt><BkTxCd><Prtry><Cd>SIP UKBA CR 40269</Cd></Prtry></BkTxCd><TxDtls><Refs><EndToEndId>NOREF</EndToEndId><TxId>300000000396098686</TxId></Refs><RltdPties><Dbtr><Nm>E Donker</Nm></Dbtr><DbtrAcct><Id><PrtryAcct><Id>30155364864460</Id></PrtryAcct></Id></DbtrAcct><Cdtr><Nm>ADEWOLE KANAYO</Nm></Cdtr><CdtrAcct><Id><PrtryAcct><Id>23008200471084</Id></PrtryAcct></Id></CdtrAcct><Prtry><Tp>BAGS</Tp><Pty/></Prtry></RltdPties><RmtInf><Strd><AddtlRmtInf>NO REF</AddtlRmtInf></Strd><Strd><AddtlRmtInf>E Donker//BAGS</AddtlRmtInf></Strd></RmtInf><RltdDts><TxDtTm>2018-09-27T17:44:45</TxDtTm></RltdDts><AddtlTxInf>3000000003960986861020180927826301553</AddtlTxInf></TxDtls><AddtlNtryInf>COMPLETE//0000//003//CREDIT</AddtlNtryInf></Ntry><Ntry><Amt Ccy="GBP">827.38</Amt><CdtDbtInd>CRDT</CdtDbtInd><Sts>BOOK</Sts><BookgDt><Dt>2018-09-27</Dt></BookgDt><BkTxCd><Prtry><Cd>DCA UKBA CR 40269</Cd></Prtry></BkTxCd><TxDtls><Refs><EndToEndId>NOREF</EndToEndId><TxId>000000013688284001</TxId><Prtry><Tp>STO REF</Tp><Ref>0000</Ref></Prtry></Refs><RltdPties><Dbtr><Nm>WE 300918</Nm></Dbtr><DbtrAcct><Id><PrtryAcct><Id>20956130581720</Id></PrtryAcct></Id></DbtrAcct><Cdtr><Nm>MR VIRGIL ROMEO SC</Nm></Cdtr><CdtrAcct><Id><PrtryAcct><Id>23008200189328</Id></PrtryAcct></Id></CdtrAcct><Prtry><Tp>085022</Tp><Pty/></Prtry></RltdPties><RmtInf><Strd><AddtlRmtInf>NO REF</AddtlRmtInf></Strd><Strd><AddtlRmtInf>WE 300918//085022</AddtlRmtInf></Strd></RmtInf><RltdDts><TxDtTm>2018-09-27T17:45:39</TxDtTm></RltdDts><AddtlTxInf>0000000136882840015020180927826209561</AddtlTxInf></TxDtls><AddtlNtryInf>COMPLETE//0000//003//CREDIT</AddtlNtryInf></Ntry><Ntry><Amt Ccy="GBP">311.92</Amt><CdtDbtInd>CRDT</CdtDbtInd><Sts>BOOK</Sts><BookgDt><Dt>2018-09-27</Dt></BookgDt><BkTxCd><Prtry><Cd>FDP UKBA CR 40269</Cd></Prtry></BkTxCd><TxDtls><Refs><EndToEndId>00150469632BBZSBPF</EndToEndId><TxId>00150469632BBZSBPF</TxId></Refs><RltdPties><Dbtr><Nm>BACKOFFICE ONE LIMITED</Nm></Dbtr><DbtrAcct><Id><PrtryAcct><Id>09022210605642</Id></PrtryAcct></Id></DbtrAcct><Cdtr><Nm>P Goldir</Nm></Cdtr><CdtrAcct><Id><PrtryAcct><Id>23008200023785</Id></PrtryAcct></Id></CdtrAcct><Prtry><Tp>2S81166</Tp><Pty/></Prtry></RltdPties><RmtInf><Strd><AddtlRmtInf>NO REF</AddtlRmtInf></Strd><Strd><AddtlRmtInf>BACKOFFICE ONE LIM//2S81166</AddtlRmtInf></Strd></RmtInf><RltdDts><TxDtTm>2018-09-27T17:52:53</TxDtTm></RltdDts><AddtlTxInf>00150469632BBZSBPF4020180927826090222</AddtlTxInf></TxDtls><AddtlNtryInf>COMPLETE//0000//003//CREDIT</AddtlNtryInf></Ntry><Ntry><Amt Ccy="GBP">294.82</Amt><CdtDbtInd>CRDT</CdtDbtInd><Sts>BOOK</Sts><BookgDt><Dt>2018-09-27</Dt></BookgDt><BkTxCd><Prtry><Cd>FDP UKBA CR 40269</Cd></Prtry></BkTxCd><TxDtls><Refs><EndToEndId>00150469632BBZSBPG</EndToEndId><TxId>00150469632BBZSBPG</TxId></Refs><RltdPties><Dbtr><Nm>BACKOFFICE ONE LIMITED</Nm></Dbtr><DbtrAcct><Id><PrtryAcct><Id>09022210605642</Id></PrtryAcct></Id></DbtrAcct><Cdtr><Nm>MACIEJ GILEWSKI</Nm></Cdtr><CdtrAcct><Id><PrtryAcct><Id>23008200303322</Id></PrtryAcct></Id></CdtrAcct><Prtry><Tp>2S92341</Tp><Pty/></Prtry></RltdPties><RmtInf><Strd><AddtlRmtInf>NO REF</AddtlRmtInf></Strd><Strd><AddtlRmtInf>BACKOFFICE ONE LIM//2S92341</AddtlRmtInf></Strd></RmtInf><RltdDts><TxDtTm>2018-09-27T17:52:53</TxDtTm></RltdDts><AddtlTxInf>00150469632BBZSBPG4020180927826090222</AddtlTxInf></TxDtls><AddtlNtryInf>COMPLETE//0000//003//CREDIT</AddtlNtryInf></Ntry><Ntry><Amt Ccy="GBP">20.00</Amt><CdtDbtInd>CRDT</CdtDbtInd><Sts>BOOK</Sts><BookgDt><Dt>2018-09-27</Dt></BookgDt><BkTxCd><Prtry><Cd>SIP UKBA CR 40269</Cd></Prtry></BkTxCd><TxDtls><Refs><EndToEndId>NOREF</EndToEndId><TxId>FP18270O10143522</TxId></Refs><RltdPties><Dbtr><Nm>Zahid Mohammad</Nm></Dbtr><DbtrAcct><Id><PrtryAcct><Id>07043640959008</Id></PrtryAcct></Id></DbtrAcct><Cdtr><Nm>SHAHID</Nm></Cdtr><CdtrAcct><Id><PrtryAcct><Id>23008200446837</Id></PrtryAcct></Id></CdtrAcct><Prtry><Tp>ETC</Tp><Pty/></Prtry></RltdPties><RmtInf><Strd><AddtlRmtInf>NO REF</AddtlRmtInf></Strd><Strd><AddtlRmtInf>Zahid Mohammad//ETC</AddtlRmtInf></Strd></RmtInf><RltdDts><TxDtTm>2018-09-27T17:55:12</TxDtTm></RltdDts><AddtlTxInf>FP18270O10143522  1020180927826070436</AddtlTxInf></TxDtls><AddtlNtryInf>COMPLETE//0000//003//CREDIT</AddtlNtryInf></Ntry><Ntry><Amt Ccy="GBP">0.01</Amt><CdtDbtInd>CRDT</CdtDbtInd><Sts>BOOK</Sts><BookgDt><Dt>2018-09-27</Dt></BookgDt><BkTxCd><Prtry><Cd>SIP UKBA CR 40269</Cd></Prtry></BkTxCd><TxDtls><Refs><EndToEndId>PPRD00000000AQMW1M</EndToEndId><TxId>PPRD00000000AQMW1M</TxId></Refs><RltdPties><Dbtr><Nm>PAYPAL CODE 6743</Nm><PstlAdr><AdrLine>2211 N 1st Street San Jose CA 95131</AdrLine><Ctry/></PstlAdr></Dbtr><DbtrAcct><Id><PrtryAcct><Id>23526285010101</Id></PrtryAcct></Id></DbtrAcct><Cdtr><Nm>Jack White</Nm><PstlAdr><AdrLine>50 Whelpley Hill Park</AdrLine><Ctry/></PstlAdr></Cdtr><CdtrAcct><Id><PrtryAcct><Id>23008200350999</Id></PrtryAcct></Id></CdtrAcct><Prtry><Tp>PAYPAL CODE 6743</Tp><Pty/></Prtry></RltdPties><RmtInf><Strd><RfrdDocInf><RfrdDocTp><Prtry>002</Prtry></RfrdDocTp></RfrdDocInf><AddtlRmtInf>NO REF</AddtlRmtInf></Strd><Strd><AddtlRmtInf>PAYPAL CODE 6743//PAYPAL CODE 6743</AddtlRmtInf></Strd></RmtInf><RltdDts><TxDtTm>2018-09-27T17:56:21</TxDtTm></RltdDts><AddtlTxInf>PPRD00000000AQMW1M1020180927826235262</AddtlTxInf></TxDtls><AddtlNtryInf>COMPLETE//0000//003//CREDIT</AddtlNtryInf></Ntry><Ntry><Amt Ccy="GBP">0.20</Amt><CdtDbtInd>CRDT</CdtDbtInd><Sts>BOOK</Sts><BookgDt><Dt>2018-09-27</Dt></BookgDt><BkTxCd><Prtry><Cd>SIP UKBA CR 40269</Cd></Prtry></BkTxCd><TxDtls><Refs><EndToEndId>NOREF</EndToEndId><TxId>600000000392170302</TxId></Refs><RltdPties><Dbtr><Nm>d mihai</Nm></Dbtr><DbtrAcct><Id><PrtryAcct><Id>30945589446668</Id></PrtryAcct></Id></DbtrAcct><Cdtr><Nm>DANIEL</Nm></Cdtr><CdtrAcct><Id><PrtryAcct><Id>23008200438859</Id></PrtryAcct></Id></CdtrAcct><Prtry><Tp>BUSS PASS</Tp><Pty/></Prtry></RltdPties><RmtInf><Strd><AddtlRmtInf>NO REF</AddtlRmtInf></Strd><Strd><AddtlRmtInf>d mihai//BUSS PASS</AddtlRmtInf></Strd></RmtInf><RltdDts><TxDtTm>2018-09-27T17:56:45</TxDtTm></RltdDts><AddtlTxInf>6000000003921703021020180927826309455</AddtlTxInf></TxDtls><AddtlNtryInf>COMPLETE//0000//003//CREDIT</AddtlNtryInf></Ntry><Ntry><Amt Ccy="GBP">30.00</Amt><CdtDbtInd>CRDT</CdtDbtInd><Sts>BOOK</Sts><BookgDt><Dt>2018-09-27</Dt></BookgDt><BkTxCd><Prtry><Cd>SIP UKBA CR 40269</Cd></Prtry></BkTxCd><TxDtls><Refs><EndToEndId>NOREF</EndToEndId><TxId>819796607571729001</TxId><Prtry><Tp>STO REF</Tp><Ref>0000</Ref></Prtry></Refs><RltdPties><Dbtr><Nm>RADI H B</Nm></Dbtr><DbtrAcct><Id><PrtryAcct><Id>40292682060566</Id></PrtryAcct></Id></DbtrAcct><Cdtr><Nm>haryati radi</Nm></Cdtr><CdtrAcct><Id><PrtryAcct><Id>23008200103968</Id></PrtryAcct></Id></CdtrAcct><Prtry><Tp>sundry use</Tp><Pty/></Prtry></RltdPties><RmtInf><Strd><AddtlRmtInf>NO REF</AddtlRmtInf></Strd><Strd><AddtlRmtInf>RADI H B//sundry use</AddtlRmtInf></Strd></RmtInf><RltdDts><TxDtTm>2018-09-27T17:57:07</TxDtTm></RltdDts><AddtlTxInf>8197966075717290011020180927826402926</AddtlTxInf></TxDtls><AddtlNtryInf>COMPLETE//0000//003//CREDIT</AddtlNtryInf></Ntry><Ntry><Amt Ccy="GBP">60.00</Amt><CdtDbtInd>CRDT</CdtDbtInd><Sts>BOOK</Sts><BookgDt><Dt>2018-09-27</Dt></BookgDt><BkTxCd><Prtry><Cd>SIP UKBA CR 40269</Cd></Prtry></BkTxCd><TxDtls><Refs><EndToEndId>NOREF</EndToEndId><TxId>RP4679962402658800</TxId></Refs><RltdPties><Dbtr><Nm>GUNN D H A</Nm></Dbtr><DbtrAcct><Id><PrtryAcct><Id>20679010603147</Id></PrtryAcct></Id></DbtrAcct><Cdtr><Nm>JORDAN J RILEY</Nm></Cdtr><CdtrAcct><Id><PrtryAcct><Id>23008200445182</Id></PrtryAcct></Id></CdtrAcct><Prtry><Tp>HABIDASHERY</Tp><Pty/></Prtry></RltdPties><RmtInf><Strd><AddtlRmtInf>NO REF</AddtlRmtInf></Strd><Strd><AddtlRmtInf>GUNN D H A//HABIDASHERY</AddtlRmtInf></Strd></RmtInf><RltdDts><TxDtTm>2018-09-27T17:58:43</TxDtTm></RltdDts><AddtlTxInf>RP46799624026588001020180927826200026</AddtlTxInf></TxDtls><AddtlNtryInf>COMPLETE//0000//003//CREDIT</AddtlNtryInf></Ntry></Ntfctn></BkToCstmrDbtCdtNtfctnV01></Document>