<?xml version="1.0" encoding="UTF-8"?><Document xmlns:xsi="http://www.w3.org/2001/XMLSchema-instance" xmlns="urn:iso:std:iso:20022:tech:xsd:camt.054.001.01"><BkToCstmrDbtCdtNtfctnV01><GrpHdr><MsgId>80309K//12921</MsgId><CreDtTm>2018-09-16T12:00:00</CreDtTm></GrpHdr><Ntfctn><Id>80309K//12921//1</Id><CreDtTm>2018-09-16T12:00:00</CreDtTm><Acct><Id><PrtryAcct><Id>20594233939774</Id></PrtryAcct></Id><Ccy>GBP</Ccy></Acct><TxsSummry><TtlNtries><NbOfNtries>5</NbOfNtries><Sum>92.47</Sum></TtlNtries><TtlCdtNtries><NbOfNtries>5</NbOfNtries><Sum>92.47</Sum></TtlCdtNtries><TtlDbtNtries><NbOfNtries>0</NbOfNtries><Sum>0.00</Sum></TtlDbtNtries></TxsSummry><Ntry><Amt Ccy="GBP">9.14</Amt><CdtDbtInd>CRDT</CdtDbtInd><Sts>BOOK</Sts><BookgDt><Dt>2018-09-17</Dt></BookgDt><BkTxCd><Prtry><Cd>SIP UKBA CR 40269</Cd></Prtry></BkTxCd><TxDtls><Refs><EndToEndId>BILLS</EndToEndId><TxId>18113137566353000N</TxId><Prtry><Tp>STO REF</Tp><Ref>0000</Ref></Prtry></Refs><RltdPties><Dbtr><Nm>MORRISON LD</Nm></Dbtr><DbtrAcct><Id><PrtryAcct><Id>01095460611340</Id></PrtryAcct></Id></DbtrAcct><Cdtr><Nm>ARRO BILL CARD</Nm></Cdtr><CdtrAcct><Id><PrtryAcct><Id>23008200181249</Id></PrtryAcct></Id></CdtrAcct><Prtry><Tp>BILLS</Tp><Pty/></Prtry></RltdPties><RmtInf><Strd><AddtlRmtInf>MORRISON LD       BILLS             VIA MOBILE - LVP</AddtlRmtInf></Strd><Strd><AddtlRmtInf>MORRISON LD//BILLS</AddtlRmtInf></Strd></RmtInf><RltdDts><TxDtTm>2018-09-16T11:31:38</TxDtTm></RltdDts><AddtlTxInf>18113137566353000N1020180916826010954</AddtlTxInf></TxDtls><AddtlNtryInf>COMPLETE//0000//003//CREDIT</AddtlNtryInf></Ntry><Ntry><Amt Ccy="GBP">36.00</Amt><CdtDbtInd>CRDT</CdtDbtInd><Sts>BOOK</Sts><BookgDt><Dt>2018-09-17</Dt></BookgDt><BkTxCd><Prtry><Cd>SIP UKBA CR 40269</Cd></Prtry></BkTxCd><TxDtls><Refs><EndToEndId>NOREF</EndToEndId><TxId>RP4679961494387500</TxId></Refs><RltdPties><Dbtr><Nm>M H BEWERS  T/AS</Nm></Dbtr><DbtrAcct><Id><PrtryAcct><Id>20693480448214</Id></PrtryAcct></Id></DbtrAcct><Cdtr><Nm>ADAM BEARD</Nm></Cdtr><CdtrAcct><Id><PrtryAcct><Id>23008200297102</Id></PrtryAcct></Id></CdtrAcct><Prtry><Tp>ADAM/2</Tp><Pty/></Prtry></RltdPties><RmtInf><Strd><AddtlRmtInf>NO REF</AddtlRmtInf></Strd><Strd><AddtlRmtInf>M H BEWERS  T/AS//ADAM/2</AddtlRmtInf></Strd></RmtInf><RltdDts><TxDtTm>2018-09-16T11:35:23</TxDtTm></RltdDts><AddtlTxInf>RP46799614943875001020180916826200026</AddtlTxInf></TxDtls><AddtlNtryInf>COMPLETE//0000//003//CREDIT</AddtlNtryInf></Ntry><Ntry><Amt Ccy="GBP">36.33</Amt><CdtDbtInd>CRDT</CdtDbtInd><Sts>BOOK</Sts><BookgDt><Dt>2018-09-17</Dt></BookgDt><BkTxCd><Prtry><Cd>SIP UKBA CR 40269</Cd></Prtry></BkTxCd><TxDtls><Refs><EndToEndId>PPWD00000000ANOWO2</EndToEndId><TxId>PPWD00000000ANOWO2</TxId></Refs><RltdPties><Dbtr><Nm>PayPal</Nm><PstlAdr><AdrLine>2211 N 1st Street San Jose CA 95131</AdrLine><Ctry/></PstlAdr></Dbtr><DbtrAcct><Id><PrtryAcct><Id>23526278959595</Id></PrtryAcct></Id></DbtrAcct><Cdtr><Nm>shaun rowley</Nm><PstlAdr><AdrLine>18 Chaucer Road</AdrLine><Ctry/></PstlAdr></Cdtr><CdtrAcct><Id><PrtryAcct><Id>23008200195443</Id></PrtryAcct></Id></CdtrAcct><Prtry><Tp>PPWDL5RP22AL4Y49NL</Tp><Pty/></Prtry></RltdPties><RmtInf><Strd><RfrdDocInf><RfrdDocTp><Prtry>002</Prtry></RfrdDocTp></RfrdDocInf><AddtlRmtInf>NO REF</AddtlRmtInf></Strd><Strd><AddtlRmtInf>PayPal//PPWDL5RP22AL4Y49NL</AddtlRmtInf></Strd></RmtInf><RltdDts><TxDtTm>2018-09-16T11:41:11</TxDtTm></RltdDts><AddtlTxInf>PPWD00000000ANOWO21020180916826235262</AddtlTxInf></TxDtls><AddtlNtryInf>COMPLETE//0000//003//CREDIT</AddtlNtryInf></Ntry><Ntry><Amt Ccy="GBP">10.00</Amt><CdtDbtInd>CRDT</CdtDbtInd><Sts>BOOK</Sts><BookgDt><Dt>2018-09-17</Dt></BookgDt><BkTxCd><Prtry><Cd>SIP UKBA CR 40269</Cd></Prtry></BkTxCd><TxDtls><Refs><EndToEndId>NOREF</EndToEndId><TxId>RP4659984657204600</TxId></Refs><RltdPties><Dbtr><Nm>AHAMMED M F</Nm></Dbtr><DbtrAcct><Id><PrtryAcct><Id>20089893472752</Id></PrtryAcct></Id></DbtrAcct><Cdtr><Nm>FOYSAL AHAMMED</Nm></Cdtr><CdtrAcct><Id><PrtryAcct><Id>23008200213245</Id></PrtryAcct></Id></CdtrAcct><Prtry><Tp>OWN</Tp><Pty/></Prtry></RltdPties><RmtInf><Strd><AddtlRmtInf>NO REF</AddtlRmtInf></Strd><Strd><AddtlRmtInf>AHAMMED M F//OWN</AddtlRmtInf></Strd></RmtInf><RltdDts><TxDtTm>2018-09-16T11:47:15</TxDtTm></RltdDts><AddtlTxInf>RP46599846572046001020180916826200026</AddtlTxInf></TxDtls><AddtlNtryInf>COMPLETE//0000//003//CREDIT</AddtlNtryInf></Ntry><Ntry><Amt Ccy="GBP">1.00</Amt><CdtDbtInd>CRDT</CdtDbtInd><Sts>BOOK</Sts><BookgDt><Dt>2018-09-17</Dt></BookgDt><BkTxCd><Prtry><Cd>SIP UKBA CR 40269</Cd></Prtry></BkTxCd><TxDtls><Refs><EndToEndId>00151479632BBKLQRS</EndToEndId><TxId>00151479632BBKLQRS</TxId></Refs><RltdPties><Dbtr><Nm>HAIMON BERHANE</Nm></Dbtr><DbtrAcct><Id><PrtryAcct><Id>09012696676771</Id></PrtryAcct></Id></DbtrAcct><Cdtr><Nm>H BERHANE</Nm></Cdtr><CdtrAcct><Id><PrtryAcct><Id>23008200063381</Id></PrtryAcct></Id></CdtrAcct><Prtry><Tp>t</Tp><Pty/></Prtry></RltdPties><RmtInf><Strd><AddtlRmtInf>NO REF</AddtlRmtInf></Strd><Strd><AddtlRmtInf>HAIMON BERHANE//t</AddtlRmtInf></Strd></RmtInf><RltdDts><TxDtTm>2018-09-16T11:53:04</TxDtTm></RltdDts><AddtlTxInf>00151479632BBKLQRS1020180916826090126</AddtlTxInf></TxDtls><AddtlNtryInf>COMPLETE//0000//003//CREDIT</AddtlNtryInf></Ntry></Ntfctn></BkToCstmrDbtCdtNtfctnV01></Document>