<?xml version="1.0" encoding="UTF-8"?><Document xmlns:xsi="http://www.w3.org/2001/XMLSchema-instance" xmlns="urn:iso:std:iso:20022:tech:xsd:camt.054.001.01"><BkToCstmrDbtCdtNtfctnV01><GrpHdr><MsgId>80309K//12838</MsgId><CreDtTm>2018-09-14T10:30:00</CreDtTm></GrpHdr><Ntfctn><Id>80309K//12838//1</Id><CreDtTm>2018-09-14T10:30:00</CreDtTm><Acct><Id><PrtryAcct><Id>20594233939774</Id></PrtryAcct></Id><Ccy>GBP</Ccy></Acct><TxsSummry><TtlNtries><NbOfNtries>13</NbOfNtries><Sum>3886.75</Sum></TtlNtries><TtlCdtNtries><NbOfNtries>13</NbOfNtries><Sum>3886.75</Sum></TtlCdtNtries><TtlDbtNtries><NbOfNtries>0</NbOfNtries><Sum>0.00</Sum></TtlDbtNtries></TxsSummry><Ntry><Amt Ccy="GBP">364.00</Amt><CdtDbtInd>CRDT</CdtDbtInd><Sts>BOOK</Sts><BookgDt><Dt>2018-09-14</Dt></BookgDt><BkTxCd><Prtry><Cd>SIP UKBA CR 40269</Cd></Prtry></BkTxCd><TxDtls><Refs><EndToEndId>NOREF</EndToEndId><TxId>FP18257O19211801</TxId></Refs><RltdPties><Dbtr><Nm>Webb Linda</Nm></Dbtr><DbtrAcct><Id><PrtryAcct><Id>07011620027219</Id></PrtryAcct></Id></DbtrAcct><Cdtr><Nm>JAMES</Nm></Cdtr><CdtrAcct><Id><PrtryAcct><Id>23008200353142</Id></PrtryAcct></Id></CdtrAcct><Prtry><Tp>WEBB</Tp><Pty/></Prtry></RltdPties><RmtInf><Strd><AddtlRmtInf>NO REF</AddtlRmtInf></Strd><Strd><AddtlRmtInf>Webb Linda//WEBB</AddtlRmtInf></Strd></RmtInf><RltdDts><TxDtTm>2018-09-14T10:00:39</TxDtTm></RltdDts><AddtlTxInf>FP18257O19211801  1020180914826070116</AddtlTxInf></TxDtls><AddtlNtryInf>COMPLETE//0000//001//CREDIT</AddtlNtryInf></Ntry><Ntry><Amt Ccy="GBP">350.00</Amt><CdtDbtInd>CRDT</CdtDbtInd><Sts>BOOK</Sts><BookgDt><Dt>2018-09-14</Dt></BookgDt><BkTxCd><Prtry><Cd>SIP UKBA CR 40269</Cd></Prtry></BkTxCd><TxDtls><Refs><EndToEndId>NOREF</EndToEndId><TxId>959247650001419001</TxId><Prtry><Tp>STO REF</Tp><Ref>0000</Ref></Prtry></Refs><RltdPties><Dbtr><Nm>MIR H</Nm></Dbtr><DbtrAcct><Id><PrtryAcct><Id>40100051556991</Id></PrtryAcct></Id></DbtrAcct><Cdtr><Nm>T T Senenge</Nm></Cdtr><CdtrAcct><Id><PrtryAcct><Id>23008200297504</Id></PrtryAcct></Id></CdtrAcct><Prtry><Tp>expenses</Tp><Pty/></Prtry></RltdPties><RmtInf><Strd><AddtlRmtInf>NO REF</AddtlRmtInf></Strd><Strd><AddtlRmtInf>MIR H//expenses</AddtlRmtInf></Strd></RmtInf><RltdDts><TxDtTm>2018-09-14T10:00:57</TxDtTm></RltdDts><AddtlTxInf>9592476500014190011020180914826401000</AddtlTxInf></TxDtls><AddtlNtryInf>COMPLETE//0000//001//CREDIT</AddtlNtryInf></Ntry><Ntry><Amt Ccy="GBP">1.00</Amt><CdtDbtInd>CRDT</CdtDbtInd><Sts>BOOK</Sts><BookgDt><Dt>2018-09-14</Dt></BookgDt><BkTxCd><Prtry><Cd>SIP UKBA CR 40269</Cd></Prtry></BkTxCd><TxDtls><Refs><EndToEndId>NOREF</EndToEndId><TxId>500000000388667373</TxId></Refs><RltdPties><Dbtr><Nm>L Clark</Nm></Dbtr><DbtrAcct><Id><PrtryAcct><Id>11031611847268</Id></PrtryAcct></Id></DbtrAcct><Cdtr><Nm>CHRISTOPHER</Nm></Cdtr><CdtrAcct><Id><PrtryAcct><Id>23008200245908</Id></PrtryAcct></Id></CdtrAcct><Prtry><Tp>CASH</Tp><Pty/></Prtry></RltdPties><RmtInf><Strd><AddtlRmtInf>NO REF</AddtlRmtInf></Strd><Strd><AddtlRmtInf>L Clark//CASH</AddtlRmtInf></Strd></RmtInf><RltdDts><TxDtTm>2018-09-14T10:02:38</TxDtTm></RltdDts><AddtlTxInf>5000000003886673731020180914826110316</AddtlTxInf></TxDtls><AddtlNtryInf>COMPLETE//0000//001//CREDIT</AddtlNtryInf></Ntry><Ntry><Amt Ccy="GBP">150.00</Amt><CdtDbtInd>CRDT</CdtDbtInd><Sts>BOOK</Sts><BookgDt><Dt>2018-09-14</Dt></BookgDt><BkTxCd><Prtry><Cd>SIP UKBA CR 40269</Cd></Prtry></BkTxCd><TxDtls><Refs><EndToEndId>NOREF</EndToEndId><TxId>300000000392316866</TxId></Refs><RltdPties><Dbtr><Nm>E Nae</Nm></Dbtr><DbtrAcct><Id><PrtryAcct><Id>11034713987164</Id></PrtryAcct></Id></DbtrAcct><Cdtr><Nm>S DRACEA</Nm></Cdtr><CdtrAcct><Id><PrtryAcct><Id>23008200363268</Id></PrtryAcct></Id></CdtrAcct><Prtry><Tp>MAMA</Tp><Pty/></Prtry></RltdPties><RmtInf><Strd><AddtlRmtInf>NO REF</AddtlRmtInf></Strd><Strd><AddtlRmtInf>E Nae//MAMA</AddtlRmtInf></Strd></RmtInf><RltdDts><TxDtTm>2018-09-14T10:03:06</TxDtTm></RltdDts><AddtlTxInf>3000000003923168661020180914826110347</AddtlTxInf></TxDtls><AddtlNtryInf>COMPLETE//0000//001//CREDIT</AddtlNtryInf></Ntry><Ntry><Amt Ccy="GBP">39.00</Amt><CdtDbtInd>CRDT</CdtDbtInd><Sts>BOOK</Sts><BookgDt><Dt>2018-09-14</Dt></BookgDt><BkTxCd><Prtry><Cd>SIP UKBA CR 40269</Cd></Prtry></BkTxCd><TxDtls><Refs><EndToEndId>NOREF</EndToEndId><TxId>180914100603914973</TxId></Refs><RltdPties><Dbtr><Nm>Chidera Egerue</Nm></Dbtr><DbtrAcct><Id><PrtryAcct><Id>30981421838968</Id></PrtryAcct></Id></DbtrAcct><Cdtr><Nm>chidera egerue</Nm></Cdtr><CdtrAcct><Id><PrtryAcct><Id>23008200319844</Id></PrtryAcct></Id></CdtrAcct></RltdPties><RmtInf><Strd><AddtlRmtInf>NO REF</AddtlRmtInf></Strd><Strd><AddtlRmtInf>Chidera Egerue//</AddtlRmtInf></Strd></RmtInf><RltdDts><TxDtTm>2018-09-14T10:06:01</TxDtTm></RltdDts><AddtlTxInf>1809141006039149731020180914826309814</AddtlTxInf></TxDtls><AddtlNtryInf>COMPLETE//0000//001//CREDIT</AddtlNtryInf></Ntry><Ntry><Amt Ccy="GBP">10.00</Amt><CdtDbtInd>CRDT</CdtDbtInd><Sts>BOOK</Sts><BookgDt><Dt>2018-09-14</Dt></BookgDt><BkTxCd><Prtry><Cd>SIP UKBA CR 40269</Cd></Prtry></BkTxCd><TxDtls><Refs><EndToEndId>00157771632BBKHSPF</EndToEndId><TxId>00157771632BBKHSPF</TxId></Refs><RltdPties><Dbtr><Nm>JAMIE GREER</Nm></Dbtr><DbtrAcct><Id><PrtryAcct><Id>09012803089902</Id></PrtryAcct></Id></DbtrAcct><Cdtr><Nm>S HOLMES</Nm></Cdtr><CdtrAcct><Id><PrtryAcct><Id>23008200319008</Id></PrtryAcct></Id></CdtrAcct><Prtry><Tp>Jamie</Tp><Pty/></Prtry></RltdPties><RmtInf><Strd><AddtlRmtInf>NO REF</AddtlRmtInf></Strd><Strd><AddtlRmtInf>JAMIE GREER//Jamie</AddtlRmtInf></Strd></RmtInf><RltdDts><TxDtTm>2018-09-14T10:06:20</TxDtTm></RltdDts><AddtlTxInf>00157771632BBKHSPF1020180914826090128</AddtlTxInf></TxDtls><AddtlNtryInf>COMPLETE//0000//001//CREDIT</AddtlNtryInf></Ntry><Ntry><Amt Ccy="GBP">1061.35</Amt><CdtDbtInd>CRDT</CdtDbtInd><Sts>BOOK</Sts><BookgDt><Dt>2018-09-14</Dt></BookgDt><BkTxCd><Prtry><Cd>SIP UKBA CR 40269</Cd></Prtry></BkTxCd><TxDtls><Refs><EndToEndId>NOREF</EndToEndId><TxId>RP4659984518406600</TxId></Refs><RltdPties><Dbtr><Nm>CLIMATIC VEN LTD</Nm></Dbtr><DbtrAcct><Id><PrtryAcct><Id>20240970168025</Id></PrtryAcct></Id></DbtrAcct><Cdtr><Nm>STEVEN HOLMES</Nm></Cdtr><CdtrAcct><Id><PrtryAcct><Id>23008200319008</Id></PrtryAcct></Id></CdtrAcct><Prtry><Tp>CLIMATIC VENT LTD</Tp><Pty/></Prtry></RltdPties><RmtInf><Strd><AddtlRmtInf>NO REF</AddtlRmtInf></Strd><Strd><AddtlRmtInf>CLIMATIC VEN LTD//CLIMATIC VENT LTD</AddtlRmtInf></Strd></RmtInf><RltdDts><TxDtTm>2018-09-14T10:09:49</TxDtTm></RltdDts><AddtlTxInf>RP46599845184066001020180914826200026</AddtlTxInf></TxDtls><AddtlNtryInf>COMPLETE//0000//001//CREDIT</AddtlNtryInf></Ntry><Ntry><Amt Ccy="GBP">1267.20</Amt><CdtDbtInd>CRDT</CdtDbtInd><Sts>BOOK</Sts><BookgDt><Dt>2018-09-14</Dt></BookgDt><BkTxCd><Prtry><Cd>SIP UKBA CR 40269</Cd></Prtry></BkTxCd><TxDtls><Refs><EndToEndId>ROBERT HANLEY 6</EndToEndId><TxId>57101151479609000N</TxId><Prtry><Tp>STO REF</Tp><Ref>0000</Ref></Prtry></Refs><RltdPties><Dbtr><Nm>PIPING ENGINEERING</Nm></Dbtr><DbtrAcct><Id><PrtryAcct><Id>60073548606774</Id></PrtryAcct></Id></DbtrAcct><Cdtr><Nm>FREQUENCY CONSULT</Nm></Cdtr><CdtrAcct><Id><PrtryAcct><Id>23008200032016</Id></PrtryAcct></Id></CdtrAcct><Prtry><Tp>ROBERT HANLEY 6</Tp><Pty/></Prtry></RltdPties><RmtInf><Strd><AddtlRmtInf>PIPING ENGINEERINGROBERT HANLEY 6   VIA ONLINE - PYMT</AddtlRmtInf></Strd><Strd><AddtlRmtInf>PIPING ENGINEERING//ROBERT HANLEY 6</AddtlRmtInf></Strd></RmtInf><RltdDts><TxDtTm>2018-09-14T10:11:51</TxDtTm></RltdDts><AddtlTxInf>57101151479609000N1020180914826600735</AddtlTxInf></TxDtls><AddtlNtryInf>COMPLETE//0000//001//CREDIT</AddtlNtryInf></Ntry><Ntry><Amt Ccy="GBP">120.00</Amt><CdtDbtInd>CRDT</CdtDbtInd><Sts>BOOK</Sts><BookgDt><Dt>2018-09-14</Dt></BookgDt><BkTxCd><Prtry><Cd>SIP UKBA CR 40269</Cd></Prtry></BkTxCd><TxDtls><Refs><EndToEndId>NOREF</EndToEndId><TxId>500000000388671778</TxId></Refs><RltdPties><Dbtr><Nm>RAINS SERVICES LIM</Nm></Dbtr><DbtrAcct><Id><PrtryAcct><Id>80088010289365</Id></PrtryAcct></Id></DbtrAcct><Cdtr><Nm>FELIX OPPONG</Nm></Cdtr><CdtrAcct><Id><PrtryAcct><Id>23008200169046</Id></PrtryAcct></Id></CdtrAcct><Prtry><Tp>FELIX</Tp><Pty/></Prtry></RltdPties><RmtInf><Strd><AddtlRmtInf>NO REF</AddtlRmtInf></Strd><Strd><AddtlRmtInf>RAINS SERVICES LIM//FELIX</AddtlRmtInf></Strd></RmtInf><RltdDts><TxDtTm>2018-09-14T10:13:25</TxDtTm></RltdDts><AddtlTxInf>5000000003886717781020180914826800880</AddtlTxInf></TxDtls><AddtlNtryInf>COMPLETE//0000//001//CREDIT</AddtlNtryInf></Ntry><Ntry><Amt Ccy="GBP">35.00</Amt><CdtDbtInd>CRDT</CdtDbtInd><Sts>BOOK</Sts><BookgDt><Dt>2018-09-14</Dt></BookgDt><BkTxCd><Prtry><Cd>SIP UKBA CR 40269</Cd></Prtry></BkTxCd><TxDtls><Refs><EndToEndId>NOREF</EndToEndId><TxId>400000000393469977</TxId></Refs><RltdPties><Dbtr><Nm>A Zaharia</Nm></Dbtr><DbtrAcct><Id><PrtryAcct><Id>30987138413863</Id></PrtryAcct></Id></DbtrAcct><Cdtr><Nm>MICHELLE LAWRENSON</Nm></Cdtr><CdtrAcct><Id><PrtryAcct><Id>23008200162617</Id></PrtryAcct></Id></CdtrAcct></RltdPties><RmtInf><Strd><AddtlRmtInf>NO REF</AddtlRmtInf></Strd><Strd><AddtlRmtInf>A Zaharia//</AddtlRmtInf></Strd></RmtInf><RltdDts><TxDtTm>2018-09-14T10:14:35</TxDtTm></RltdDts><AddtlTxInf>4000000003934699771020180914826309871</AddtlTxInf></TxDtls><AddtlNtryInf>COMPLETE//0000//001//CREDIT</AddtlNtryInf></Ntry><Ntry><Amt Ccy="GBP">20.00</Amt><CdtDbtInd>CRDT</CdtDbtInd><Sts>BOOK</Sts><BookgDt><Dt>2018-09-14</Dt></BookgDt><BkTxCd><Prtry><Cd>SIP UKBA CR 40269</Cd></Prtry></BkTxCd><TxDtls><Refs><EndToEndId>00153425632BVZTRJC</EndToEndId><TxId>00153425632BVZTRJC</TxId></Refs><RltdPties><Dbtr><Nm>OCTAVEL VISAN</Nm></Dbtr><DbtrAcct><Id><PrtryAcct><Id>09012926888831</Id></PrtryAcct></Id></DbtrAcct><Cdtr><Nm>bris designs ltd</Nm></Cdtr><CdtrAcct><Id><PrtryAcct><Id>23008200223726</Id></PrtryAcct></Id></CdtrAcct><Prtry><Tp>gas</Tp><Pty/></Prtry></RltdPties><RmtInf><Strd><AddtlRmtInf>NO REF</AddtlRmtInf></Strd><Strd><AddtlRmtInf>OCTAVEL VISAN//gas</AddtlRmtInf></Strd></RmtInf><RltdDts><TxDtTm>2018-09-14T10:16:15</TxDtTm></RltdDts><AddtlTxInf>00153425632BVZTRJC1020180914826090129</AddtlTxInf></TxDtls><AddtlNtryInf>COMPLETE//0000//001//CREDIT</AddtlNtryInf></Ntry><Ntry><Amt Ccy="GBP">249.20</Amt><CdtDbtInd>CRDT</CdtDbtInd><Sts>BOOK</Sts><BookgDt><Dt>2018-09-14</Dt></BookgDt><BkTxCd><Prtry><Cd>SIP UKBA CR 40269</Cd></Prtry></BkTxCd><TxDtls><Refs><EndToEndId>NOREF</EndToEndId><TxId>RP4659984519474400</TxId></Refs><RltdPties><Dbtr><Nm>MCPAKE A</Nm></Dbtr><DbtrAcct><Id><PrtryAcct><Id>20182753650227</Id></PrtryAcct></Id></DbtrAcct><Cdtr><Nm>ALEX MCPAKE</Nm></Cdtr><CdtrAcct><Id><PrtryAcct><Id>23008200109126</Id></PrtryAcct></Id></CdtrAcct><Prtry><Tp>PETTY CASH</Tp><Pty/></Prtry></RltdPties><RmtInf><Strd><AddtlRmtInf>NO REF</AddtlRmtInf></Strd><Strd><AddtlRmtInf>MCPAKE A//PETTY CASH</AddtlRmtInf></Strd></RmtInf><RltdDts><TxDtTm>2018-09-14T10:19:13</TxDtTm></RltdDts><AddtlTxInf>RP46599845194744001020180914826200026</AddtlTxInf></TxDtls><AddtlNtryInf>COMPLETE//0000//001//CREDIT</AddtlNtryInf></Ntry><Ntry><Amt Ccy="GBP">220.00</Amt><CdtDbtInd>CRDT</CdtDbtInd><Sts>BOOK</Sts><BookgDt><Dt>2018-09-14</Dt></BookgDt><BkTxCd><Prtry><Cd>SIP UKBA CR 40269</Cd></Prtry></BkTxCd><TxDtls><Refs><EndToEndId>NOREF</EndToEndId><TxId>RP4679961356309800</TxId></Refs><RltdPties><Dbtr><Nm>BRAN A</Nm></Dbtr><DbtrAcct><Id><PrtryAcct><Id>20252593243648</Id></PrtryAcct></Id></DbtrAcct><Cdtr><Nm>ALEXANDRA BRAN</Nm></Cdtr><CdtrAcct><Id><PrtryAcct><Id>23008200157784</Id></PrtryAcct></Id></CdtrAcct><Prtry><Tp>PAY</Tp><Pty/></Prtry></RltdPties><RmtInf><Strd><AddtlRmtInf>NO REF</AddtlRmtInf></Strd><Strd><AddtlRmtInf>BRAN A//PAY</AddtlRmtInf></Strd></RmtInf><RltdDts><TxDtTm>2018-09-14T10:22:37</TxDtTm></RltdDts><AddtlTxInf>RP46799613563098001020180914826200026</AddtlTxInf></TxDtls><AddtlNtryInf>COMPLETE//0000//001//CREDIT</AddtlNtryInf></Ntry></Ntfctn></BkToCstmrDbtCdtNtfctnV01></Document>