<?xml version="1.0" encoding="UTF-8"?><Document xmlns:xsi="http://www.w3.org/2001/XMLSchema-instance" xmlns="urn:iso:std:iso:20022:tech:xsd:camt.054.001.01"><BkToCstmrDbtCdtNtfctnV01><GrpHdr><MsgId>80309K//12869</MsgId><CreDtTm>2018-09-15T06:00:00</CreDtTm></GrpHdr><Ntfctn><Id>80309K//12869//1</Id><CreDtTm>2018-09-15T06:00:00</CreDtTm><Acct><Id><PrtryAcct><Id>20594233939774</Id></PrtryAcct></Id><Ccy>GBP</Ccy></Acct><TxsSummry><TtlNtries><NbOfNtries>8</NbOfNtries><Sum>326.44</Sum></TtlNtries><TtlCdtNtries><NbOfNtries>8</NbOfNtries><Sum>326.44</Sum></TtlCdtNtries><TtlDbtNtries><NbOfNtries>0</NbOfNtries><Sum>0.00</Sum></TtlDbtNtries></TxsSummry><Ntry><Amt Ccy="GBP">1.00</Amt><CdtDbtInd>CRDT</CdtDbtInd><Sts>BOOK</Sts><BookgDt><Dt>2018-09-17</Dt></BookgDt><BkTxCd><Prtry><Cd>FDP UKBA CR 40269</Cd></Prtry></BkTxCd><TxDtls><Refs><EndToEndId>UINZ7ZO5</EndToEndId><TxId>PH1000001355471700</TxId></Refs><RltdPties><Dbtr><Nm>CB Payments Ltd</Nm><PstlAdr><AdrLine>126 HUNDRED ACRE ROAD BIRMINGHAM B7</AdrLine><AdrLine>43DE GB</AdrLine><Ctry/></PstlAdr></Dbtr><DbtrAcct><Id><PrtryAcct><Id>20060563056902</Id></PrtryAcct></Id></DbtrAcct><Cdtr><Nm>23008200351948</Nm></Cdtr><CdtrAcct><Id><PrtryAcct><Id>20594233939774</Id></PrtryAcct></Id></CdtrAcct><Prtry><Tp>CBAGBPJXELCRSV</Tp><Pty/></Prtry></RltdPties><RmtInf><Strd><AddtlRmtInf>NO REF</AddtlRmtInf></Strd><Strd><AddtlRmtInf>CB Payments Ltd//CBAGBPJXELCRSV</AddtlRmtInf></Strd></RmtInf><RltdDts><TxDtTm>2018-09-15T05:31:35</TxDtTm></RltdDts><AddtlTxInf>PH10000013554717004020180915826203253</AddtlTxInf></TxDtls><AddtlNtryInf>COMPLETE//0000//003//CREDIT</AddtlNtryInf></Ntry><Ntry><Amt Ccy="GBP">1.00</Amt><CdtDbtInd>CRDT</CdtDbtInd><Sts>BOOK</Sts><BookgDt><Dt>2018-09-17</Dt></BookgDt><BkTxCd><Prtry><Cd>FDP UKBA CR 40269</Cd></Prtry></BkTxCd><TxDtls><Refs><EndToEndId>4AA71V4T</EndToEndId><TxId>PH1000001355470800</TxId></Refs><RltdPties><Dbtr><Nm>CB Payments Ltd</Nm><PstlAdr><AdrLine>126 HUNDRED ACRE ROAD BIRMINGHAM B7</AdrLine><AdrLine>43DE GB</AdrLine><Ctry/></PstlAdr></Dbtr><DbtrAcct><Id><PrtryAcct><Id>20060563056902</Id></PrtryAcct></Id></DbtrAcct><Cdtr><Nm>23008200416672</Nm></Cdtr><CdtrAcct><Id><PrtryAcct><Id>20594233939774</Id></PrtryAcct></Id></CdtrAcct><Prtry><Tp>CBAGBPJXELCRSV</Tp><Pty/></Prtry></RltdPties><RmtInf><Strd><AddtlRmtInf>NO REF</AddtlRmtInf></Strd><Strd><AddtlRmtInf>CB Payments Ltd//CBAGBPJXELCRSV</AddtlRmtInf></Strd></RmtInf><RltdDts><TxDtTm>2018-09-15T05:31:35</TxDtTm></RltdDts><AddtlTxInf>PH10000013554708004020180915826203253</AddtlTxInf></TxDtls><AddtlNtryInf>COMPLETE//0000//003//CREDIT</AddtlNtryInf></Ntry><Ntry><Amt Ccy="GBP">38.00</Amt><CdtDbtInd>CRDT</CdtDbtInd><Sts>BOOK</Sts><BookgDt><Dt>2018-09-17</Dt></BookgDt><BkTxCd><Prtry><Cd>FDP UKBA CR 40269</Cd></Prtry></BkTxCd><TxDtls><Refs><EndToEndId>90KK2TNV</EndToEndId><TxId>PH1000001355470700</TxId></Refs><RltdPties><Dbtr><Nm>CB Payments Ltd</Nm><PstlAdr><AdrLine>126 HUNDRED ACRE ROAD BIRMINGHAM B7</AdrLine><AdrLine>43DE GB</AdrLine><Ctry/></PstlAdr></Dbtr><DbtrAcct><Id><PrtryAcct><Id>20060563056902</Id></PrtryAcct></Id></DbtrAcct><Cdtr><Nm>23008200416672</Nm></Cdtr><CdtrAcct><Id><PrtryAcct><Id>20594233939774</Id></PrtryAcct></Id></CdtrAcct><Prtry><Tp>CBAGBPJXELCRSV</Tp><Pty/></Prtry></RltdPties><RmtInf><Strd><AddtlRmtInf>NO REF</AddtlRmtInf></Strd><Strd><AddtlRmtInf>CB Payments Ltd//CBAGBPJXELCRSV</AddtlRmtInf></Strd></RmtInf><RltdDts><TxDtTm>2018-09-15T05:31:35</TxDtTm></RltdDts><AddtlTxInf>PH10000013554707004020180915826203253</AddtlTxInf></TxDtls><AddtlNtryInf>COMPLETE//0000//003//CREDIT</AddtlNtryInf></Ntry><Ntry><Amt Ccy="GBP">50.00</Amt><CdtDbtInd>CRDT</CdtDbtInd><Sts>BOOK</Sts><BookgDt><Dt>2018-09-17</Dt></BookgDt><BkTxCd><Prtry><Cd>SIP UKBA CR 40269</Cd></Prtry></BkTxCd><TxDtls><Refs><EndToEndId>NOREF</EndToEndId><TxId>RP4679961430513800</TxId></Refs><RltdPties><Dbtr><Nm>WHITE CHRISTOPHE</Nm></Dbtr><DbtrAcct><Id><PrtryAcct><Id>20709483520781</Id></PrtryAcct></Id></DbtrAcct><Cdtr><Nm>CHRISTOPHER WHITE</Nm></Cdtr><CdtrAcct><Id><PrtryAcct><Id>23008200292739</Id></PrtryAcct></Id></CdtrAcct><Prtry><Tp>MONEY</Tp><Pty/></Prtry></RltdPties><RmtInf><Strd><AddtlRmtInf>NO REF</AddtlRmtInf></Strd><Strd><AddtlRmtInf>WHITE CHRISTOPHE//MONEY</AddtlRmtInf></Strd></RmtInf><RltdDts><TxDtTm>2018-09-15T05:53:17</TxDtTm></RltdDts><AddtlTxInf>RP46799614305138001020180915826200026</AddtlTxInf></TxDtls><AddtlNtryInf>COMPLETE//0000//003//CREDIT</AddtlNtryInf></Ntry><Ntry><Amt Ccy="GBP">195.44</Amt><CdtDbtInd>CRDT</CdtDbtInd><Sts>BOOK</Sts><BookgDt><Dt>2018-09-17</Dt></BookgDt><BkTxCd><Prtry><Cd>SIP UKBA CR 40269</Cd></Prtry></BkTxCd><TxDtls><Refs><EndToEndId>NOREF</EndToEndId><TxId>RP4659984589709400</TxId></Refs><RltdPties><Dbtr><Nm>DIALSTONE C T/AS</Nm></Dbtr><DbtrAcct><Id><PrtryAcct><Id>20821330849626</Id></PrtryAcct></Id></DbtrAcct><Cdtr><Nm>K BOROWIK</Nm></Cdtr><CdtrAcct><Id><PrtryAcct><Id>23008200330696</Id></PrtryAcct></Id></CdtrAcct><Prtry><Tp>WAGES</Tp><Pty/></Prtry></RltdPties><RmtInf><Strd><AddtlRmtInf>NO REF</AddtlRmtInf></Strd><Strd><AddtlRmtInf>DIALSTONE C T/AS//WAGES</AddtlRmtInf></Strd></RmtInf><RltdDts><TxDtTm>2018-09-15T05:56:03</TxDtTm></RltdDts><AddtlTxInf>RP46599845897094001020180915826200026</AddtlTxInf></TxDtls><AddtlNtryInf>COMPLETE//0000//003//CREDIT</AddtlNtryInf></Ntry><Ntry><Amt Ccy="GBP">1.00</Amt><CdtDbtInd>CRDT</CdtDbtInd><Sts>BOOK</Sts><BookgDt><Dt>2018-09-17</Dt></BookgDt><BkTxCd><Prtry><Cd>FDP UKBA CR 40269</Cd></Prtry></BkTxCd><TxDtls><Refs><EndToEndId>PRSGU7RI</EndToEndId><TxId>PH1000001355846500</TxId></Refs><RltdPties><Dbtr><Nm>CB Payments Ltd</Nm><PstlAdr><AdrLine>126 HUNDRED ACRE ROAD BIRMINGHAM B7</AdrLine><AdrLine>43DE GB</AdrLine><Ctry/></PstlAdr></Dbtr><DbtrAcct><Id><PrtryAcct><Id>20060563056902</Id></PrtryAcct></Id></DbtrAcct><Cdtr><Nm>23008200432236</Nm></Cdtr><CdtrAcct><Id><PrtryAcct><Id>20594233939774</Id></PrtryAcct></Id></CdtrAcct><Prtry><Tp>CBAGBPJXELCRSV</Tp><Pty/></Prtry></RltdPties><RmtInf><Strd><AddtlRmtInf>NO REF</AddtlRmtInf></Strd><Strd><AddtlRmtInf>CB Payments Ltd//CBAGBPJXELCRSV</AddtlRmtInf></Strd></RmtInf><RltdDts><TxDtTm>2018-09-15T05:56:51</TxDtTm></RltdDts><AddtlTxInf>PH10000013558465004020180915826203253</AddtlTxInf></TxDtls><AddtlNtryInf>COMPLETE//0000//003//CREDIT</AddtlNtryInf></Ntry><Ntry><Amt Ccy="GBP">1.00</Amt><CdtDbtInd>CRDT</CdtDbtInd><Sts>BOOK</Sts><BookgDt><Dt>2018-09-17</Dt></BookgDt><BkTxCd><Prtry><Cd>FDP UKBA CR 40269</Cd></Prtry></BkTxCd><TxDtls><Refs><EndToEndId>7D4EUM9H</EndToEndId><TxId>PH1000001355842900</TxId></Refs><RltdPties><Dbtr><Nm>CB Payments Ltd</Nm><PstlAdr><AdrLine>126 HUNDRED ACRE ROAD BIRMINGHAM B7</AdrLine><AdrLine>43DE GB</AdrLine><Ctry/></PstlAdr></Dbtr><DbtrAcct><Id><PrtryAcct><Id>20060563056902</Id></PrtryAcct></Id></DbtrAcct><Cdtr><Nm>23008200429147</Nm></Cdtr><CdtrAcct><Id><PrtryAcct><Id>20594233939774</Id></PrtryAcct></Id></CdtrAcct><Prtry><Tp>CBAGBPJXELCRSV</Tp><Pty/></Prtry></RltdPties><RmtInf><Strd><AddtlRmtInf>NO REF</AddtlRmtInf></Strd><Strd><AddtlRmtInf>CB Payments Ltd//CBAGBPJXELCRSV</AddtlRmtInf></Strd></RmtInf><RltdDts><TxDtTm>2018-09-15T05:56:51</TxDtTm></RltdDts><AddtlTxInf>PH10000013558429004020180915826203253</AddtlTxInf></TxDtls><AddtlNtryInf>COMPLETE//0000//003//CREDIT</AddtlNtryInf></Ntry><Ntry><Amt Ccy="GBP">39.00</Amt><CdtDbtInd>CRDT</CdtDbtInd><Sts>BOOK</Sts><BookgDt><Dt>2018-09-17</Dt></BookgDt><BkTxCd><Prtry><Cd>FDP UKBA CR 40269</Cd></Prtry></BkTxCd><TxDtls><Refs><EndToEndId>3QPDNUWW</EndToEndId><TxId>PH1000001355843000</TxId></Refs><RltdPties><Dbtr><Nm>CB Payments Ltd</Nm><PstlAdr><AdrLine>126 HUNDRED ACRE ROAD BIRMINGHAM B7</AdrLine><AdrLine>43DE GB</AdrLine><Ctry/></PstlAdr></Dbtr><DbtrAcct><Id><PrtryAcct><Id>20060563056902</Id></PrtryAcct></Id></DbtrAcct><Cdtr><Nm>23008200429147</Nm></Cdtr><CdtrAcct><Id><PrtryAcct><Id>20594233939774</Id></PrtryAcct></Id></CdtrAcct><Prtry><Tp>CBAGBPJXELCRSV</Tp><Pty/></Prtry></RltdPties><RmtInf><Strd><AddtlRmtInf>NO REF</AddtlRmtInf></Strd><Strd><AddtlRmtInf>CB Payments Ltd//CBAGBPJXELCRSV</AddtlRmtInf></Strd></RmtInf><RltdDts><TxDtTm>2018-09-15T05:56:51</TxDtTm></RltdDts><AddtlTxInf>PH10000013558430004020180915826203253</AddtlTxInf></TxDtls><AddtlNtryInf>COMPLETE//0000//003//CREDIT</AddtlNtryInf></Ntry></Ntfctn></BkToCstmrDbtCdtNtfctnV01></Document>