<?xml version="1.0" encoding="UTF-8"?><Document xmlns:xsi="http://www.w3.org/2001/XMLSchema-instance" xmlns="urn:iso:std:iso:20022:tech:xsd:camt.054.001.01"><BkToCstmrDbtCdtNtfctnV01><GrpHdr><MsgId>80309K//13039</MsgId><CreDtTm>2018-09-19T05:30:00</CreDtTm></GrpHdr><Ntfctn><Id>80309K//13039//1</Id><CreDtTm>2018-09-19T05:30:00</CreDtTm><Acct><Id><PrtryAcct><Id>20594233939774</Id></PrtryAcct></Id><Ccy>GBP</Ccy></Acct><TxsSummry><TtlNtries><NbOfNtries>3</NbOfNtries><Sum>1226.60</Sum></TtlNtries><TtlCdtNtries><NbOfNtries>3</NbOfNtries><Sum>1226.60</Sum></TtlCdtNtries><TtlDbtNtries><NbOfNtries>0</NbOfNtries><Sum>0.00</Sum></TtlDbtNtries></TxsSummry><Ntry><Amt Ccy="GBP">0.01</Amt><CdtDbtInd>CRDT</CdtDbtInd><Sts>BOOK</Sts><BookgDt><Dt>2018-09-19</Dt></BookgDt><BkTxCd><Prtry><Cd>SIP UKBA CR 40269</Cd></Prtry></BkTxCd><TxDtls><Refs><EndToEndId>PPRD00000000AOF8KI</EndToEndId><TxId>PPRD00000000AOF8KI</TxId></Refs><RltdPties><Dbtr><Nm>PAYPAL CODE 8386</Nm><PstlAdr><AdrLine>2211 N 1st Street San Jose CA 95131</AdrLine><Ctry/></PstlAdr></Dbtr><DbtrAcct><Id><PrtryAcct><Id>23526285010101</Id></PrtryAcct></Id></DbtrAcct><Cdtr><Nm>JordanwilliamYou Williams</Nm><PstlAdr><AdrLine>10 Morrison Road</AdrLine><Ctry/></PstlAdr></Cdtr><CdtrAcct><Id><PrtryAcct><Id>23008200453623</Id></PrtryAcct></Id></CdtrAcct><Prtry><Tp>PAYPAL CODE 8386</Tp><Pty/></Prtry></RltdPties><RmtInf><Strd><RfrdDocInf><RfrdDocTp><Prtry>002</Prtry></RfrdDocTp></RfrdDocInf><AddtlRmtInf>NO REF</AddtlRmtInf></Strd><Strd><AddtlRmtInf>PAYPAL CODE 8386//PAYPAL CODE 8386</AddtlRmtInf></Strd></RmtInf><RltdDts><TxDtTm>2018-09-19T05:01:25</TxDtTm></RltdDts><AddtlTxInf>PPRD00000000AOF8KI1020180919826235262</AddtlTxInf></TxDtls><AddtlNtryInf>COMPLETE//0000//003//CREDIT</AddtlNtryInf></Ntry><Ntry><Amt Ccy="GBP">1216.59</Amt><CdtDbtInd>CRDT</CdtDbtInd><Sts>BOOK</Sts><BookgDt><Dt>2018-09-19</Dt></BookgDt><BkTxCd><Prtry><Cd>SIP UKBA CR 40269</Cd></Prtry></BkTxCd><TxDtls><Refs><EndToEndId>NOREF</EndToEndId><TxId>FP085IVHPR6YA298D5</TxId></Refs><RltdPties><Dbtr><Nm>ROSETTA CATERING LTD</Nm></Dbtr><DbtrAcct><Id><PrtryAcct><Id>95067990143898</Id></PrtryAcct></Id></DbtrAcct><Cdtr><Nm>EDDIE MCCULLOUGH</Nm></Cdtr><CdtrAcct><Id><PrtryAcct><Id>23008200415345</Id></PrtryAcct></Id></CdtrAcct><Prtry><Tp>PAYROLL</Tp><Pty/></Prtry></RltdPties><RmtInf><Strd><AddtlRmtInf>NO REF</AddtlRmtInf></Strd><Strd><AddtlRmtInf>ROSETTA CATERING L//PAYROLL</AddtlRmtInf></Strd></RmtInf><RltdDts><TxDtTm>2018-09-19T05:16:18</TxDtTm></RltdDts><AddtlTxInf>FP085IVHPR6YA298D51020180919826301281</AddtlTxInf></TxDtls><AddtlNtryInf>COMPLETE//0000//003//CREDIT</AddtlNtryInf></Ntry><Ntry><Amt Ccy="GBP">10.00</Amt><CdtDbtInd>CRDT</CdtDbtInd><Sts>BOOK</Sts><BookgDt><Dt>2018-09-19</Dt></BookgDt><BkTxCd><Prtry><Cd>SIP UKBA CR 40269</Cd></Prtry></BkTxCd><TxDtls><Refs><EndToEndId>PPWD00000000AOF8ZE</EndToEndId><TxId>PPWD00000000AOF8ZE</TxId></Refs><RltdPties><Dbtr><Nm>PayPal</Nm><PstlAdr><AdrLine>2211 N 1st Street San Jose CA 95131</AdrLine><Ctry/></PstlAdr></Dbtr><DbtrAcct><Id><PrtryAcct><Id>23526278959595</Id></PrtryAcct></Id></DbtrAcct><Cdtr><Nm>Duncan Heyes</Nm><PstlAdr><AdrLine>189 Ashfield Avenue</AdrLine><Ctry/></PstlAdr></Cdtr><CdtrAcct><Id><PrtryAcct><Id>23008200445743</Id></PrtryAcct></Id></CdtrAcct><Prtry><Tp>PPWDL4Q322AL6L8ZQ4</Tp><Pty/></Prtry></RltdPties><RmtInf><Strd><RfrdDocInf><RfrdDocTp><Prtry>002</Prtry></RfrdDocTp></RfrdDocInf><AddtlRmtInf>NO REF</AddtlRmtInf></Strd><Strd><AddtlRmtInf>PayPal//PPWDL4Q322AL6L8ZQ4</AddtlRmtInf></Strd></RmtInf><RltdDts><TxDtTm>2018-09-19T05:17:39</TxDtTm></RltdDts><AddtlTxInf>PPWD00000000AOF8ZE1020180919826235262</AddtlTxInf></TxDtls><AddtlNtryInf>COMPLETE//0000//003//CREDIT</AddtlNtryInf></Ntry></Ntfctn></BkToCstmrDbtCdtNtfctnV01></Document>