<?xml version="1.0" encoding="UTF-8"?><Document xmlns:xsi="http://www.w3.org/2001/XMLSchema-instance" xmlns="urn:iso:std:iso:20022:tech:xsd:camt.054.001.01"><BkToCstmrDbtCdtNtfctnV01><GrpHdr><MsgId>80309K//12959</MsgId><CreDtTm>2018-09-17T09:00:00</CreDtTm></GrpHdr><Ntfctn><Id>80309K//12959//1</Id><CreDtTm>2018-09-17T09:00:00</CreDtTm><Acct><Id><PrtryAcct><Id>20594233939774</Id></PrtryAcct></Id><Ccy>GBP</Ccy></Acct><TxsSummry><TtlNtries><NbOfNtries>3</NbOfNtries><Sum>199.60</Sum></TtlNtries><TtlCdtNtries><NbOfNtries>3</NbOfNtries><Sum>199.60</Sum></TtlCdtNtries><TtlDbtNtries><NbOfNtries>0</NbOfNtries><Sum>0.00</Sum></TtlDbtNtries></TxsSummry><Ntry><Amt Ccy="GBP">22.00</Amt><CdtDbtInd>CRDT</CdtDbtInd><Sts>BOOK</Sts><BookgDt><Dt>2018-09-17</Dt></BookgDt><BkTxCd><Prtry><Cd>SIP UKBA CR 40269</Cd></Prtry></BkTxCd><TxDtls><Refs><EndToEndId>PPWD00000000ANVRMU</EndToEndId><TxId>PPWD00000000ANVRMU</TxId></Refs><RltdPties><Dbtr><Nm>PayPal</Nm><PstlAdr><AdrLine>2211 N 1st Street San Jose CA 95131</AdrLine><Ctry/></PstlAdr></Dbtr><DbtrAcct><Id><PrtryAcct><Id>23526278959595</Id></PrtryAcct></Id></DbtrAcct><Cdtr><Nm>Ola Akingbogun</Nm><PstlAdr><AdrLine>York Road</AdrLine><Ctry/></PstlAdr></Cdtr><CdtrAcct><Id><PrtryAcct><Id>23008200294917</Id></PrtryAcct></Id></CdtrAcct><Prtry><Tp>PPWDL488J2AL5M5GL8</Tp><Pty/></Prtry></RltdPties><RmtInf><Strd><RfrdDocInf><RfrdDocTp><Prtry>002</Prtry></RfrdDocTp></RfrdDocInf><AddtlRmtInf>NO REF</AddtlRmtInf></Strd><Strd><AddtlRmtInf>PayPal//PPWDL488J2AL5M5GL8</AddtlRmtInf></Strd></RmtInf><RltdDts><TxDtTm>2018-09-17T08:39:19</TxDtTm></RltdDts><AddtlTxInf>PPWD00000000ANVRMU1020180917826235262</AddtlTxInf></TxDtls><AddtlNtryInf>COMPLETE//0000//001//CREDIT</AddtlNtryInf></Ntry><Ntry><Amt Ccy="GBP">97.60</Amt><CdtDbtInd>CRDT</CdtDbtInd><Sts>BOOK</Sts><BookgDt><Dt>2018-09-17</Dt></BookgDt><BkTxCd><Prtry><Cd>FDP UKBA CR 40269</Cd></Prtry></BkTxCd><TxDtls><Refs><EndToEndId>IFY-LYBI9PKOYB1OXS1720A6ZO5CJR6</EndToEndId><TxId>PH1000001359422700</TxId></Refs><RltdPties><Dbtr><Nm>Stripe Payments UK Ltd</Nm></Dbtr><DbtrAcct><Id><PrtryAcct><Id>20000023322890</Id></PrtryAcct></Id></DbtrAcct><Cdtr><Nm>ROLAND GODSHAW</Nm><PstlAdr><AdrLine>10 RUSSELL ROAD BRISTOL BS6 7UB GB</AdrLine><Ctry/></PstlAdr></Cdtr><CdtrAcct><Id><PrtryAcct><Id>23008200136990</Id></PrtryAcct></Id></CdtrAcct><Prtry><Tp>SHOPIFY</Tp><Pty/></Prtry></RltdPties><RmtInf><Strd><AddtlRmtInf>NO REF</AddtlRmtInf></Strd><Strd><AddtlRmtInf>Stripe Payments UK//SHOPIFY</AddtlRmtInf></Strd></RmtInf><RltdDts><TxDtTm>2018-09-17T08:43:26</TxDtTm></RltdDts><AddtlTxInf>PH10000013594227004020180917826203253</AddtlTxInf></TxDtls><AddtlNtryInf>COMPLETE//0000//001//CREDIT</AddtlNtryInf></Ntry><Ntry><Amt Ccy="GBP">80.00</Amt><CdtDbtInd>CRDT</CdtDbtInd><Sts>BOOK</Sts><BookgDt><Dt>2018-09-17</Dt></BookgDt><BkTxCd><Prtry><Cd>SIP UKBA CR 40269</Cd></Prtry></BkTxCd><TxDtls><Refs><EndToEndId>NOREF</EndToEndId><TxId>07948015748077F8SW</TxId><Prtry><Tp>STO REF</Tp><Ref>0000</Ref></Prtry></Refs><RltdPties><Dbtr><Nm>MRS LAURA LINLEY</Nm><PstlAdr><AdrLine>62 WILLOW DRIVE;SHEFFIELD;SOUTH Y;</AdrLine><AdrLine>ORKSHIRE              S9 4AT</AdrLine><Ctry/></PstlAdr></Dbtr><DbtrAcct><Id><PrtryAcct><Id>40642010464002</Id></PrtryAcct></Id></DbtrAcct><Cdtr><Nm>BAEMMS LTD</Nm></Cdtr><CdtrAcct><Id><PrtryAcct><Id>23008200223303</Id></PrtryAcct></Id></CdtrAcct><Prtry><Tp>LAURA LINLEY</Tp><Pty/></Prtry></RltdPties><RmtInf><Strd><AddtlRmtInf>NO REF</AddtlRmtInf></Strd><Strd><AddtlRmtInf>MRS LAURA LINLEY//LAURA LINLEY</AddtlRmtInf></Strd></RmtInf><RltdDts><TxDtTm>2018-09-17T08:47:52</TxDtTm></RltdDts><AddtlTxInf>07948015748077F8SW1020180917826400250</AddtlTxInf></TxDtls><AddtlNtryInf>COMPLETE//0000//001//CREDIT</AddtlNtryInf></Ntry></Ntfctn></BkToCstmrDbtCdtNtfctnV01></Document>