<?xml version="1.0" encoding="UTF-8"?><Document xmlns:xsi="http://www.w3.org/2001/XMLSchema-instance" xmlns="urn:iso:std:iso:20022:tech:xsd:camt.054.001.01"><BkToCstmrDbtCdtNtfctnV01><GrpHdr><MsgId>80309K//13375</MsgId><CreDtTm>2018-09-26T23:00:00</CreDtTm></GrpHdr><Ntfctn><Id>80309K//13375//1</Id><CreDtTm>2018-09-26T23:00:00</CreDtTm><Acct><Id><PrtryAcct><Id>20594233939774</Id></PrtryAcct></Id><Ccy>GBP</Ccy></Acct><TxsSummry><TtlNtries><NbOfNtries>6</NbOfNtries><Sum>4472.00</Sum></TtlNtries><TtlCdtNtries><NbOfNtries>4</NbOfNtries><Sum>250.50</Sum></TtlCdtNtries><TtlDbtNtries><NbOfNtries>2</NbOfNtries><Sum>4221.50</Sum></TtlDbtNtries></TxsSummry><Ntry><Amt Ccy="GBP">15.00</Amt><CdtDbtInd>CRDT</CdtDbtInd><Sts>BOOK</Sts><BookgDt><Dt>2018-09-27</Dt></BookgDt><BkTxCd><Prtry><Cd>SIP UKBA CR 40269</Cd></Prtry></BkTxCd><TxDtls><Refs><EndToEndId>TAKEAWAY</EndToEndId><TxId>33223330398802000N</TxId><Prtry><Tp>STO REF</Tp><Ref>0000</Ref></Prtry></Refs><RltdPties><Dbtr><Nm>STREETIN AR</Nm></Dbtr><DbtrAcct><Id><PrtryAcct><Id>01091759039132</Id></PrtryAcct></Id></DbtrAcct><Cdtr><Nm>ADAM ASHALL</Nm></Cdtr><CdtrAcct><Id><PrtryAcct><Id>23008200385347</Id></PrtryAcct></Id></CdtrAcct><Prtry><Tp>TAKEAWAY</Tp><Pty/></Prtry></RltdPties><RmtInf><Strd><AddtlRmtInf>STREETIN AR       TAKEAWAY          VIA MOBILE - LVP</AddtlRmtInf></Strd><Strd><AddtlRmtInf>STREETIN AR//TAKEAWAY</AddtlRmtInf></Strd></RmtInf><RltdDts><TxDtTm>2018-09-26T22:33:30</TxDtTm></RltdDts><AddtlTxInf>33223330398802000N1020180926826010917</AddtlTxInf></TxDtls><AddtlNtryInf>COMPLETE//0000//003//CREDIT</AddtlNtryInf></Ntry><Ntry><Amt Ccy="GBP">35.00</Amt><CdtDbtInd>CRDT</CdtDbtInd><Sts>BOOK</Sts><BookgDt><Dt>2018-09-27</Dt></BookgDt><BkTxCd><Prtry><Cd>SIP UKBA CR 40269</Cd></Prtry></BkTxCd><TxDtls><Refs><EndToEndId>NOREF</EndToEndId><TxId>RP4679962330315500</TxId></Refs><RltdPties><Dbtr><Nm>BRAN A</Nm></Dbtr><DbtrAcct><Id><PrtryAcct><Id>20252593243648</Id></PrtryAcct></Id></DbtrAcct><Cdtr><Nm>ALEXANDRA BRAN</Nm></Cdtr><CdtrAcct><Id><PrtryAcct><Id>23008200157784</Id></PrtryAcct></Id></CdtrAcct><Prtry><Tp>PAY</Tp><Pty/></Prtry></RltdPties><RmtInf><Strd><AddtlRmtInf>NO REF</AddtlRmtInf></Strd><Strd><AddtlRmtInf>BRAN A//PAY</AddtlRmtInf></Strd></RmtInf><RltdDts><TxDtTm>2018-09-26T22:43:55</TxDtTm></RltdDts><AddtlTxInf>RP46799623303155001020180926826200026</AddtlTxInf></TxDtls><AddtlNtryInf>COMPLETE//0000//003//CREDIT</AddtlNtryInf></Ntry><Ntry><Amt Ccy="GBP">3621.50</Amt><CdtDbtInd>DBIT</CdtDbtInd><Sts>BOOK</Sts><BookgDt><Dt>2018-09-27</Dt></BookgDt><BkTxCd><Prtry><Cd>AUT UKBA DR 30278</Cd></Prtry></BkTxCd><TxDtls><Refs><TxId>000000000338070800</TxId></Refs><RltdPties><DbtrAcct><Id><PrtryAcct><Id>20594233939774</Id></PrtryAcct></Id></DbtrAcct></RltdPties><RmtInf><Strd><AddtlRmtInf>NO REF</AddtlRmtInf></Strd><Strd><AddtlRmtInf>20180926A44639//7S      F2B9PNL941</AddtlRmtInf></Strd></RmtInf><RltdDts><TxDtTm>2018-09-26T22:57:35</TxDtTm></RltdDts><AddtlTxInf>0000000003380708000020180926826205942</AddtlTxInf></TxDtls><AddtlNtryInf>AUTHSENT//0000//003//DEBIT</AddtlNtryInf></Ntry><Ntry><Amt Ccy="GBP">193.50</Amt><CdtDbtInd>CRDT</CdtDbtInd><Sts>BOOK</Sts><BookgDt><Dt>2018-09-27</Dt></BookgDt><BkTxCd><Prtry><Cd>DCA UKBA CR 40269</Cd></Prtry></BkTxCd><TxDtls><Refs><EndToEndId>NOREF</EndToEndId><TxId>000000013677991201</TxId><Prtry><Tp>STO REF</Tp><Ref>0000</Ref></Prtry></Refs><RltdPties><Dbtr><Nm>23008200400192</Nm></Dbtr><DbtrAcct><Id><PrtryAcct><Id>20594233939774</Id></PrtryAcct></Id></DbtrAcct><Cdtr><Nm>RICHARD NOWOTARSKI</Nm></Cdtr><CdtrAcct><Id><PrtryAcct><Id>23008200389081</Id></PrtryAcct></Id></CdtrAcct></RltdPties><RmtInf><Strd><AddtlRmtInf>NO REF</AddtlRmtInf></Strd><Strd><AddtlRmtInf>23008200400192//</AddtlRmtInf></Strd></RmtInf><RltdDts><TxDtTm>2018-09-26T22:57:38</TxDtTm></RltdDts><AddtlTxInf>0000000136779912015020180926826205942</AddtlTxInf></TxDtls><AddtlNtryInf>COMPLETE//0000//003//CREDIT</AddtlNtryInf></Ntry><Ntry><Amt Ccy="GBP">7.00</Amt><CdtDbtInd>CRDT</CdtDbtInd><Sts>BOOK</Sts><BookgDt><Dt>2018-09-27</Dt></BookgDt><BkTxCd><Prtry><Cd>DCA UKBA CR 40269</Cd></Prtry></BkTxCd><TxDtls><Refs><EndToEndId>NOREF</EndToEndId><TxId>000000013677991501</TxId><Prtry><Tp>STO REF</Tp><Ref>0000</Ref></Prtry></Refs><RltdPties><Dbtr><Nm>23008200420175</Nm></Dbtr><DbtrAcct><Id><PrtryAcct><Id>20594233939774</Id></PrtryAcct></Id></DbtrAcct><Cdtr><Nm>RICHARD NOWOTARSKI</Nm></Cdtr><CdtrAcct><Id><PrtryAcct><Id>23008200420175</Id></PrtryAcct></Id></CdtrAcct></RltdPties><RmtInf><Strd><AddtlRmtInf>NO REF</AddtlRmtInf></Strd><Strd><AddtlRmtInf>23008200420175//</AddtlRmtInf></Strd></RmtInf><RltdDts><TxDtTm>2018-09-26T22:57:38</TxDtTm></RltdDts><AddtlTxInf>0000000136779915015020180926826205942</AddtlTxInf></TxDtls><AddtlNtryInf>COMPLETE//0000//003//CREDIT</AddtlNtryInf></Ntry><Ntry><Amt Ccy="GBP">600.00</Amt><CdtDbtInd>DBIT</CdtDbtInd><Sts>BOOK</Sts><BookgDt><Dt>2018-09-27</Dt></BookgDt><BkTxCd><Prtry><Cd>AUT UKBA DR 30278</Cd></Prtry></BkTxCd><TxDtls><Refs><TxId>000000000338070900</TxId></Refs><RltdPties><DbtrAcct><Id><PrtryAcct><Id>20594233939774</Id></PrtryAcct></Id></DbtrAcct></RltdPties><RmtInf><Strd><AddtlRmtInf>NO REF</AddtlRmtInf></Strd><Strd><AddtlRmtInf>20180926A44639//7S      F2B7VE0939</AddtlRmtInf></Strd></RmtInf><RltdDts><TxDtTm>2018-09-26T22:57:47</TxDtTm></RltdDts><AddtlTxInf>0000000003380709000020180926826205942</AddtlTxInf></TxDtls><AddtlNtryInf>AUTHSENT//0000//003//DEBIT</AddtlNtryInf></Ntry></Ntfctn></BkToCstmrDbtCdtNtfctnV01></Document>