<?xml version="1.0" encoding="UTF-8"?><Document xmlns:xsi="http://www.w3.org/2001/XMLSchema-instance" xmlns="urn:iso:std:iso:20022:tech:xsd:camt.054.001.01"><BkToCstmrDbtCdtNtfctnV01><GrpHdr><MsgId>80309K//12657</MsgId><CreDtTm>2018-09-10T08:00:00</CreDtTm></GrpHdr><Ntfctn><Id>80309K//12657//1</Id><CreDtTm>2018-09-10T08:00:00</CreDtTm><Acct><Id><PrtryAcct><Id>20594233939774</Id></PrtryAcct></Id><Ccy>GBP</Ccy></Acct><TxsSummry><TtlNtries><NbOfNtries>7</NbOfNtries><Sum>377.01</Sum></TtlNtries><TtlCdtNtries><NbOfNtries>7</NbOfNtries><Sum>377.01</Sum></TtlCdtNtries><TtlDbtNtries><NbOfNtries>0</NbOfNtries><Sum>0.00</Sum></TtlDbtNtries></TxsSummry><Ntry><Amt Ccy="GBP">3.01</Amt><CdtDbtInd>CRDT</CdtDbtInd><Sts>BOOK</Sts><BookgDt><Dt>2018-09-10</Dt></BookgDt><BkTxCd><Prtry><Cd>SIP UKBA CR 40269</Cd></Prtry></BkTxCd><TxDtls><Refs><EndToEndId>NOREF</EndToEndId><TxId>500000000387475889</TxId></Refs><RltdPties><Dbtr><Nm>C Brady</Nm></Dbtr><DbtrAcct><Id><PrtryAcct><Id>30946158666860</Id></PrtryAcct></Id></DbtrAcct><Cdtr><Nm>PREPAID CARD</Nm></Cdtr><CdtrAcct><Id><PrtryAcct><Id>23008200219863</Id></PrtryAcct></Id></CdtrAcct><Prtry><Tp>ARRO</Tp><Pty/></Prtry></RltdPties><RmtInf><Strd><AddtlRmtInf>NO REF</AddtlRmtInf></Strd><Strd><AddtlRmtInf>C Brady//ARRO</AddtlRmtInf></Strd></RmtInf><RltdDts><TxDtTm>2018-09-10T07:33:24</TxDtTm></RltdDts><AddtlTxInf>5000000003874758891020180910826309461</AddtlTxInf></TxDtls><AddtlNtryInf>COMPLETE//0000//001//CREDIT</AddtlNtryInf></Ntry><Ntry><Amt Ccy="GBP">80.00</Amt><CdtDbtInd>CRDT</CdtDbtInd><Sts>BOOK</Sts><BookgDt><Dt>2018-09-10</Dt></BookgDt><BkTxCd><Prtry><Cd>SIP UKBA CR 40269</Cd></Prtry></BkTxCd><TxDtls><Refs><EndToEndId>NOREF</EndToEndId><TxId>180910073534509919</TxId></Refs><RltdPties><Dbtr><Nm>Kirsty McMurray</Nm></Dbtr><DbtrAcct><Id><PrtryAcct><Id>87377082131060</Id></PrtryAcct></Id></DbtrAcct><Cdtr><Nm>BAEMMS</Nm></Cdtr><CdtrAcct><Id><PrtryAcct><Id>23008200223303</Id></PrtryAcct></Id></CdtrAcct><Prtry><Tp>YOUR NAME</Tp><Pty/></Prtry></RltdPties><RmtInf><Strd><AddtlRmtInf>NO REF</AddtlRmtInf></Strd><Strd><AddtlRmtInf>Kirsty McMurray//YOUR NAME</AddtlRmtInf></Strd></RmtInf><RltdDts><TxDtTm>2018-09-10T07:35:31</TxDtTm></RltdDts><AddtlTxInf>1809100735345099191020180910826873770</AddtlTxInf></TxDtls><AddtlNtryInf>COMPLETE//0000//001//CREDIT</AddtlNtryInf></Ntry><Ntry><Amt Ccy="GBP">4.00</Amt><CdtDbtInd>CRDT</CdtDbtInd><Sts>BOOK</Sts><BookgDt><Dt>2018-09-10</Dt></BookgDt><BkTxCd><Prtry><Cd>SIP UKBA CR 40269</Cd></Prtry></BkTxCd><TxDtls><Refs><EndToEndId>NOREF</EndToEndId><TxId>500000000387477462</TxId></Refs><RltdPties><Dbtr><Nm>U Farooq</Nm></Dbtr><DbtrAcct><Id><PrtryAcct><Id>30983652783760</Id></PrtryAcct></Id></DbtrAcct><Cdtr><Nm>EADOKA</Nm></Cdtr><CdtrAcct><Id><PrtryAcct><Id>23008200102430</Id></PrtryAcct></Id></CdtrAcct><Prtry><Tp>P</Tp><Pty/></Prtry></RltdPties><RmtInf><Strd><AddtlRmtInf>NO REF</AddtlRmtInf></Strd><Strd><AddtlRmtInf>U Farooq//P</AddtlRmtInf></Strd></RmtInf><RltdDts><TxDtTm>2018-09-10T07:40:56</TxDtTm></RltdDts><AddtlTxInf>5000000003874774621020180910826309836</AddtlTxInf></TxDtls><AddtlNtryInf>COMPLETE//0000//001//CREDIT</AddtlNtryInf></Ntry><Ntry><Amt Ccy="GBP">60.00</Amt><CdtDbtInd>CRDT</CdtDbtInd><Sts>BOOK</Sts><BookgDt><Dt>2018-09-10</Dt></BookgDt><BkTxCd><Prtry><Cd>FDP UKBA CR 40269</Cd></Prtry></BkTxCd><TxDtls><Refs><EndToEndId>1825280444903169</EndToEndId><TxId>PH1000001322756000</TxId></Refs><RltdPties><Dbtr><Nm>COLIN MADDEN</Nm><PstlAdr><AdrLine>12 HAVELCK PLACE NE46JT NEWCASTLE G</AdrLine><AdrLine>B</AdrLine><Ctry/></PstlAdr></Dbtr><DbtrAcct><Id><PrtryAcct><Id>1825280444903169</Id></PrtryAcct></Id></DbtrAcct><Cdtr><Nm>MICHELLE LAWRENSON</Nm></Cdtr><CdtrAcct><Id><PrtryAcct><Id>23008200162617</Id></PrtryAcct></Id></CdtrAcct><Prtry><Tp>WU0444903169</Tp><Pty/></Prtry></RltdPties><RltdAgts><DbtrAgt><FinInstnId><BIC>WUIBATWWXXX</BIC></FinInstnId></DbtrAgt></RltdAgts><RmtInf><Strd><AddtlRmtInf>NO REF</AddtlRmtInf></Strd><Strd><AddtlRmtInf>COLIN MADDEN//WU0444903169</AddtlRmtInf></Strd></RmtInf><RltdDts><TxDtTm>2018-09-10T07:41:56</TxDtTm></RltdDts><AddtlTxInf>PH10000013227560004020180910826203253</AddtlTxInf></TxDtls><AddtlNtryInf>COMPLETE//0080//001//CREDIT</AddtlNtryInf></Ntry><Ntry><Amt Ccy="GBP">200.00</Amt><CdtDbtInd>CRDT</CdtDbtInd><Sts>BOOK</Sts><BookgDt><Dt>2018-09-10</Dt></BookgDt><BkTxCd><Prtry><Cd>SIP UKBA CR 40269</Cd></Prtry></BkTxCd><TxDtls><Refs><EndToEndId>5000000577zPO09XNSE</EndToEndId><TxId>DF0000006405720800</TxId></Refs><RltdPties><Dbtr><Nm>Cassava Enterprises (Gibraltar) Ltd</Nm><PstlAdr><AdrLine>57/63 Line Wall RdGibraltarGX11 1AA</AdrLine><Ctry/></PstlAdr></Dbtr><DbtrAcct><Id><PrtryAcct><Id>20364763140148</Id></PrtryAcct></Id></DbtrAcct><Cdtr><Nm>krisopher nadn</Nm></Cdtr><CdtrAcct><Id><PrtryAcct><Id>23008200414931</Id></PrtryAcct></Id></CdtrAcct><Prtry><Tp>/PAYER ACC/PO09XNS</Tp><Pty/></Prtry></RltdPties><RmtInf><Strd><AddtlRmtInf>/PAYER ACC/PO09XNSE/-38546424</AddtlRmtInf></Strd><Strd><AddtlRmtInf>Cassava Enterprise///PAYER ACC/PO09XNS</AddtlRmtInf></Strd></RmtInf><RltdDts><TxDtTm>2018-09-10T07:52:39</TxDtTm></RltdDts><AddtlTxInf>DF00000064057208001020180910826200000</AddtlTxInf></TxDtls><AddtlNtryInf>COMPLETE//0000//001//CREDIT</AddtlNtryInf></Ntry><Ntry><Amt Ccy="GBP">10.00</Amt><CdtDbtInd>CRDT</CdtDbtInd><Sts>BOOK</Sts><BookgDt><Dt>2018-09-10</Dt></BookgDt><BkTxCd><Prtry><Cd>SIP UKBA CR 40269</Cd></Prtry></BkTxCd><TxDtls><Refs><EndToEndId>NOREF</EndToEndId><TxId>000000000127550282</TxId></Refs><RltdPties><Dbtr><Nm>MR L A NEED</Nm></Dbtr><DbtrAcct><Id><PrtryAcct><Id>08910314185050</Id></PrtryAcct></Id></DbtrAcct><Cdtr><Nm>MR L NEED SAVING</Nm></Cdtr><CdtrAcct><Id><PrtryAcct><Id>23008200338418</Id></PrtryAcct></Id></CdtrAcct></RltdPties><RmtInf><Strd><AddtlRmtInf>NO REF</AddtlRmtInf></Strd><Strd><AddtlRmtInf>MR L A NEED//</AddtlRmtInf></Strd></RmtInf><RltdDts><TxDtTm>2018-09-10T07:54:58</TxDtTm></RltdDts><AddtlTxInf>0000000001275502821020180910826089103</AddtlTxInf></TxDtls><AddtlNtryInf>COMPLETE//0000//001//CREDIT</AddtlNtryInf></Ntry><Ntry><Amt Ccy="GBP">20.00</Amt><CdtDbtInd>CRDT</CdtDbtInd><Sts>BOOK</Sts><BookgDt><Dt>2018-09-10</Dt></BookgDt><BkTxCd><Prtry><Cd>SIP UKBA CR 40269</Cd></Prtry></BkTxCd><TxDtls><Refs><EndToEndId>NOREF</EndToEndId><TxId>300000000391128410</TxId></Refs><RltdPties><Dbtr><Nm>B Sharkey</Nm></Dbtr><DbtrAcct><Id><PrtryAcct><Id>11069612002160</Id></PrtryAcct></Id></DbtrAcct><Cdtr><Nm>LAUREN SHARKEY</Nm></Cdtr><CdtrAcct><Id><PrtryAcct><Id>23008200372211</Id></PrtryAcct></Id></CdtrAcct><Prtry><Tp>money i owe you</Tp><Pty/></Prtry></RltdPties><RmtInf><Strd><AddtlRmtInf>NO REF</AddtlRmtInf></Strd><Strd><AddtlRmtInf>B Sharkey//money i owe you</AddtlRmtInf></Strd></RmtInf><RltdDts><TxDtTm>2018-09-10T07:56:29</TxDtTm></RltdDts><AddtlTxInf>3000000003911284101020180910826110696</AddtlTxInf></TxDtls><AddtlNtryInf>COMPLETE//0000//001//CREDIT</AddtlNtryInf></Ntry></Ntfctn></BkToCstmrDbtCdtNtfctnV01></Document>