<?xml version="1.0" encoding="UTF-8"?><Document xmlns:xsi="http://www.w3.org/2001/XMLSchema-instance" xmlns="urn:iso:std:iso:20022:tech:xsd:camt.054.001.01"><BkToCstmrDbtCdtNtfctnV01><GrpHdr><MsgId>80309K//13111</MsgId><CreDtTm>2018-09-20T19:00:00</CreDtTm></GrpHdr><Ntfctn><Id>80309K//13111//1</Id><CreDtTm>2018-09-20T19:00:00</CreDtTm><Acct><Id><PrtryAcct><Id>20594233939774</Id></PrtryAcct></Id><Ccy>GBP</Ccy></Acct><TxsSummry><TtlNtries><NbOfNtries>13</NbOfNtries><Sum>365.47</Sum></TtlNtries><TtlCdtNtries><NbOfNtries>13</NbOfNtries><Sum>365.47</Sum></TtlCdtNtries><TtlDbtNtries><NbOfNtries>0</NbOfNtries><Sum>0.00</Sum></TtlDbtNtries></TxsSummry><Ntry><Amt Ccy="GBP">15.00</Amt><CdtDbtInd>CRDT</CdtDbtInd><Sts>BOOK</Sts><BookgDt><Dt>2018-09-21</Dt></BookgDt><BkTxCd><Prtry><Cd>SIP UKBA CR 40269</Cd></Prtry></BkTxCd><TxDtls><Refs><EndToEndId>LEE</EndToEndId><TxId>61183136808758000N</TxId><Prtry><Tp>STO REF</Tp><Ref>0000</Ref></Prtry></Refs><RltdPties><Dbtr><Nm>WEIJLAND LA</Nm></Dbtr><DbtrAcct><Id><PrtryAcct><Id>01050236109746</Id></PrtryAcct></Id></DbtrAcct><Cdtr><Nm>MACHELLE</Nm></Cdtr><CdtrAcct><Id><PrtryAcct><Id>23008200162617</Id></PrtryAcct></Id></CdtrAcct><Prtry><Tp>LEE</Tp><Pty/></Prtry></RltdPties><RmtInf><Strd><AddtlRmtInf>WEIJLAND LA       LEE               VIA MOBILE - LVP</AddtlRmtInf></Strd><Strd><AddtlRmtInf>WEIJLAND LA//LEE</AddtlRmtInf></Strd></RmtInf><RltdDts><TxDtTm>2018-09-20T18:31:37</TxDtTm></RltdDts><AddtlTxInf>61183136808758000N1020180920826010502</AddtlTxInf></TxDtls><AddtlNtryInf>COMPLETE//0000//003//CREDIT</AddtlNtryInf></Ntry><Ntry><Amt Ccy="GBP">10.00</Amt><CdtDbtInd>CRDT</CdtDbtInd><Sts>BOOK</Sts><BookgDt><Dt>2018-09-21</Dt></BookgDt><BkTxCd><Prtry><Cd>SIP UKBA CR 40269</Cd></Prtry></BkTxCd><TxDtls><Refs><EndToEndId>NOREF</EndToEndId><TxId>RP4679961833593800</TxId></Refs><RltdPties><Dbtr><Nm>ADENIRAN R A</Nm></Dbtr><DbtrAcct><Id><PrtryAcct><Id>20729140860883</Id></PrtryAcct></Id></DbtrAcct><Cdtr><Nm>JOSEPH OLUWATONILO</Nm></Cdtr><CdtrAcct><Id><PrtryAcct><Id>23008200162932</Id></PrtryAcct></Id></CdtrAcct><Prtry><Tp>DAD</Tp><Pty/></Prtry></RltdPties><RmtInf><Strd><AddtlRmtInf>NO REF</AddtlRmtInf></Strd><Strd><AddtlRmtInf>ADENIRAN R A//DAD</AddtlRmtInf></Strd></RmtInf><RltdDts><TxDtTm>2018-09-20T18:32:10</TxDtTm></RltdDts><AddtlTxInf>RP46799618335938001020180920826200026</AddtlTxInf></TxDtls><AddtlNtryInf>COMPLETE//0000//003//CREDIT</AddtlNtryInf></Ntry><Ntry><Amt Ccy="GBP">10.00</Amt><CdtDbtInd>CRDT</CdtDbtInd><Sts>BOOK</Sts><BookgDt><Dt>2018-09-21</Dt></BookgDt><BkTxCd><Prtry><Cd>SIP UKBA CR 40269</Cd></Prtry></BkTxCd><TxDtls><Refs><EndToEndId>NOREF</EndToEndId><TxId>500000000390397426</TxId></Refs><RltdPties><Dbtr><Nm>P Titov</Nm></Dbtr><DbtrAcct><Id><PrtryAcct><Id>30995166282860</Id></PrtryAcct></Id></DbtrAcct><Cdtr><Nm>GEORGI TITOV</Nm></Cdtr><CdtrAcct><Id><PrtryAcct><Id>23008200102374</Id></PrtryAcct></Id></CdtrAcct><Prtry><Tp>BORROW</Tp><Pty/></Prtry></RltdPties><RmtInf><Strd><AddtlRmtInf>NO REF</AddtlRmtInf></Strd><Strd><AddtlRmtInf>P Titov//BORROW</AddtlRmtInf></Strd></RmtInf><RltdDts><TxDtTm>2018-09-20T18:34:43</TxDtTm></RltdDts><AddtlTxInf>5000000003903974261020180920826309951</AddtlTxInf></TxDtls><AddtlNtryInf>COMPLETE//0000//003//CREDIT</AddtlNtryInf></Ntry><Ntry><Amt Ccy="GBP">137.03</Amt><CdtDbtInd>CRDT</CdtDbtInd><Sts>BOOK</Sts><BookgDt><Dt>2018-09-21</Dt></BookgDt><BkTxCd><Prtry><Cd>SIP UKBA CR 40269</Cd></Prtry></BkTxCd><TxDtls><Refs><EndToEndId>NOREF</EndToEndId><TxId>07185131625002000N</TxId><Prtry><Tp>STO REF</Tp><Ref>0000</Ref></Prtry></Refs><RltdPties><Dbtr><Nm>TURIDACK LTD</Nm><PstlAdr><AdrLine>33A ST WOOLOS ROAD NEWPORT NP204GN;</AdrLine><AdrLine>UNITED KINGDOM</AdrLine><Ctry/></PstlAdr></Dbtr><DbtrAcct><Id><PrtryAcct><Id>60837040238830</Id></PrtryAcct></Id></DbtrAcct><Cdtr><Nm>IONUT SACUIU</Nm></Cdtr><CdtrAcct><Id><PrtryAcct><Id>23008200191349</Id></PrtryAcct></Id></CdtrAcct><Prtry><Tp>WAGES 152433</Tp><Pty/></Prtry></RltdPties><RmtInf><Strd><AddtlRmtInf>WAGES 152433</AddtlRmtInf></Strd><Strd><AddtlRmtInf>TURIDACK LTD//WAGES 152433</AddtlRmtInf></Strd></RmtInf><RltdDts><TxDtTm>2018-09-20T18:51:31</TxDtTm></RltdDts><AddtlTxInf>07185131625002000N1020180920826608370</AddtlTxInf></TxDtls><AddtlNtryInf>COMPLETE//0000//003//CREDIT</AddtlNtryInf></Ntry><Ntry><Amt Ccy="GBP">41.00</Amt><CdtDbtInd>CRDT</CdtDbtInd><Sts>BOOK</Sts><BookgDt><Dt>2018-09-21</Dt></BookgDt><BkTxCd><Prtry><Cd>DCA UKBA CR 40269</Cd></Prtry></BkTxCd><TxDtls><Refs><EndToEndId>NOREF</EndToEndId><TxId>000000013623437901</TxId><Prtry><Tp>STO REF</Tp><Ref>8207</Ref></Prtry></Refs><RltdPties><Dbtr><Nm>EVA AMBER DONKER</Nm></Dbtr><DbtrAcct><Id><PrtryAcct><Id>20035373152596</Id></PrtryAcct></Id></DbtrAcct><Cdtr><Nm>TAWA KALITU</Nm></Cdtr><CdtrAcct><Id><PrtryAcct><Id>23008200456196</Id></PrtryAcct></Id></CdtrAcct><Prtry><Tp>TAWA KALITU</Tp><Pty/></Prtry></RltdPties><RmtInf><Strd><AddtlRmtInf>NO REF</AddtlRmtInf></Strd><Strd><AddtlRmtInf>EVA AMBER DONKER//TAWA KALITU</AddtlRmtInf></Strd></RmtInf><RltdDts><TxDtTm>2018-09-20T18:52:42</TxDtTm></RltdDts><AddtlTxInf>0000000136234379015020180920826200353</AddtlTxInf></TxDtls><AddtlNtryInf>COMPLETE//0000//003//CREDIT</AddtlNtryInf></Ntry><Ntry><Amt Ccy="GBP">21.00</Amt><CdtDbtInd>CRDT</CdtDbtInd><Sts>BOOK</Sts><BookgDt><Dt>2018-09-21</Dt></BookgDt><BkTxCd><Prtry><Cd>DCA UKBA CR 40269</Cd></Prtry></BkTxCd><TxDtls><Refs><EndToEndId>NOREF</EndToEndId><TxId>000000013623425701</TxId><Prtry><Tp>STO REF</Tp><Ref>8207</Ref></Prtry></Refs><RltdPties><Dbtr><Nm>EVA AMBER DONKER</Nm></Dbtr><DbtrAcct><Id><PrtryAcct><Id>20035373152596</Id></PrtryAcct></Id></DbtrAcct><Cdtr><Nm>SOLA ELEMI</Nm></Cdtr><CdtrAcct><Id><PrtryAcct><Id>23008200455668</Id></PrtryAcct></Id></CdtrAcct><Prtry><Tp>SOLA ELEMI</Tp><Pty/></Prtry></RltdPties><RmtInf><Strd><AddtlRmtInf>NO REF</AddtlRmtInf></Strd><Strd><AddtlRmtInf>EVA AMBER DONKER//SOLA ELEMI</AddtlRmtInf></Strd></RmtInf><RltdDts><TxDtTm>2018-09-20T18:52:42</TxDtTm></RltdDts><AddtlTxInf>0000000136234257015020180920826200353</AddtlTxInf></TxDtls><AddtlNtryInf>COMPLETE//0000//003//CREDIT</AddtlNtryInf></Ntry><Ntry><Amt Ccy="GBP">22.00</Amt><CdtDbtInd>CRDT</CdtDbtInd><Sts>BOOK</Sts><BookgDt><Dt>2018-09-21</Dt></BookgDt><BkTxCd><Prtry><Cd>DCA UKBA CR 40269</Cd></Prtry></BkTxCd><TxDtls><Refs><EndToEndId>NOREF</EndToEndId><TxId>000000013623426301</TxId><Prtry><Tp>STO REF</Tp><Ref>8207</Ref></Prtry></Refs><RltdPties><Dbtr><Nm>EVA AMBER DONKER</Nm></Dbtr><DbtrAcct><Id><PrtryAcct><Id>20035373152596</Id></PrtryAcct></Id></DbtrAcct><Cdtr><Nm>YEMI OLOBA</Nm></Cdtr><CdtrAcct><Id><PrtryAcct><Id>23008200455605</Id></PrtryAcct></Id></CdtrAcct><Prtry><Tp>YEMI OLOBA</Tp><Pty/></Prtry></RltdPties><RmtInf><Strd><AddtlRmtInf>NO REF</AddtlRmtInf></Strd><Strd><AddtlRmtInf>EVA AMBER DONKER//YEMI OLOBA</AddtlRmtInf></Strd></RmtInf><RltdDts><TxDtTm>2018-09-20T18:52:42</TxDtTm></RltdDts><AddtlTxInf>0000000136234263015020180920826200353</AddtlTxInf></TxDtls><AddtlNtryInf>COMPLETE//0000//003//CREDIT</AddtlNtryInf></Ntry><Ntry><Amt Ccy="GBP">21.50</Amt><CdtDbtInd>CRDT</CdtDbtInd><Sts>BOOK</Sts><BookgDt><Dt>2018-09-21</Dt></BookgDt><BkTxCd><Prtry><Cd>DCA UKBA CR 40269</Cd></Prtry></BkTxCd><TxDtls><Refs><EndToEndId>NOREF</EndToEndId><TxId>000000013623434301</TxId><Prtry><Tp>STO REF</Tp><Ref>8207</Ref></Prtry></Refs><RltdPties><Dbtr><Nm>EVA AMBER DONKER</Nm></Dbtr><DbtrAcct><Id><PrtryAcct><Id>20035373152596</Id></PrtryAcct></Id></DbtrAcct><Cdtr><Nm>EMMANUEL SOWORE</Nm></Cdtr><CdtrAcct><Id><PrtryAcct><Id>23008200455689</Id></PrtryAcct></Id></CdtrAcct><Prtry><Tp>EMMANUEL  SOWORE</Tp><Pty/></Prtry></RltdPties><RmtInf><Strd><AddtlRmtInf>NO REF</AddtlRmtInf></Strd><Strd><AddtlRmtInf>EVA AMBER DONKER//EMMANUEL  SOWORE</AddtlRmtInf></Strd></RmtInf><RltdDts><TxDtTm>2018-09-20T18:52:42</TxDtTm></RltdDts><AddtlTxInf>0000000136234343015020180920826200353</AddtlTxInf></TxDtls><AddtlNtryInf>COMPLETE//0000//003//CREDIT</AddtlNtryInf></Ntry><Ntry><Amt Ccy="GBP">21.00</Amt><CdtDbtInd>CRDT</CdtDbtInd><Sts>BOOK</Sts><BookgDt><Dt>2018-09-21</Dt></BookgDt><BkTxCd><Prtry><Cd>DCA UKBA CR 40269</Cd></Prtry></BkTxCd><TxDtls><Refs><EndToEndId>NOREF</EndToEndId><TxId>000000013623439201</TxId><Prtry><Tp>STO REF</Tp><Ref>8207</Ref></Prtry></Refs><RltdPties><Dbtr><Nm>EVA AMBER DONKER</Nm></Dbtr><DbtrAcct><Id><PrtryAcct><Id>20035373152596</Id></PrtryAcct></Id></DbtrAcct><Cdtr><Nm>LARA JOHNSON</Nm></Cdtr><CdtrAcct><Id><PrtryAcct><Id>23008200455621</Id></PrtryAcct></Id></CdtrAcct><Prtry><Tp>LARA JOHNSON</Tp><Pty/></Prtry></RltdPties><RmtInf><Strd><AddtlRmtInf>NO REF</AddtlRmtInf></Strd><Strd><AddtlRmtInf>EVA AMBER DONKER//LARA JOHNSON</AddtlRmtInf></Strd></RmtInf><RltdDts><TxDtTm>2018-09-20T18:52:42</TxDtTm></RltdDts><AddtlTxInf>0000000136234392015020180920826200353</AddtlTxInf></TxDtls><AddtlNtryInf>COMPLETE//0000//003//CREDIT</AddtlNtryInf></Ntry><Ntry><Amt Ccy="GBP">6.00</Amt><CdtDbtInd>CRDT</CdtDbtInd><Sts>BOOK</Sts><BookgDt><Dt>2018-09-21</Dt></BookgDt><BkTxCd><Prtry><Cd>SIP UKBA CR 40269</Cd></Prtry></BkTxCd><TxDtls><Refs><EndToEndId>NOREF</EndToEndId><TxId>500000000390402535</TxId></Refs><RltdPties><Dbtr><Nm>C Makuve</Nm></Dbtr><DbtrAcct><Id><PrtryAcct><Id>11057212400264</Id></PrtryAcct></Id></DbtrAcct><Cdtr><Nm>CHARLED ARRO</Nm></Cdtr><CdtrAcct><Id><PrtryAcct><Id>23008200441469</Id></PrtryAcct></Id></CdtrAcct><Prtry><Tp>ARRO</Tp><Pty/></Prtry></RltdPties><RmtInf><Strd><AddtlRmtInf>NO REF</AddtlRmtInf></Strd><Strd><AddtlRmtInf>C Makuve//ARRO</AddtlRmtInf></Strd></RmtInf><RltdDts><TxDtTm>2018-09-20T18:55:56</TxDtTm></RltdDts><AddtlTxInf>5000000003904025351020180920826110572</AddtlTxInf></TxDtls><AddtlNtryInf>COMPLETE//0000//003//CREDIT</AddtlNtryInf></Ntry><Ntry><Amt Ccy="GBP">30.00</Amt><CdtDbtInd>CRDT</CdtDbtInd><Sts>BOOK</Sts><BookgDt><Dt>2018-09-21</Dt></BookgDt><BkTxCd><Prtry><Cd>SIP UKBA CR 40269</Cd></Prtry></BkTxCd><TxDtls><Refs><EndToEndId>NOREF</EndToEndId><TxId>RP4679961835557500</TxId></Refs><RltdPties><Dbtr><Nm>LAYEMBI AA</Nm></Dbtr><DbtrAcct><Id><PrtryAcct><Id>20985763703525</Id></PrtryAcct></Id></DbtrAcct><Cdtr><Nm>SUSAN SPENCER</Nm></Cdtr><CdtrAcct><Id><PrtryAcct><Id>23008200456154</Id></PrtryAcct></Id></CdtrAcct><Prtry><Tp>DRESS</Tp><Pty/></Prtry></RltdPties><RmtInf><Strd><AddtlRmtInf>NO REF</AddtlRmtInf></Strd><Strd><AddtlRmtInf>LAYEMBI AA//DRESS</AddtlRmtInf></Strd></RmtInf><RltdDts><TxDtTm>2018-09-20T18:57:48</TxDtTm></RltdDts><AddtlTxInf>RP46799618355575001020180920826200026</AddtlTxInf></TxDtls><AddtlNtryInf>COMPLETE//0000//003//CREDIT</AddtlNtryInf></Ntry><Ntry><Amt Ccy="GBP">0.94</Amt><CdtDbtInd>CRDT</CdtDbtInd><Sts>BOOK</Sts><BookgDt><Dt>2018-09-21</Dt></BookgDt><BkTxCd><Prtry><Cd>SIP UKBA CR 40269</Cd></Prtry></BkTxCd><TxDtls><Refs><EndToEndId>NOREF</EndToEndId><TxId>100000000388745837</TxId></Refs><RltdPties><Dbtr><Nm>S Santos Ravara</Nm></Dbtr><DbtrAcct><Id><PrtryAcct><Id>11057512204564</Id></PrtryAcct></Id></DbtrAcct><Cdtr><Nm>MR EMMANUEL OJOMO</Nm></Cdtr><CdtrAcct><Id><PrtryAcct><Id>23008200433402</Id></PrtryAcct></Id></CdtrAcct><Prtry><Tp>TRIAL.</Tp><Pty/></Prtry></RltdPties><RmtInf><Strd><AddtlRmtInf>NO REF</AddtlRmtInf></Strd><Strd><AddtlRmtInf>S Santos Ravara//TRIAL.</AddtlRmtInf></Strd></RmtInf><RltdDts><TxDtTm>2018-09-20T18:58:53</TxDtTm></RltdDts><AddtlTxInf>1000000003887458371020180920826110575</AddtlTxInf></TxDtls><AddtlNtryInf>COMPLETE//0000//003//CREDIT</AddtlNtryInf></Ntry><Ntry><Amt Ccy="GBP">30.00</Amt><CdtDbtInd>CRDT</CdtDbtInd><Sts>BOOK</Sts><BookgDt><Dt>2018-09-21</Dt></BookgDt><BkTxCd><Prtry><Cd>SIP UKBA CR 40269</Cd></Prtry></BkTxCd><TxDtls><Refs><EndToEndId>NOREF</EndToEndId><TxId>RP4679961835695900</TxId></Refs><RltdPties><Dbtr><Nm>LAYEMBI AA</Nm></Dbtr><DbtrAcct><Id><PrtryAcct><Id>20985763703525</Id></PrtryAcct></Id></DbtrAcct><Cdtr><Nm>ESTHER MAGNEY</Nm></Cdtr><CdtrAcct><Id><PrtryAcct><Id>23008200455962</Id></PrtryAcct></Id></CdtrAcct><Prtry><Tp>MARIAM</Tp><Pty/></Prtry></RltdPties><RmtInf><Strd><AddtlRmtInf>NO REF</AddtlRmtInf></Strd><Strd><AddtlRmtInf>LAYEMBI AA//MARIAM</AddtlRmtInf></Strd></RmtInf><RltdDts><TxDtTm>2018-09-20T18:59:35</TxDtTm></RltdDts><AddtlTxInf>RP46799618356959001020180920826200026</AddtlTxInf></TxDtls><AddtlNtryInf>COMPLETE//0000//003//CREDIT</AddtlNtryInf></Ntry></Ntfctn></BkToCstmrDbtCdtNtfctnV01></Document>