<?xml version="1.0" encoding="UTF-8"?><Document xmlns:xsi="http://www.w3.org/2001/XMLSchema-instance" xmlns="urn:iso:std:iso:20022:tech:xsd:camt.054.001.01"><BkToCstmrDbtCdtNtfctnV01><GrpHdr><MsgId>80309K//12886</MsgId><CreDtTm>2018-09-15T14:30:00</CreDtTm></GrpHdr><Ntfctn><Id>80309K//12886//1</Id><CreDtTm>2018-09-15T14:30:00</CreDtTm><Acct><Id><PrtryAcct><Id>20594233939774</Id></PrtryAcct></Id><Ccy>GBP</Ccy></Acct><TxsSummry><TtlNtries><NbOfNtries>10</NbOfNtries><Sum>332.08</Sum></TtlNtries><TtlCdtNtries><NbOfNtries>10</NbOfNtries><Sum>332.08</Sum></TtlCdtNtries><TtlDbtNtries><NbOfNtries>0</NbOfNtries><Sum>0.00</Sum></TtlDbtNtries></TxsSummry><Ntry><Amt Ccy="GBP">60.00</Amt><CdtDbtInd>CRDT</CdtDbtInd><Sts>BOOK</Sts><BookgDt><Dt>2018-09-17</Dt></BookgDt><BkTxCd><Prtry><Cd>SIP UKBA CR 40269</Cd></Prtry></BkTxCd><TxDtls><Refs><EndToEndId>NOREF</EndToEndId><TxId>RP4659984617706600</TxId></Refs><RltdPties><Dbtr><Nm>SIMANOVICA U</Nm></Dbtr><DbtrAcct><Id><PrtryAcct><Id>20992183512304</Id></PrtryAcct></Id></DbtrAcct><Cdtr><Nm>KAROLIS JASMONTAS</Nm></Cdtr><CdtrAcct><Id><PrtryAcct><Id>23008200212074</Id></PrtryAcct></Id></CdtrAcct><Prtry><Tp>.....</Tp><Pty/></Prtry></RltdPties><RmtInf><Strd><AddtlRmtInf>NO REF</AddtlRmtInf></Strd><Strd><AddtlRmtInf>SIMANOVICA U//.....</AddtlRmtInf></Strd></RmtInf><RltdDts><TxDtTm>2018-09-15T14:00:27</TxDtTm></RltdDts><AddtlTxInf>RP46599846177066001020180915826200026</AddtlTxInf></TxDtls><AddtlNtryInf>COMPLETE//0000//003//CREDIT</AddtlNtryInf></Ntry><Ntry><Amt Ccy="GBP">70.00</Amt><CdtDbtInd>CRDT</CdtDbtInd><Sts>BOOK</Sts><BookgDt><Dt>2018-09-17</Dt></BookgDt><BkTxCd><Prtry><Cd>SIP UKBA CR 40269</Cd></Prtry></BkTxCd><TxDtls><Refs><EndToEndId>NOREF</EndToEndId><TxId>RP4659984617710800</TxId></Refs><RltdPties><Dbtr><Nm>MEHMOOD Z</Nm></Dbtr><DbtrAcct><Id><PrtryAcct><Id>20118193014541</Id></PrtryAcct></Id></DbtrAcct><Cdtr><Nm>ARUBA SAEED</Nm></Cdtr><CdtrAcct><Id><PrtryAcct><Id>23008200339848</Id></PrtryAcct></Id></CdtrAcct><Prtry><Tp>FRIEND BARROW</Tp><Pty/></Prtry></RltdPties><RmtInf><Strd><AddtlRmtInf>NO REF</AddtlRmtInf></Strd><Strd><AddtlRmtInf>MEHMOOD Z//FRIEND BARROW</AddtlRmtInf></Strd></RmtInf><RltdDts><TxDtTm>2018-09-15T14:00:35</TxDtTm></RltdDts><AddtlTxInf>RP46599846177108001020180915826200026</AddtlTxInf></TxDtls><AddtlNtryInf>COMPLETE//0000//003//CREDIT</AddtlNtryInf></Ntry><Ntry><Amt Ccy="GBP">1.00</Amt><CdtDbtInd>CRDT</CdtDbtInd><Sts>BOOK</Sts><BookgDt><Dt>2018-09-17</Dt></BookgDt><BkTxCd><Prtry><Cd>SIP UKBA CR 40269</Cd></Prtry></BkTxCd><TxDtls><Refs><EndToEndId>NOREF</EndToEndId><TxId>FP18258O00201625</TxId></Refs><RltdPties><Dbtr><Nm>Taghdi Samira</Nm></Dbtr><DbtrAcct><Id><PrtryAcct><Id>07043623981288</Id></PrtryAcct></Id></DbtrAcct><Cdtr><Nm>ARROW</Nm></Cdtr><CdtrAcct><Id><PrtryAcct><Id>23008200443787</Id></PrtryAcct></Id></CdtrAcct><Prtry><Tp>TRAIL</Tp><Pty/></Prtry></RltdPties><RmtInf><Strd><AddtlRmtInf>NO REF</AddtlRmtInf></Strd><Strd><AddtlRmtInf>Taghdi Samira//TRAIL</AddtlRmtInf></Strd></RmtInf><RltdDts><TxDtTm>2018-09-15T14:01:53</TxDtTm></RltdDts><AddtlTxInf>FP18258O00201625  1020180915826070436</AddtlTxInf></TxDtls><AddtlNtryInf>COMPLETE//0000//003//CREDIT</AddtlNtryInf></Ntry><Ntry><Amt Ccy="GBP">1.07</Amt><CdtDbtInd>CRDT</CdtDbtInd><Sts>BOOK</Sts><BookgDt><Dt>2018-09-17</Dt></BookgDt><BkTxCd><Prtry><Cd>SIP UKBA CR 40269</Cd></Prtry></BkTxCd><TxDtls><Refs><EndToEndId>NOREF</EndToEndId><TxId>RP4659984618019100</TxId></Refs><RltdPties><Dbtr><Nm>HANDL H</Nm></Dbtr><DbtrAcct><Id><PrtryAcct><Id>20821340025712</Id></PrtryAcct></Id></DbtrAcct><Cdtr><Nm>AMX GLOBAL EU</Nm></Cdtr><CdtrAcct><Id><PrtryAcct><Id>23008200224939</Id></PrtryAcct></Id></CdtrAcct><Prtry><Tp>ARRO BANK H HANDL</Tp><Pty/></Prtry></RltdPties><RmtInf><Strd><AddtlRmtInf>NO REF</AddtlRmtInf></Strd><Strd><AddtlRmtInf>HANDL H//ARRO BANK H HANDL</AddtlRmtInf></Strd></RmtInf><RltdDts><TxDtTm>2018-09-15T14:05:37</TxDtTm></RltdDts><AddtlTxInf>RP46599846180191001020180915826200026</AddtlTxInf></TxDtls><AddtlNtryInf>COMPLETE//0000//003//CREDIT</AddtlNtryInf></Ntry><Ntry><Amt Ccy="GBP">110.00</Amt><CdtDbtInd>CRDT</CdtDbtInd><Sts>BOOK</Sts><BookgDt><Dt>2018-09-17</Dt></BookgDt><BkTxCd><Prtry><Cd>SIP UKBA CR 40269</Cd></Prtry></BkTxCd><TxDtls><Refs><EndToEndId>NOREF</EndToEndId><TxId>600000000388713263</TxId></Refs><RltdPties><Dbtr><Nm>D Chorlton</Nm></Dbtr><DbtrAcct><Id><PrtryAcct><Id>11019400529411</Id></PrtryAcct></Id></DbtrAcct><Cdtr><Nm>TONY EMMETT</Nm></Cdtr><CdtrAcct><Id><PrtryAcct><Id>23008200084715</Id></PrtryAcct></Id></CdtrAcct><Prtry><Tp>CHORLTON U9</Tp><Pty/></Prtry></RltdPties><RmtInf><Strd><AddtlRmtInf>NO REF</AddtlRmtInf></Strd><Strd><AddtlRmtInf>D Chorlton//CHORLTON U9</AddtlRmtInf></Strd></RmtInf><RltdDts><TxDtTm>2018-09-15T14:05:39</TxDtTm></RltdDts><AddtlTxInf>6000000003887132631020180915826110194</AddtlTxInf></TxDtls><AddtlNtryInf>COMPLETE//0000//003//CREDIT</AddtlNtryInf></Ntry><Ntry><Amt Ccy="GBP">20.00</Amt><CdtDbtInd>CRDT</CdtDbtInd><Sts>BOOK</Sts><BookgDt><Dt>2018-09-17</Dt></BookgDt><BkTxCd><Prtry><Cd>SIP UKBA CR 40269</Cd></Prtry></BkTxCd><TxDtls><Refs><EndToEndId>NOREF</EndToEndId><TxId>100000000387341072</TxId></Refs><RltdPties><Dbtr><Nm>J Riaz</Nm></Dbtr><DbtrAcct><Id><PrtryAcct><Id>11040013963060</Id></PrtryAcct></Id></DbtrAcct><Cdtr><Nm>ROBERT CHLAPMAN</Nm></Cdtr><CdtrAcct><Id><PrtryAcct><Id>23008200197203</Id></PrtryAcct></Id></CdtrAcct><Prtry><Tp>IPHONE</Tp><Pty/></Prtry></RltdPties><RmtInf><Strd><AddtlRmtInf>NO REF</AddtlRmtInf></Strd><Strd><AddtlRmtInf>J Riaz//IPHONE</AddtlRmtInf></Strd></RmtInf><RltdDts><TxDtTm>2018-09-15T14:14:53</TxDtTm></RltdDts><AddtlTxInf>1000000003873410721020180915826110400</AddtlTxInf></TxDtls><AddtlNtryInf>COMPLETE//0000//003//CREDIT</AddtlNtryInf></Ntry><Ntry><Amt Ccy="GBP">50.00</Amt><CdtDbtInd>CRDT</CdtDbtInd><Sts>BOOK</Sts><BookgDt><Dt>2018-09-17</Dt></BookgDt><BkTxCd><Prtry><Cd>SIP UKBA CR 40269</Cd></Prtry></BkTxCd><TxDtls><Refs><EndToEndId>KENNY</EndToEndId><TxId>50141528409897000R</TxId><Prtry><Tp>STO REF</Tp><Ref>0000</Ref></Prtry></Refs><RltdPties><Dbtr><Nm>AKINSANMI OW</Nm></Dbtr><DbtrAcct><Id><PrtryAcct><Id>83520017931918</Id></PrtryAcct></Id></DbtrAcct><Cdtr><Nm>SONIAN</Nm></Cdtr><CdtrAcct><Id><PrtryAcct><Id>23008200331960</Id></PrtryAcct></Id></CdtrAcct><Prtry><Tp>KENNY</Tp><Pty/></Prtry></RltdPties><RmtInf><Strd><AddtlRmtInf>AKINSANMI OW      KENNY             VIA MOBILE - LVP</AddtlRmtInf></Strd><Strd><AddtlRmtInf>AKINSANMI OW//KENNY</AddtlRmtInf></Strd></RmtInf><RltdDts><TxDtTm>2018-09-15T14:15:28</TxDtTm></RltdDts><AddtlTxInf>50141528409897000R1020180915826835200</AddtlTxInf></TxDtls><AddtlNtryInf>COMPLETE//0000//003//CREDIT</AddtlNtryInf></Ntry><Ntry><Amt Ccy="GBP">0.01</Amt><CdtDbtInd>CRDT</CdtDbtInd><Sts>BOOK</Sts><BookgDt><Dt>2018-09-17</Dt></BookgDt><BkTxCd><Prtry><Cd>SIP UKBA CR 40269</Cd></Prtry></BkTxCd><TxDtls><Refs><EndToEndId>PPRD00000000ANJ7SC</EndToEndId><TxId>PPRD00000000ANJ7SC</TxId></Refs><RltdPties><Dbtr><Nm>PAYPAL CODE 4396</Nm><PstlAdr><AdrLine>2211 N 1st Street San Jose CA 95131</AdrLine><Ctry/></PstlAdr></Dbtr><DbtrAcct><Id><PrtryAcct><Id>23526285010101</Id></PrtryAcct></Id></DbtrAcct><Cdtr><Nm>Donna Copley</Nm><PstlAdr><AdrLine>13 Clay Flat Lane</AdrLine><Ctry/></PstlAdr></Cdtr><CdtrAcct><Id><PrtryAcct><Id>23008200441901</Id></PrtryAcct></Id></CdtrAcct><Prtry><Tp>PAYPAL CODE 4396</Tp><Pty/></Prtry></RltdPties><RmtInf><Strd><RfrdDocInf><RfrdDocTp><Prtry>002</Prtry></RfrdDocTp></RfrdDocInf><AddtlRmtInf>NO REF</AddtlRmtInf></Strd><Strd><AddtlRmtInf>PAYPAL CODE 4396//PAYPAL CODE 4396</AddtlRmtInf></Strd></RmtInf><RltdDts><TxDtTm>2018-09-15T14:20:34</TxDtTm></RltdDts><AddtlTxInf>PPRD00000000ANJ7SC1020180915826235262</AddtlTxInf></TxDtls><AddtlNtryInf>COMPLETE//0000//003//CREDIT</AddtlNtryInf></Ntry><Ntry><Amt Ccy="GBP">5.00</Amt><CdtDbtInd>CRDT</CdtDbtInd><Sts>BOOK</Sts><BookgDt><Dt>2018-09-17</Dt></BookgDt><BkTxCd><Prtry><Cd>SIP UKBA CR 40269</Cd></Prtry></BkTxCd><TxDtls><Refs><EndToEndId>TERRI</EndToEndId><TxId>11142137329811000N</TxId><Prtry><Tp>STO REF</Tp><Ref>0000</Ref></Prtry></Refs><RltdPties><Dbtr><Nm>SMITH T</Nm></Dbtr><DbtrAcct><Id><PrtryAcct><Id>60060632454902</Id></PrtryAcct></Id></DbtrAcct><Cdtr><Nm>ARRO ACCOUNT</Nm></Cdtr><CdtrAcct><Id><PrtryAcct><Id>23008200361543</Id></PrtryAcct></Id></CdtrAcct><Prtry><Tp>TERRI</Tp><Pty/></Prtry></RltdPties><RmtInf><Strd><AddtlRmtInf>SMITH T           TERRI             VIA MOBILE - LVP</AddtlRmtInf></Strd><Strd><AddtlRmtInf>SMITH T//TERRI</AddtlRmtInf></Strd></RmtInf><RltdDts><TxDtTm>2018-09-15T14:21:37</TxDtTm></RltdDts><AddtlTxInf>11142137329811000N1020180915826600606</AddtlTxInf></TxDtls><AddtlNtryInf>COMPLETE//0000//003//CREDIT</AddtlNtryInf></Ntry><Ntry><Amt Ccy="GBP">15.00</Amt><CdtDbtInd>CRDT</CdtDbtInd><Sts>BOOK</Sts><BookgDt><Dt>2018-09-17</Dt></BookgDt><BkTxCd><Prtry><Cd>SIP UKBA CR 40269</Cd></Prtry></BkTxCd><TxDtls><Refs><EndToEndId>NOREF</EndToEndId><TxId>180915142354457868</TxId></Refs><RltdPties><Dbtr><Nm>Moshood Bello</Nm></Dbtr><DbtrAcct><Id><PrtryAcct><Id>30934420455960</Id></PrtryAcct></Id></DbtrAcct><Cdtr><Nm>mr m bello arro</Nm></Cdtr><CdtrAcct><Id><PrtryAcct><Id>23008200193961</Id></PrtryAcct></Id></CdtrAcct></RltdPties><RmtInf><Strd><AddtlRmtInf>NO REF</AddtlRmtInf></Strd><Strd><AddtlRmtInf>Moshood Bello//</AddtlRmtInf></Strd></RmtInf><RltdDts><TxDtTm>2018-09-15T14:23:52</TxDtTm></RltdDts><AddtlTxInf>1809151423544578681020180915826309344</AddtlTxInf></TxDtls><AddtlNtryInf>COMPLETE//0000//003//CREDIT</AddtlNtryInf></Ntry></Ntfctn></BkToCstmrDbtCdtNtfctnV01></Document>