<?xml version="1.0" encoding="UTF-8"?><Document xmlns:xsi="http://www.w3.org/2001/XMLSchema-instance" xmlns="urn:iso:std:iso:20022:tech:xsd:camt.054.001.01"><BkToCstmrDbtCdtNtfctnV01><GrpHdr><MsgId>80309K//13113</MsgId><CreDtTm>2018-09-20T20:00:00</CreDtTm></GrpHdr><Ntfctn><Id>80309K//13113//1</Id><CreDtTm>2018-09-20T20:00:00</CreDtTm><Acct><Id><PrtryAcct><Id>20594233939774</Id></PrtryAcct></Id><Ccy>GBP</Ccy></Acct><TxsSummry><TtlNtries><NbOfNtries>8</NbOfNtries><Sum>3469.04</Sum></TtlNtries><TtlCdtNtries><NbOfNtries>8</NbOfNtries><Sum>3469.04</Sum></TtlCdtNtries><TtlDbtNtries><NbOfNtries>0</NbOfNtries><Sum>0.00</Sum></TtlDbtNtries></TxsSummry><Ntry><Amt Ccy="GBP">70.00</Amt><CdtDbtInd>CRDT</CdtDbtInd><Sts>BOOK</Sts><BookgDt><Dt>2018-09-21</Dt></BookgDt><BkTxCd><Prtry><Cd>SIP UKBA CR 40269</Cd></Prtry></BkTxCd><TxDtls><Refs><EndToEndId>NOREF</EndToEndId><TxId>RP4679961837977500</TxId></Refs><RltdPties><Dbtr><Nm>OSAGIE T</Nm></Dbtr><DbtrAcct><Id><PrtryAcct><Id>20252560228168</Id></PrtryAcct></Id></DbtrAcct><Cdtr><Nm>PENDULUM</Nm></Cdtr><CdtrAcct><Id><PrtryAcct><Id>23008200037349</Id></PrtryAcct></Id></CdtrAcct><Prtry><Tp>SANDRA</Tp><Pty/></Prtry></RltdPties><RmtInf><Strd><AddtlRmtInf>NO REF</AddtlRmtInf></Strd><Strd><AddtlRmtInf>OSAGIE T//SANDRA</AddtlRmtInf></Strd></RmtInf><RltdDts><TxDtTm>2018-09-20T19:31:31</TxDtTm></RltdDts><AddtlTxInf>RP46799618379775001020180920826200026</AddtlTxInf></TxDtls><AddtlNtryInf>COMPLETE//0000//003//CREDIT</AddtlNtryInf></Ntry><Ntry><Amt Ccy="GBP">1500.00</Amt><CdtDbtInd>CRDT</CdtDbtInd><Sts>BOOK</Sts><BookgDt><Dt>2018-09-21</Dt></BookgDt><BkTxCd><Prtry><Cd>SIP UKBA CR 40269</Cd></Prtry></BkTxCd><TxDtls><Refs><EndToEndId>NOREF</EndToEndId><TxId>FP18263O04169551</TxId></Refs><RltdPties><Dbtr><Nm>BELICA Josef</Nm></Dbtr><DbtrAcct><Id><PrtryAcct><Id>07043642538913</Id></PrtryAcct></Id></DbtrAcct><Cdtr><Nm>KRYSTINA WOJCIK</Nm></Cdtr><CdtrAcct><Id><PrtryAcct><Id>23008200365880</Id></PrtryAcct></Id></CdtrAcct><Prtry><Tp>JOSEF</Tp><Pty/></Prtry></RltdPties><RmtInf><Strd><AddtlRmtInf>NO REF</AddtlRmtInf></Strd><Strd><AddtlRmtInf>BELICA Josef//JOSEF</AddtlRmtInf></Strd></RmtInf><RltdDts><TxDtTm>2018-09-20T19:36:58</TxDtTm></RltdDts><AddtlTxInf>FP18263O04169551  1020180920826070436</AddtlTxInf></TxDtls><AddtlNtryInf>COMPLETE//0000//003//CREDIT</AddtlNtryInf></Ntry><Ntry><Amt Ccy="GBP">170.00</Amt><CdtDbtInd>CRDT</CdtDbtInd><Sts>BOOK</Sts><BookgDt><Dt>2018-09-21</Dt></BookgDt><BkTxCd><Prtry><Cd>SIP UKBA CR 40269</Cd></Prtry></BkTxCd><TxDtls><Refs><EndToEndId>00151189632BBKFCML</EndToEndId><TxId>00151189632BBKFCML</TxId></Refs><RltdPties><Dbtr><Nm>JEMMA-DIEN MEAD</Nm></Dbtr><DbtrAcct><Id><PrtryAcct><Id>09012914848605</Id></PrtryAcct></Id></DbtrAcct><Cdtr><Nm>andrew burrow</Nm></Cdtr><CdtrAcct><Id><PrtryAcct><Id>23008200447844</Id></PrtryAcct></Id></CdtrAcct><Prtry><Tp>new card</Tp><Pty/></Prtry></RltdPties><RmtInf><Strd><AddtlRmtInf>NO REF</AddtlRmtInf></Strd><Strd><AddtlRmtInf>JEMMA-DIEN MEAD//new card</AddtlRmtInf></Strd></RmtInf><RltdDts><TxDtTm>2018-09-20T19:37:20</TxDtTm></RltdDts><AddtlTxInf>00151189632BBKFCML1020180920826090129</AddtlTxInf></TxDtls><AddtlNtryInf>COMPLETE//0000//003//CREDIT</AddtlNtryInf></Ntry><Ntry><Amt Ccy="GBP">400.00</Amt><CdtDbtInd>CRDT</CdtDbtInd><Sts>BOOK</Sts><BookgDt><Dt>2018-09-21</Dt></BookgDt><BkTxCd><Prtry><Cd>SIP UKBA CR 40269</Cd></Prtry></BkTxCd><TxDtls><Refs><EndToEndId>NOREF</EndToEndId><TxId>RP4679961838467200</TxId></Refs><RltdPties><Dbtr><Nm>DAWIDOWICZ N</Nm></Dbtr><DbtrAcct><Id><PrtryAcct><Id>20359073363562</Id></PrtryAcct></Id></DbtrAcct><Cdtr><Nm>PALLET DELIVERY</Nm></Cdtr><CdtrAcct><Id><PrtryAcct><Id>23008200449625</Id></PrtryAcct></Id></CdtrAcct><Prtry><Tp>PRAM</Tp><Pty/></Prtry></RltdPties><RmtInf><Strd><AddtlRmtInf>NO REF</AddtlRmtInf></Strd><Strd><AddtlRmtInf>DAWIDOWICZ N//PRAM</AddtlRmtInf></Strd></RmtInf><RltdDts><TxDtTm>2018-09-20T19:38:39</TxDtTm></RltdDts><AddtlTxInf>RP46799618384672001020180920826200026</AddtlTxInf></TxDtls><AddtlNtryInf>COMPLETE//0000//003//CREDIT</AddtlNtryInf></Ntry><Ntry><Amt Ccy="GBP">10.00</Amt><CdtDbtInd>CRDT</CdtDbtInd><Sts>BOOK</Sts><BookgDt><Dt>2018-09-21</Dt></BookgDt><BkTxCd><Prtry><Cd>SIP UKBA CR 40269</Cd></Prtry></BkTxCd><TxDtls><Refs><EndToEndId>NOREF</EndToEndId><TxId>300000000394062677</TxId></Refs><RltdPties><Dbtr><Nm>A Fayoyin</Nm></Dbtr><DbtrAcct><Id><PrtryAcct><Id>11132510711264</Id></PrtryAcct></Id></DbtrAcct><Cdtr><Nm>K ADIO</Nm></Cdtr><CdtrAcct><Id><PrtryAcct><Id>23008200323326</Id></PrtryAcct></Id></CdtrAcct><Prtry><Tp>DOUBLE</Tp><Pty/></Prtry></RltdPties><RmtInf><Strd><AddtlRmtInf>NO REF</AddtlRmtInf></Strd><Strd><AddtlRmtInf>A Fayoyin//DOUBLE</AddtlRmtInf></Strd></RmtInf><RltdDts><TxDtTm>2018-09-20T19:39:31</TxDtTm></RltdDts><AddtlTxInf>3000000003940626771020180920826111325</AddtlTxInf></TxDtls><AddtlNtryInf>COMPLETE//0000//003//CREDIT</AddtlNtryInf></Ntry><Ntry><Amt Ccy="GBP">299.04</Amt><CdtDbtInd>CRDT</CdtDbtInd><Sts>BOOK</Sts><BookgDt><Dt>2018-09-21</Dt></BookgDt><BkTxCd><Prtry><Cd>SIP UKBA CR 40269</Cd></Prtry></BkTxCd><TxDtls><Refs><EndToEndId>NOREF</EndToEndId><TxId>08195100734517000N</TxId><Prtry><Tp>STO REF</Tp><Ref>0000</Ref></Prtry></Refs><RltdPties><Dbtr><Nm>MEDELECTRICS LIMITED LTD</Nm><PstlAdr><AdrLine>SENECA HOUSE BUNTSFORD PARK ROAD BR</AdrLine><AdrLine>OMSGROVE B603DX UNITED KINGDOM</AdrLine><Ctry/></PstlAdr></Dbtr><DbtrAcct><Id><PrtryAcct><Id>60837040029808</Id></PrtryAcct></Id></DbtrAcct><Cdtr><Nm>HAMJED DANIEL</Nm></Cdtr><CdtrAcct><Id><PrtryAcct><Id>23008200291407</Id></PrtryAcct></Id></CdtrAcct><Prtry><Tp>WAGES 198164</Tp><Pty/></Prtry></RltdPties><RmtInf><Strd><AddtlRmtInf>WAGES 198164</AddtlRmtInf></Strd><Strd><AddtlRmtInf>MEDELECTRICS LIMIT//WAGES 198164</AddtlRmtInf></Strd></RmtInf><RltdDts><TxDtTm>2018-09-20T19:51:01</TxDtTm></RltdDts><AddtlTxInf>08195100734517000N1020180920826608370</AddtlTxInf></TxDtls><AddtlNtryInf>COMPLETE//0000//003//CREDIT</AddtlNtryInf></Ntry><Ntry><Amt Ccy="GBP">20.00</Amt><CdtDbtInd>CRDT</CdtDbtInd><Sts>BOOK</Sts><BookgDt><Dt>2018-09-21</Dt></BookgDt><BkTxCd><Prtry><Cd>SIP UKBA CR 40269</Cd></Prtry></BkTxCd><TxDtls><Refs><EndToEndId>PPWD00000000AOWF3O</EndToEndId><TxId>PPWD00000000AOWF3O</TxId></Refs><RltdPties><Dbtr><Nm>PayPal</Nm><PstlAdr><AdrLine>2211 N 1st Street San Jose CA 95131</AdrLine><Ctry/></PstlAdr></Dbtr><DbtrAcct><Id><PrtryAcct><Id>23526278959595</Id></PrtryAcct></Id></DbtrAcct><Cdtr><Nm>nicholas jones</Nm><PstlAdr><AdrLine>56 Harold Street</AdrLine><Ctry/></PstlAdr></Cdtr><CdtrAcct><Id><PrtryAcct><Id>23008200351123</Id></PrtryAcct></Id></CdtrAcct><Prtry><Tp>PPWDL4J322AL8UTVBS</Tp><Pty/></Prtry></RltdPties><RmtInf><Strd><RfrdDocInf><RfrdDocTp><Prtry>002</Prtry></RfrdDocTp></RfrdDocInf><AddtlRmtInf>NO REF</AddtlRmtInf></Strd><Strd><AddtlRmtInf>PayPal//PPWDL4J322AL8UTVBS</AddtlRmtInf></Strd></RmtInf><RltdDts><TxDtTm>2018-09-20T19:58:33</TxDtTm></RltdDts><AddtlTxInf>PPWD00000000AOWF3O1020180920826235262</AddtlTxInf></TxDtls><AddtlNtryInf>COMPLETE//0000//003//CREDIT</AddtlNtryInf></Ntry><Ntry><Amt Ccy="GBP">1000.00</Amt><CdtDbtInd>CRDT</CdtDbtInd><Sts>BOOK</Sts><BookgDt><Dt>2018-09-21</Dt></BookgDt><BkTxCd><Prtry><Cd>SIP UKBA CR 40269</Cd></Prtry></BkTxCd><TxDtls><Refs><EndToEndId>NOREF</EndToEndId><TxId>400000000395214539</TxId></Refs><RltdPties><Dbtr><Nm>G Miller</Nm></Dbtr><DbtrAcct><Id><PrtryAcct><Id>11109500042470</Id></PrtryAcct></Id></DbtrAcct><Cdtr><Nm>B JACKSON</Nm></Cdtr><CdtrAcct><Id><PrtryAcct><Id>23008200455909</Id></PrtryAcct></Id></CdtrAcct><Prtry><Tp>DEPOSIT</Tp><Pty/></Prtry></RltdPties><RmtInf><Strd><AddtlRmtInf>NO REF</AddtlRmtInf></Strd><Strd><AddtlRmtInf>G Miller//DEPOSIT</AddtlRmtInf></Strd></RmtInf><RltdDts><TxDtTm>2018-09-20T19:58:41</TxDtTm></RltdDts><AddtlTxInf>4000000003952145391020180920826111095</AddtlTxInf></TxDtls><AddtlNtryInf>COMPLETE//0000//003//CREDIT</AddtlNtryInf></Ntry></Ntfctn></BkToCstmrDbtCdtNtfctnV01></Document>