<?xml version="1.0" encoding="UTF-8"?><Document xmlns:xsi="http://www.w3.org/2001/XMLSchema-instance" xmlns="urn:iso:std:iso:20022:tech:xsd:camt.054.001.01"><BkToCstmrDbtCdtNtfctnV01><GrpHdr><MsgId>80309K//13108</MsgId><CreDtTm>2018-09-20T17:30:00</CreDtTm></GrpHdr><Ntfctn><Id>80309K//13108//1</Id><CreDtTm>2018-09-20T17:30:00</CreDtTm><Acct><Id><PrtryAcct><Id>20594233939774</Id></PrtryAcct></Id><Ccy>GBP</Ccy></Acct><TxsSummry><TtlNtries><NbOfNtries>4</NbOfNtries><Sum>1123.22</Sum></TtlNtries><TtlCdtNtries><NbOfNtries>4</NbOfNtries><Sum>1123.22</Sum></TtlCdtNtries><TtlDbtNtries><NbOfNtries>0</NbOfNtries><Sum>0.00</Sum></TtlDbtNtries></TxsSummry><Ntry><Amt Ccy="GBP">253.22</Amt><CdtDbtInd>CRDT</CdtDbtInd><Sts>BOOK</Sts><BookgDt><Dt>2018-09-20</Dt></BookgDt><BkTxCd><Prtry><Cd>FDP UKBA CR 40269</Cd></Prtry></BkTxCd><TxDtls><Refs><EndToEndId>NOREF</EndToEndId><TxId>2499166410710303FU</TxId><Prtry><Tp>STO REF</Tp><Ref>0000</Ref></Prtry></Refs><RltdPties><Dbtr><PstlAdr><AdrLine>CGLS ACCOUNTANCY LIMITED;2ND FLOOR;</AdrLine><AdrLine>, PRINCESS MARY HOUSE;4 BLUECOATS;</AdrLine><AdrLine>AVENUE;HERTFORD, HERTS, SG14 1PB</AdrLine><Ctry/></PstlAdr></Dbtr><DbtrAcct><Id><PrtryAcct><Id>40231071852795</Id></PrtryAcct></Id></DbtrAcct><Cdtr><Nm>MR KAROLIS JASMONTAS</Nm><PstlAdr><AdrLine>136 KING STREET;GREAT YARMOUTH;NR;</AdrLine><AdrLine>30 2PQ</AdrLine><Ctry/></PstlAdr></Cdtr><CdtrAcct><Id><PrtryAcct><Id>23008200212074</Id></PrtryAcct></Id></CdtrAcct><Prtry><Tp>SALARY</Tp><Pty/></Prtry></RltdPties><RmtInf><Strd><AddtlRmtInf>NO REF</AddtlRmtInf></Strd><Strd><AddtlRmtInf>402310 71852795//SALARY</AddtlRmtInf></Strd></RmtInf><RltdDts><TxDtTm>2018-09-20T17:01:47</TxDtTm></RltdDts><AddtlTxInf>2499166410710303FU4020180920826402310</AddtlTxInf></TxDtls><AddtlNtryInf>COMPLETE//0000//003//CREDIT</AddtlNtryInf></Ntry><Ntry><Amt Ccy="GBP">370.00</Amt><CdtDbtInd>CRDT</CdtDbtInd><Sts>BOOK</Sts><BookgDt><Dt>2018-09-20</Dt></BookgDt><BkTxCd><Prtry><Cd>SIP UKBA CR 40269</Cd></Prtry></BkTxCd><TxDtls><Refs><EndToEndId>NOREF</EndToEndId><TxId>RP4679961827153100</TxId></Refs><RltdPties><Dbtr><Nm>EWEKA K</Nm></Dbtr><DbtrAcct><Id><PrtryAcct><Id>20466020541222</Id></PrtryAcct></Id></DbtrAcct><Cdtr><Nm>CLASSIC BUISNESS</Nm></Cdtr><CdtrAcct><Id><PrtryAcct><Id>23008200042452</Id></PrtryAcct></Id></CdtrAcct><Prtry><Tp>BIRTHDAY</Tp><Pty/></Prtry></RltdPties><RmtInf><Strd><AddtlRmtInf>NO REF</AddtlRmtInf></Strd><Strd><AddtlRmtInf>EWEKA K//BIRTHDAY</AddtlRmtInf></Strd></RmtInf><RltdDts><TxDtTm>2018-09-20T17:15:59</TxDtTm></RltdDts><AddtlTxInf>RP46799618271531001020180920826200026</AddtlTxInf></TxDtls><AddtlNtryInf>COMPLETE//0000//003//CREDIT</AddtlNtryInf></Ntry><Ntry><Amt Ccy="GBP">300.00</Amt><CdtDbtInd>CRDT</CdtDbtInd><Sts>BOOK</Sts><BookgDt><Dt>2018-09-20</Dt></BookgDt><BkTxCd><Prtry><Cd>SIP UKBA CR 40269</Cd></Prtry></BkTxCd><TxDtls><Refs><EndToEndId>NOREF</EndToEndId><TxId>55552563617103F4SW</TxId><Prtry><Tp>STO REF</Tp><Ref>0000</Ref></Prtry></Refs><RltdPties><Dbtr><Nm>TAZNEEM GREEN</Nm><PstlAdr><AdrLine>APARTMENT 36;41 ESSEX STREET;BIRM;</AdrLine><AdrLine>INGHAM B5 4TT</AdrLine><Ctry/></PstlAdr></Dbtr><DbtrAcct><Id><PrtryAcct><Id>40643497120501</Id></PrtryAcct></Id></DbtrAcct><Cdtr><Nm>CHELSIE BROWN</Nm></Cdtr><CdtrAcct><Id><PrtryAcct><Id>23008200286775</Id></PrtryAcct></Id></CdtrAcct><Prtry><Tp>TAZNEEM RENT RESER</Tp><Pty/></Prtry></RltdPties><RmtInf><Strd><AddtlRmtInf>NO REF</AddtlRmtInf></Strd><Strd><AddtlRmtInf>TAZNEEM GREEN//TAZNEEM RENT RESER</AddtlRmtInf></Strd></RmtInf><RltdDts><TxDtTm>2018-09-20T17:16:36</TxDtTm></RltdDts><AddtlTxInf>55552563617103F4SW1020180920826400250</AddtlTxInf></TxDtls><AddtlNtryInf>COMPLETE//0000//003//CREDIT</AddtlNtryInf></Ntry><Ntry><Amt Ccy="GBP">200.00</Amt><CdtDbtInd>CRDT</CdtDbtInd><Sts>BOOK</Sts><BookgDt><Dt>2018-09-20</Dt></BookgDt><BkTxCd><Prtry><Cd>SIP UKBA CR 40269</Cd></Prtry></BkTxCd><TxDtls><Refs><EndToEndId>WESTLEY</EndToEndId><TxId>38172702878098000N</TxId><Prtry><Tp>STO REF</Tp><Ref>0000</Ref></Prtry></Refs><RltdPties><Dbtr><Nm>WESTLEY SPB</Nm></Dbtr><DbtrAcct><Id><PrtryAcct><Id>60072644546149</Id></PrtryAcct></Id></DbtrAcct><Cdtr><Nm>WILL</Nm></Cdtr><CdtrAcct><Id><PrtryAcct><Id>23008200433862</Id></PrtryAcct></Id></CdtrAcct><Prtry><Tp>WESTLEY</Tp><Pty/></Prtry></RltdPties><RmtInf><Strd><AddtlRmtInf>WESTLEY SPB       WESTLEY           VIA MOBILE - LVP</AddtlRmtInf></Strd><Strd><AddtlRmtInf>WESTLEY SPB//WESTLEY</AddtlRmtInf></Strd></RmtInf><RltdDts><TxDtTm>2018-09-20T17:27:03</TxDtTm></RltdDts><AddtlTxInf>38172702878098000N1020180920826600726</AddtlTxInf></TxDtls><AddtlNtryInf>COMPLETE//0000//003//CREDIT</AddtlNtryInf></Ntry></Ntfctn></BkToCstmrDbtCdtNtfctnV01></Document>