<?xml version="1.0" encoding="UTF-8"?><Document xmlns:xsi="http://www.w3.org/2001/XMLSchema-instance" xmlns="urn:iso:std:iso:20022:tech:xsd:camt.054.001.01"><BkToCstmrDbtCdtNtfctnV01><GrpHdr><MsgId>80309K//12447</MsgId><CreDtTm>2018-09-05T11:00:00</CreDtTm></GrpHdr><Ntfctn><Id>80309K//12447//1</Id><CreDtTm>2018-09-05T11:00:00</CreDtTm><Acct><Id><PrtryAcct><Id>20594233939774</Id></PrtryAcct></Id><Ccy>GBP</Ccy></Acct><TxsSummry><TtlNtries><NbOfNtries>8</NbOfNtries><Sum>2046.68</Sum></TtlNtries><TtlCdtNtries><NbOfNtries>8</NbOfNtries><Sum>2046.68</Sum></TtlCdtNtries><TtlDbtNtries><NbOfNtries>0</NbOfNtries><Sum>0.00</Sum></TtlDbtNtries></TxsSummry><Ntry><Amt Ccy="GBP">56.00</Amt><CdtDbtInd>CRDT</CdtDbtInd><Sts>BOOK</Sts><BookgDt><Dt>2018-09-05</Dt></BookgDt><BkTxCd><Prtry><Cd>SIP UKBA CR 40269</Cd></Prtry></BkTxCd><TxDtls><Refs><EndToEndId>S MILNER</EndToEndId><TxId>49103219526329000J</TxId><Prtry><Tp>STO REF</Tp><Ref>0000</Ref></Prtry></Refs><RltdPties><Dbtr><Nm>MILNER SL</Nm></Dbtr><DbtrAcct><Id><PrtryAcct><Id>98114000733263</Id></PrtryAcct></Id></DbtrAcct><Cdtr><Nm>BAEMMS</Nm></Cdtr><CdtrAcct><Id><PrtryAcct><Id>23008200223303</Id></PrtryAcct></Id></CdtrAcct><Prtry><Tp>S MILNER</Tp><Pty/></Prtry></RltdPties><RmtInf><Strd><AddtlRmtInf>MILNER SL         S MILNER          VIA MOBILE - LVP</AddtlRmtInf></Strd><Strd><AddtlRmtInf>MILNER SL//S MILNER</AddtlRmtInf></Strd></RmtInf><RltdDts><TxDtTm>2018-09-05T10:32:19</TxDtTm></RltdDts><AddtlTxInf>49103219526329000J1020180905826981140</AddtlTxInf></TxDtls><AddtlNtryInf>COMPLETE//0000//001//CREDIT</AddtlNtryInf></Ntry><Ntry><Amt Ccy="GBP">10.00</Amt><CdtDbtInd>CRDT</CdtDbtInd><Sts>BOOK</Sts><BookgDt><Dt>2018-09-05</Dt></BookgDt><BkTxCd><Prtry><Cd>SIP UKBA CR 40269</Cd></Prtry></BkTxCd><TxDtls><Refs><EndToEndId>00153425632BVWVKDZ</EndToEndId><TxId>00153425632BVWVKDZ</TxId></Refs><RltdPties><Dbtr><Nm>JOHN CROMPTON</Nm></Dbtr><DbtrAcct><Id><PrtryAcct><Id>09012893990988</Id></PrtryAcct></Id></DbtrAcct><Cdtr><Nm>j crom arro</Nm></Cdtr><CdtrAcct><Id><PrtryAcct><Id>23008200431266</Id></PrtryAcct></Id></CdtrAcct><Prtry><Tp>arroaccount</Tp><Pty/></Prtry></RltdPties><RmtInf><Strd><AddtlRmtInf>NO REF</AddtlRmtInf></Strd><Strd><AddtlRmtInf>JOHN CROMPTON//arroaccount</AddtlRmtInf></Strd></RmtInf><RltdDts><TxDtTm>2018-09-05T10:33:16</TxDtTm></RltdDts><AddtlTxInf>00153425632BVWVKDZ1020180905826090128</AddtlTxInf></TxDtls><AddtlNtryInf>COMPLETE//0000//001//CREDIT</AddtlNtryInf></Ntry><Ntry><Amt Ccy="GBP">125.00</Amt><CdtDbtInd>CRDT</CdtDbtInd><Sts>BOOK</Sts><BookgDt><Dt>2018-09-05</Dt></BookgDt><BkTxCd><Prtry><Cd>SIP UKBA CR 40269</Cd></Prtry></BkTxCd><TxDtls><Refs><EndToEndId>NOREF</EndToEndId><TxId>RP4679960651280600</TxId></Refs><RltdPties><Dbtr><Nm>NATI FOOD DE LTD</Nm></Dbtr><DbtrAcct><Id><PrtryAcct><Id>20199713149595</Id></PrtryAcct></Id></DbtrAcct><Cdtr><Nm>FINN ASSOCIATES</Nm></Cdtr><CdtrAcct><Id><PrtryAcct><Id>23008200221260</Id></PrtryAcct></Id></CdtrAcct><Prtry><Tp>SMFN</Tp><Pty/></Prtry></RltdPties><RmtInf><Strd><AddtlRmtInf>NO REF</AddtlRmtInf></Strd><Strd><AddtlRmtInf>NATI FOOD DE LTD//SMFN</AddtlRmtInf></Strd></RmtInf><RltdDts><TxDtTm>2018-09-05T10:35:07</TxDtTm></RltdDts><AddtlTxInf>RP46799606512806001020180905826200026</AddtlTxInf></TxDtls><AddtlNtryInf>COMPLETE//0000//001//CREDIT</AddtlNtryInf></Ntry><Ntry><Amt Ccy="GBP">30.00</Amt><CdtDbtInd>CRDT</CdtDbtInd><Sts>BOOK</Sts><BookgDt><Dt>2018-09-05</Dt></BookgDt><BkTxCd><Prtry><Cd>SIP UKBA CR 40269</Cd></Prtry></BkTxCd><TxDtls><Refs><EndToEndId>NOREF</EndToEndId><TxId>400000000390954068</TxId></Refs><RltdPties><Dbtr><Nm>C Emmanuel-Stephen</Nm></Dbtr><DbtrAcct><Id><PrtryAcct><Id>11026413245661</Id></PrtryAcct></Id></DbtrAcct><Cdtr><Nm>EXPORT SOLUTIONS</Nm></Cdtr><CdtrAcct><Id><PrtryAcct><Id>23008200044254</Id></PrtryAcct></Id></CdtrAcct><Prtry><Tp>CHRISTY</Tp><Pty/></Prtry></RltdPties><RmtInf><Strd><AddtlRmtInf>NO REF</AddtlRmtInf></Strd><Strd><AddtlRmtInf>C Emmanuel-Stephen//CHRISTY</AddtlRmtInf></Strd></RmtInf><RltdDts><TxDtTm>2018-09-05T10:41:04</TxDtTm></RltdDts><AddtlTxInf>4000000003909540681020180905826110264</AddtlTxInf></TxDtls><AddtlNtryInf>COMPLETE//0000//001//CREDIT</AddtlNtryInf></Ntry><Ntry><Amt Ccy="GBP">20.00</Amt><CdtDbtInd>CRDT</CdtDbtInd><Sts>BOOK</Sts><BookgDt><Dt>2018-09-05</Dt></BookgDt><BkTxCd><Prtry><Cd>DCA UKBA CR 40269</Cd></Prtry></BkTxCd><TxDtls><Refs><EndToEndId>NOREF</EndToEndId><TxId>000000013479355101</TxId><Prtry><Tp>STO REF</Tp><Ref>9425</Ref></Prtry></Refs><RltdPties><Dbtr><Nm>ANDRIS SIRBU</Nm></Dbtr><DbtrAcct><Id><PrtryAcct><Id>20035373152596</Id></PrtryAcct></Id></DbtrAcct><Cdtr><Nm>ANDRIS SIRBU4</Nm></Cdtr><CdtrAcct><Id><PrtryAcct><Id>23008200179207</Id></PrtryAcct></Id></CdtrAcct><Prtry><Tp>ANDRIS SIRBU</Tp><Pty/></Prtry></RltdPties><RmtInf><Strd><AddtlRmtInf>NO REF</AddtlRmtInf></Strd><Strd><AddtlRmtInf>ANDRIS SIRBU//ANDRIS SIRBU</AddtlRmtInf></Strd></RmtInf><RltdDts><TxDtTm>2018-09-05T10:52:12</TxDtTm></RltdDts><AddtlTxInf>0000000134793551015020180905826200353</AddtlTxInf></TxDtls><AddtlNtryInf>COMPLETE//0000//001//CREDIT</AddtlNtryInf></Ntry><Ntry><Amt Ccy="GBP">900.00</Amt><CdtDbtInd>CRDT</CdtDbtInd><Sts>BOOK</Sts><BookgDt><Dt>2018-09-05</Dt></BookgDt><BkTxCd><Prtry><Cd>SIP UKBA CR 40269</Cd></Prtry></BkTxCd><TxDtls><Refs><EndToEndId>NOREF</EndToEndId><TxId>400000000390957552</TxId></Refs><RltdPties><DbtrAcct><Id><PrtryAcct><Id>11050518637069</Id></PrtryAcct></Id></DbtrAcct><CdtrAcct><Id><PrtryAcct><Id>23008200112990</Id></PrtryAcct></Id></CdtrAcct><Prtry><Tp>FRM 11050518637069</Tp><Pty/></Prtry></RltdPties><RmtInf><Strd><AddtlRmtInf>NO REF</AddtlRmtInf></Strd><Strd><AddtlRmtInf>110505 18637069//FRM 11050518637069</AddtlRmtInf></Strd></RmtInf><RltdDts><TxDtTm>2018-09-05T10:53:03</TxDtTm></RltdDts><AddtlTxInf>4000000003909575521020180905826110505</AddtlTxInf></TxDtls><AddtlNtryInf>COMPLETE//0000//001//CREDIT</AddtlNtryInf></Ntry><Ntry><Amt Ccy="GBP">875.68</Amt><CdtDbtInd>CRDT</CdtDbtInd><Sts>BOOK</Sts><BookgDt><Dt>2018-09-05</Dt></BookgDt><BkTxCd><Prtry><Cd>SIP UKBA CR 40269</Cd></Prtry></BkTxCd><TxDtls><Refs><EndToEndId>THREE BRIDGES CC</EndToEndId><TxId>48105817987745000N</TxId><Prtry><Tp>STO REF</Tp><Ref>0000</Ref></Prtry></Refs><RltdPties><Dbtr><Nm>THREE BRDGS C.C.1A</Nm></Dbtr><DbtrAcct><Id><PrtryAcct><Id>60062056951825</Id></PrtryAcct></Id></DbtrAcct><Cdtr><Nm>MORRANT GP LTD</Nm></Cdtr><CdtrAcct><Id><PrtryAcct><Id>23008200427427</Id></PrtryAcct></Id></CdtrAcct><Prtry><Tp>THREE BRIDGES CC</Tp><Pty/></Prtry></RltdPties><RmtInf><Strd><AddtlRmtInf>THREE BRDGS C.C.1ATHREE BRIDGES CC  VIA ONLINE - PYMT</AddtlRmtInf></Strd><Strd><AddtlRmtInf>THREE BRDGS C.C.1A//THREE BRIDGES CC</AddtlRmtInf></Strd></RmtInf><RltdDts><TxDtTm>2018-09-05T10:58:18</TxDtTm></RltdDts><AddtlTxInf>48105817987745000N1020180905826600620</AddtlTxInf></TxDtls><AddtlNtryInf>COMPLETE//0000//001//CREDIT</AddtlNtryInf></Ntry><Ntry><Amt Ccy="GBP">30.00</Amt><CdtDbtInd>CRDT</CdtDbtInd><Sts>BOOK</Sts><BookgDt><Dt>2018-09-05</Dt></BookgDt><BkTxCd><Prtry><Cd>SIP UKBA CR 40269</Cd></Prtry></BkTxCd><TxDtls><Refs><EndToEndId>NOREF</EndToEndId><TxId>RP4659983887024600</TxId></Refs><RltdPties><Dbtr><Nm>CALVERT J</Nm></Dbtr><DbtrAcct><Id><PrtryAcct><Id>20896823515850</Id></PrtryAcct></Id></DbtrAcct><Cdtr><Nm>CAM</Nm></Cdtr><CdtrAcct><Id><PrtryAcct><Id>23008200137682</Id></PrtryAcct></Id></CdtrAcct><Prtry><Tp>DAD</Tp><Pty/></Prtry></RltdPties><RmtInf><Strd><AddtlRmtInf>NO REF</AddtlRmtInf></Strd><Strd><AddtlRmtInf>CALVERT J//DAD</AddtlRmtInf></Strd></RmtInf><RltdDts><TxDtTm>2018-09-05T10:58:49</TxDtTm></RltdDts><AddtlTxInf>RP46599838870246001020180905826200026</AddtlTxInf></TxDtls><AddtlNtryInf>COMPLETE//0000//001//CREDIT</AddtlNtryInf></Ntry></Ntfctn></BkToCstmrDbtCdtNtfctnV01></Document>