<?xml version="1.0" encoding="UTF-8"?><Document xmlns:xsi="http://www.w3.org/2001/XMLSchema-instance" xmlns="urn:iso:std:iso:20022:tech:xsd:camt.054.001.01"><BkToCstmrDbtCdtNtfctnV01><GrpHdr><MsgId>80309K//13158</MsgId><CreDtTm>2018-09-21T20:00:00</CreDtTm></GrpHdr><Ntfctn><Id>80309K//13158//1</Id><CreDtTm>2018-09-21T20:00:00</CreDtTm><Acct><Id><PrtryAcct><Id>20594233939774</Id></PrtryAcct></Id><Ccy>GBP</Ccy></Acct><TxsSummry><TtlNtries><NbOfNtries>12</NbOfNtries><Sum>3926.24</Sum></TtlNtries><TtlCdtNtries><NbOfNtries>12</NbOfNtries><Sum>3926.24</Sum></TtlCdtNtries><TtlDbtNtries><NbOfNtries>0</NbOfNtries><Sum>0.00</Sum></TtlDbtNtries></TxsSummry><Ntry><Amt Ccy="GBP">35.00</Amt><CdtDbtInd>CRDT</CdtDbtInd><Sts>BOOK</Sts><BookgDt><Dt>2018-09-24</Dt></BookgDt><BkTxCd><Prtry><Cd>SIP UKBA CR 40269</Cd></Prtry></BkTxCd><TxDtls><Refs><EndToEndId>NOREF</EndToEndId><TxId>202361835391129001</TxId><Prtry><Tp>STO REF</Tp><Ref>0000</Ref></Prtry></Refs><RltdPties><Dbtr><Nm>SWANN G C</Nm></Dbtr><DbtrAcct><Id><PrtryAcct><Id>40430161572830</Id></PrtryAcct></Id></DbtrAcct><Cdtr><Nm>Mitchell Coulter</Nm></Cdtr><CdtrAcct><Id><PrtryAcct><Id>23008200453700</Id></PrtryAcct></Id></CdtrAcct><Prtry><Tp>Petrol monies xox</Tp><Pty/></Prtry></RltdPties><RmtInf><Strd><AddtlRmtInf>NO REF</AddtlRmtInf></Strd><Strd><AddtlRmtInf>SWANN G C//Petrol monies xox</AddtlRmtInf></Strd></RmtInf><RltdDts><TxDtTm>2018-09-21T19:35:38</TxDtTm></RltdDts><AddtlTxInf>2023618353911290011020180921826404301</AddtlTxInf></TxDtls><AddtlNtryInf>COMPLETE//0000//003//CREDIT</AddtlNtryInf></Ntry><Ntry><Amt Ccy="GBP">250.00</Amt><CdtDbtInd>CRDT</CdtDbtInd><Sts>BOOK</Sts><BookgDt><Dt>2018-09-24</Dt></BookgDt><BkTxCd><Prtry><Cd>SIP UKBA CR 40269</Cd></Prtry></BkTxCd><TxDtls><Refs><EndToEndId>NOREF</EndToEndId><TxId>100000000389158262</TxId></Refs><RltdPties><Dbtr><Nm>M Jakubowska</Nm></Dbtr><DbtrAcct><Id><PrtryAcct><Id>77912289850868</Id></PrtryAcct></Id></DbtrAcct><Cdtr><Nm>LEVER</Nm></Cdtr><CdtrAcct><Id><PrtryAcct><Id>23008200424253</Id></PrtryAcct></Id></CdtrAcct><Prtry><Tp>SHOES</Tp><Pty/></Prtry></RltdPties><RmtInf><Strd><AddtlRmtInf>NO REF</AddtlRmtInf></Strd><Strd><AddtlRmtInf>M Jakubowska//SHOES</AddtlRmtInf></Strd></RmtInf><RltdDts><TxDtTm>2018-09-21T19:36:46</TxDtTm></RltdDts><AddtlTxInf>1000000003891582621020180921826779122</AddtlTxInf></TxDtls><AddtlNtryInf>COMPLETE//0000//003//CREDIT</AddtlNtryInf></Ntry><Ntry><Amt Ccy="GBP">40.00</Amt><CdtDbtInd>CRDT</CdtDbtInd><Sts>BOOK</Sts><BookgDt><Dt>2018-09-24</Dt></BookgDt><BkTxCd><Prtry><Cd>SIP UKBA CR 40269</Cd></Prtry></BkTxCd><TxDtls><Refs><EndToEndId>NOREF</EndToEndId><TxId>500000000390815931</TxId></Refs><RltdPties><Dbtr><Nm>R Thomerson</Nm></Dbtr><DbtrAcct><Id><PrtryAcct><Id>11087410265367</Id></PrtryAcct></Id></DbtrAcct><Cdtr><Nm>SAFFRON MORRIS</Nm></Cdtr><CdtrAcct><Id><PrtryAcct><Id>23008200162670</Id></PrtryAcct></Id></CdtrAcct><Prtry><Tp>HALF CSA</Tp><Pty/></Prtry></RltdPties><RmtInf><Strd><AddtlRmtInf>NO REF</AddtlRmtInf></Strd><Strd><AddtlRmtInf>R Thomerson//HALF CSA</AddtlRmtInf></Strd></RmtInf><RltdDts><TxDtTm>2018-09-21T19:38:16</TxDtTm></RltdDts><AddtlTxInf>5000000003908159311020180921826110874</AddtlTxInf></TxDtls><AddtlNtryInf>COMPLETE//0000//003//CREDIT</AddtlNtryInf></Ntry><Ntry><Amt Ccy="GBP">260.00</Amt><CdtDbtInd>CRDT</CdtDbtInd><Sts>BOOK</Sts><BookgDt><Dt>2018-09-24</Dt></BookgDt><BkTxCd><Prtry><Cd>SIP UKBA CR 40269</Cd></Prtry></BkTxCd><TxDtls><Refs><EndToEndId>NOREF</EndToEndId><TxId>RP4679961944802900</TxId></Refs><RltdPties><Dbtr><Nm>WALLER DI</Nm></Dbtr><DbtrAcct><Id><PrtryAcct><Id>20797383137996</Id></PrtryAcct></Id></DbtrAcct><Cdtr><Nm>MISS JAYCEE WEST</Nm></Cdtr><CdtrAcct><Id><PrtryAcct><Id>23008200427464</Id></PrtryAcct></Id></CdtrAcct><Prtry><Tp>APRILS MONEY</Tp><Pty/></Prtry></RltdPties><RmtInf><Strd><AddtlRmtInf>NO REF</AddtlRmtInf></Strd><Strd><AddtlRmtInf>WALLER DI//APRILS MONEY</AddtlRmtInf></Strd></RmtInf><RltdDts><TxDtTm>2018-09-21T19:39:30</TxDtTm></RltdDts><AddtlTxInf>RP46799619448029001020180921826200026</AddtlTxInf></TxDtls><AddtlNtryInf>COMPLETE//0000//003//CREDIT</AddtlNtryInf></Ntry><Ntry><Amt Ccy="GBP">30.00</Amt><CdtDbtInd>CRDT</CdtDbtInd><Sts>BOOK</Sts><BookgDt><Dt>2018-09-24</Dt></BookgDt><BkTxCd><Prtry><Cd>SIP UKBA CR 40269</Cd></Prtry></BkTxCd><TxDtls><Refs><EndToEndId>MONEU</EndToEndId><TxId>11194259770708000N</TxId><Prtry><Tp>STO REF</Tp><Ref>0000</Ref></Prtry></Refs><RltdPties><Dbtr><Nm>MUSA KI</Nm></Dbtr><DbtrAcct><Id><PrtryAcct><Id>60132045673888</Id></PrtryAcct></Id></DbtrAcct><Cdtr><Nm>YASEN SHARIF</Nm></Cdtr><CdtrAcct><Id><PrtryAcct><Id>23008200350539</Id></PrtryAcct></Id></CdtrAcct><Prtry><Tp>MONEU</Tp><Pty/></Prtry></RltdPties><RmtInf><Strd><AddtlRmtInf>MUSA KI           MONEU             VIA MOBILE - LVP</AddtlRmtInf></Strd><Strd><AddtlRmtInf>MUSA KI//MONEU</AddtlRmtInf></Strd></RmtInf><RltdDts><TxDtTm>2018-09-21T19:43:00</TxDtTm></RltdDts><AddtlTxInf>11194259770708000N1020180921826601320</AddtlTxInf></TxDtls><AddtlNtryInf>COMPLETE//0000//003//CREDIT</AddtlNtryInf></Ntry><Ntry><Amt Ccy="GBP">400.00</Amt><CdtDbtInd>CRDT</CdtDbtInd><Sts>BOOK</Sts><BookgDt><Dt>2018-09-24</Dt></BookgDt><BkTxCd><Prtry><Cd>SIP UKBA CR 40269</Cd></Prtry></BkTxCd><TxDtls><Refs><EndToEndId>00151038632BBHQFBW</EndToEndId><TxId>00151038632BBHQFBW</TxId></Refs><RltdPties><Dbtr><Nm>REGAL HOMES (WESSEX) LIMITED</Nm></Dbtr><DbtrAcct><Id><PrtryAcct><Id>09012907444809</Id></PrtryAcct></Id></DbtrAcct><Cdtr><Nm>Phil parker</Nm></Cdtr><CdtrAcct><Id><PrtryAcct><Id>23008200036596</Id></PrtryAcct></Id></CdtrAcct><Prtry><Tp>Bolenna</Tp><Pty/></Prtry></RltdPties><RmtInf><Strd><AddtlRmtInf>NO REF</AddtlRmtInf></Strd><Strd><AddtlRmtInf>REGAL HOMES (WESSE//Bolenna</AddtlRmtInf></Strd></RmtInf><RltdDts><TxDtTm>2018-09-21T19:50:59</TxDtTm></RltdDts><AddtlTxInf>00151038632BBHQFBW1020180921826090129</AddtlTxInf></TxDtls><AddtlNtryInf>COMPLETE//0000//003//CREDIT</AddtlNtryInf></Ntry><Ntry><Amt Ccy="GBP">80.00</Amt><CdtDbtInd>CRDT</CdtDbtInd><Sts>BOOK</Sts><BookgDt><Dt>2018-09-24</Dt></BookgDt><BkTxCd><Prtry><Cd>SIP UKBA CR 40269</Cd></Prtry></BkTxCd><TxDtls><Refs><EndToEndId>00152720632BBCQLNN</EndToEndId><TxId>00152720632BBCQLNN</TxId></Refs><RltdPties><Dbtr><Nm>CARWYN MOWLE</Nm></Dbtr><DbtrAcct><Id><PrtryAcct><Id>09012914545571</Id></PrtryAcct></Id></DbtrAcct><Cdtr><Nm>katie devies</Nm></Cdtr><CdtrAcct><Id><PrtryAcct><Id>23008200458919</Id></PrtryAcct></Id></CdtrAcct><Prtry><Tp>mint festival</Tp><Pty/></Prtry></RltdPties><RmtInf><Strd><AddtlRmtInf>NO REF</AddtlRmtInf></Strd><Strd><AddtlRmtInf>CARWYN MOWLE//mint festival</AddtlRmtInf></Strd></RmtInf><RltdDts><TxDtTm>2018-09-21T19:51:11</TxDtTm></RltdDts><AddtlTxInf>00152720632BBCQLNN1020180921826090129</AddtlTxInf></TxDtls><AddtlNtryInf>COMPLETE//0000//003//CREDIT</AddtlNtryInf></Ntry><Ntry><Amt Ccy="GBP">690.24</Amt><CdtDbtInd>CRDT</CdtDbtInd><Sts>BOOK</Sts><BookgDt><Dt>2018-09-24</Dt></BookgDt><BkTxCd><Prtry><Cd>SIP UKBA CR 40269</Cd></Prtry></BkTxCd><TxDtls><Refs><EndToEndId>NOREF</EndToEndId><TxId>27195150853629000R</TxId><Prtry><Tp>STO REF</Tp><Ref>0000</Ref></Prtry></Refs><RltdPties><Dbtr><Nm>BROOKSON MEDICAL C</Nm></Dbtr><DbtrAcct><Id><PrtryAcct><Id>16333311266844</Id></PrtryAcct></Id></DbtrAcct><Cdtr><Nm>HEATHER LORRAINE H</Nm></Cdtr><CdtrAcct><Id><PrtryAcct><Id>23008200217865</Id></PrtryAcct></Id></CdtrAcct><Prtry><Tp>BROOKSON MEDICAL C</Tp><Pty/></Prtry></RltdPties><RmtInf><Strd><AddtlRmtInf>BROOKSON MEDICAL CAR</AddtlRmtInf></Strd><Strd><AddtlRmtInf>BROOKSON MEDICAL C//BROOKSON MEDICAL C</AddtlRmtInf></Strd></RmtInf><RltdDts><TxDtTm>2018-09-21T19:51:51</TxDtTm></RltdDts><AddtlTxInf>27195150853629000R1020180921826163333</AddtlTxInf></TxDtls><AddtlNtryInf>COMPLETE//0000//003//CREDIT</AddtlNtryInf></Ntry><Ntry><Amt Ccy="GBP">60.00</Amt><CdtDbtInd>CRDT</CdtDbtInd><Sts>BOOK</Sts><BookgDt><Dt>2018-09-24</Dt></BookgDt><BkTxCd><Prtry><Cd>DCA UKBA CR 40269</Cd></Prtry></BkTxCd><TxDtls><Refs><EndToEndId>NOREF</EndToEndId><TxId>000000013638248401</TxId><Prtry><Tp>STO REF</Tp><Ref>2871</Ref></Prtry></Refs><RltdPties><Dbtr><Nm>M MORALES</Nm></Dbtr><DbtrAcct><Id><PrtryAcct><Id>20035373152596</Id></PrtryAcct></Id></DbtrAcct><Cdtr><Nm>JACOBO BALSA PEREI</Nm></Cdtr><CdtrAcct><Id><PrtryAcct><Id>23008200341684</Id></PrtryAcct></Id></CdtrAcct><Prtry><Tp>FROM MARCOS MIRAND</Tp><Pty/></Prtry></RltdPties><RmtInf><Strd><AddtlRmtInf>NO REF</AddtlRmtInf></Strd><Strd><AddtlRmtInf>M MORALES//FROM MARCOS MIRAND</AddtlRmtInf></Strd></RmtInf><RltdDts><TxDtTm>2018-09-21T19:52:47</TxDtTm></RltdDts><AddtlTxInf>0000000136382484015020180921826200353</AddtlTxInf></TxDtls><AddtlNtryInf>COMPLETE//0000//003//CREDIT</AddtlNtryInf></Ntry><Ntry><Amt Ccy="GBP">20.00</Amt><CdtDbtInd>CRDT</CdtDbtInd><Sts>BOOK</Sts><BookgDt><Dt>2018-09-24</Dt></BookgDt><BkTxCd><Prtry><Cd>SIP UKBA CR 40269</Cd></Prtry></BkTxCd><TxDtls><Refs><EndToEndId>NOREF</EndToEndId><TxId>500000000390819510</TxId></Refs><RltdPties><Dbtr><Nm>A Kamboj</Nm></Dbtr><DbtrAcct><Id><PrtryAcct><Id>80471201045440</Id></PrtryAcct></Id></DbtrAcct><Cdtr><Nm>ANN</Nm></Cdtr><CdtrAcct><Id><PrtryAcct><Id>23008200249240</Id></PrtryAcct></Id></CdtrAcct><Prtry><Tp>GY</Tp><Pty/></Prtry></RltdPties><RmtInf><Strd><AddtlRmtInf>NO REF</AddtlRmtInf></Strd><Strd><AddtlRmtInf>A Kamboj//GY</AddtlRmtInf></Strd></RmtInf><RltdDts><TxDtTm>2018-09-21T19:53:08</TxDtTm></RltdDts><AddtlTxInf>5000000003908195101020180921826804712</AddtlTxInf></TxDtls><AddtlNtryInf>COMPLETE//0000//003//CREDIT</AddtlNtryInf></Ntry><Ntry><Amt Ccy="GBP">411.00</Amt><CdtDbtInd>CRDT</CdtDbtInd><Sts>BOOK</Sts><BookgDt><Dt>2018-09-24</Dt></BookgDt><BkTxCd><Prtry><Cd>SIP UKBA CR 40269</Cd></Prtry></BkTxCd><TxDtls><Refs><EndToEndId>NOREF</EndToEndId><TxId>577086426591129001</TxId><Prtry><Tp>STO REF</Tp><Ref>0000</Ref></Prtry></Refs><RltdPties><Dbtr><Nm>WOOD R A</Nm></Dbtr><DbtrAcct><Id><PrtryAcct><Id>40103391023888</Id></PrtryAcct></Id></DbtrAcct><Cdtr><Nm>Flight Scanners</Nm></Cdtr><CdtrAcct><Id><PrtryAcct><Id>23008200457563</Id></PrtryAcct></Id></CdtrAcct><Prtry><Tp>E83ZDM   E8PUBL</Tp><Pty/></Prtry></RltdPties><RmtInf><Strd><AddtlRmtInf>NO REF</AddtlRmtInf></Strd><Strd><AddtlRmtInf>WOOD R A//E83ZDM   E8PUBL</AddtlRmtInf></Strd></RmtInf><RltdDts><TxDtTm>2018-09-21T19:56:25</TxDtTm></RltdDts><AddtlTxInf>5770864265911290011020180921826401033</AddtlTxInf></TxDtls><AddtlNtryInf>COMPLETE//0000//003//CREDIT</AddtlNtryInf></Ntry><Ntry><Amt Ccy="GBP">1650.00</Amt><CdtDbtInd>CRDT</CdtDbtInd><Sts>BOOK</Sts><BookgDt><Dt>2018-09-24</Dt></BookgDt><BkTxCd><Prtry><Cd>SIP UKBA CR 40269</Cd></Prtry></BkTxCd><TxDtls><Refs><EndToEndId>NOREF</EndToEndId><TxId>RP4679961946097300</TxId></Refs><RltdPties><Dbtr><Nm>A DRIV SERV LTD</Nm></Dbtr><DbtrAcct><Id><PrtryAcct><Id>20907413294382</Id></PrtryAcct></Id></DbtrAcct><Cdtr><Nm>MAME DIAME</Nm></Cdtr><CdtrAcct><Id><PrtryAcct><Id>23008200112990</Id></PrtryAcct></Id></CdtrAcct><Prtry><Tp>TA</Tp><Pty/></Prtry></RltdPties><RmtInf><Strd><AddtlRmtInf>NO REF</AddtlRmtInf></Strd><Strd><AddtlRmtInf>A DRIV SERV LTD//TA</AddtlRmtInf></Strd></RmtInf><RltdDts><TxDtTm>2018-09-21T19:57:15</TxDtTm></RltdDts><AddtlTxInf>RP46799619460973001020180921826200026</AddtlTxInf></TxDtls><AddtlNtryInf>COMPLETE//0000//003//CREDIT</AddtlNtryInf></Ntry></Ntfctn></BkToCstmrDbtCdtNtfctnV01></Document>