<?xml version="1.0" encoding="UTF-8"?><Document xmlns:xsi="http://www.w3.org/2001/XMLSchema-instance" xmlns="urn:iso:std:iso:20022:tech:xsd:camt.054.001.01"><BkToCstmrDbtCdtNtfctnV01><GrpHdr><MsgId>80309K//12927</MsgId><CreDtTm>2018-09-16T15:00:00</CreDtTm></GrpHdr><Ntfctn><Id>80309K//12927//1</Id><CreDtTm>2018-09-16T15:00:00</CreDtTm><Acct><Id><PrtryAcct><Id>20594233939774</Id></PrtryAcct></Id><Ccy>GBP</Ccy></Acct><TxsSummry><TtlNtries><NbOfNtries>8</NbOfNtries><Sum>4025.00</Sum></TtlNtries><TtlCdtNtries><NbOfNtries>8</NbOfNtries><Sum>4025.00</Sum></TtlCdtNtries><TtlDbtNtries><NbOfNtries>0</NbOfNtries><Sum>0.00</Sum></TtlDbtNtries></TxsSummry><Ntry><Amt Ccy="GBP">410.00</Amt><CdtDbtInd>CRDT</CdtDbtInd><Sts>BOOK</Sts><BookgDt><Dt>2018-09-17</Dt></BookgDt><BkTxCd><Prtry><Cd>SIP UKBA CR 40269</Cd></Prtry></BkTxCd><TxDtls><Refs><EndToEndId>PPWD00000000ANQ36Y</EndToEndId><TxId>PPWD00000000ANQ36Y</TxId></Refs><RltdPties><Dbtr><Nm>PayPal</Nm><PstlAdr><AdrLine>2211 N 1st Street San Jose CA 95131</AdrLine><Ctry/></PstlAdr></Dbtr><DbtrAcct><Id><PrtryAcct><Id>23526278959595</Id></PrtryAcct></Id></DbtrAcct><Cdtr><Nm>Richard Christopher McVitty</Nm><PstlAdr><AdrLine>20 Colburn Avenue</AdrLine><Ctry/></PstlAdr></Cdtr><CdtrAcct><Id><PrtryAcct><Id>23008200223901</Id></PrtryAcct></Id></CdtrAcct><Prtry><Tp>PPWDL4W7J2AL2N3JDS</Tp><Pty/></Prtry></RltdPties><RmtInf><Strd><RfrdDocInf><RfrdDocTp><Prtry>002</Prtry></RfrdDocTp></RfrdDocInf><AddtlRmtInf>NO REF</AddtlRmtInf></Strd><Strd><AddtlRmtInf>PayPal//PPWDL4W7J2AL2N3JDS</AddtlRmtInf></Strd></RmtInf><RltdDts><TxDtTm>2018-09-16T14:33:47</TxDtTm></RltdDts><AddtlTxInf>PPWD00000000ANQ36Y1020180916826235262</AddtlTxInf></TxDtls><AddtlNtryInf>COMPLETE//0000//003//CREDIT</AddtlNtryInf></Ntry><Ntry><Amt Ccy="GBP">5.00</Amt><CdtDbtInd>CRDT</CdtDbtInd><Sts>BOOK</Sts><BookgDt><Dt>2018-09-17</Dt></BookgDt><BkTxCd><Prtry><Cd>SIP UKBA CR 40269</Cd></Prtry></BkTxCd><TxDtls><Refs><EndToEndId>NOREF</EndToEndId><TxId>PQ9LGD1PD68G4LF9WM</TxId></Refs><RltdPties><Dbtr><Nm>Andrew Boyle</Nm><PstlAdr><AdrLine>Flat 2, BT34 3BG</AdrLine><Ctry/></PstlAdr></Dbtr><DbtrAcct><Id><PrtryAcct><Id>04000499604867</Id></PrtryAcct></Id></DbtrAcct><Cdtr><Nm>Adrian Goodyear</Nm></Cdtr><CdtrAcct><Id><PrtryAcct><Id>23008200448954</Id></PrtryAcct></Id></CdtrAcct><Prtry><Tp>28503685</Tp><Pty/></Prtry></RltdPties><RmtInf><Strd><AddtlRmtInf>NO REF</AddtlRmtInf></Strd><Strd><AddtlRmtInf>Andrew Boyle//28503685</AddtlRmtInf></Strd></RmtInf><RltdDts><TxDtTm>2018-09-16T14:42:43</TxDtTm></RltdDts><AddtlTxInf>PQ9LGD1PD68G4LF9WM1020180916826040004</AddtlTxInf></TxDtls><AddtlNtryInf>COMPLETE//0000//003//CREDIT</AddtlNtryInf></Ntry><Ntry><Amt Ccy="GBP">50.00</Amt><CdtDbtInd>CRDT</CdtDbtInd><Sts>BOOK</Sts><BookgDt><Dt>2018-09-17</Dt></BookgDt><BkTxCd><Prtry><Cd>SIP UKBA CR 40269</Cd></Prtry></BkTxCd><TxDtls><Refs><EndToEndId>NOREF</EndToEndId><TxId>FP18259O00707588</TxId></Refs><RltdPties><Dbtr><Nm>Mugambe Duwen</Nm></Dbtr><DbtrAcct><Id><PrtryAcct><Id>07043618612193</Id></PrtryAcct></Id></DbtrAcct><Cdtr><Nm>MOE</Nm></Cdtr><CdtrAcct><Id><PrtryAcct><Id>23008200427128</Id></PrtryAcct></Id></CdtrAcct><Prtry><Tp>DUWEN</Tp><Pty/></Prtry></RltdPties><RmtInf><Strd><AddtlRmtInf>NO REF</AddtlRmtInf></Strd><Strd><AddtlRmtInf>Mugambe Duwen//DUWEN</AddtlRmtInf></Strd></RmtInf><RltdDts><TxDtTm>2018-09-16T14:47:43</TxDtTm></RltdDts><AddtlTxInf>FP18259O00707588  1020180916826070436</AddtlTxInf></TxDtls><AddtlNtryInf>COMPLETE//0000//003//CREDIT</AddtlNtryInf></Ntry><Ntry><Amt Ccy="GBP">1750.00</Amt><CdtDbtInd>CRDT</CdtDbtInd><Sts>BOOK</Sts><BookgDt><Dt>2018-09-17</Dt></BookgDt><BkTxCd><Prtry><Cd>SIP UKBA CR 40269</Cd></Prtry></BkTxCd><TxDtls><Refs><EndToEndId>GO CLICK FEE</EndToEndId><TxId>34145052343055000R</TxId><Prtry><Tp>STO REF</Tp><Ref>0000</Ref></Prtry></Refs><RltdPties><Dbtr><Nm>MARQ MILLIONS LTD</Nm></Dbtr><DbtrAcct><Id><PrtryAcct><Id>16001810123776</Id></PrtryAcct></Id></DbtrAcct><Cdtr><Nm>GO CLICK - ARRO</Nm></Cdtr><CdtrAcct><Id><PrtryAcct><Id>23008200033404</Id></PrtryAcct></Id></CdtrAcct><Prtry><Tp>GO CLICK FEE</Tp><Pty/></Prtry></RltdPties><RmtInf><Strd><AddtlRmtInf>MARQ MILLIONS LTD GO CLICK FEE      VIA MOBILE - PYMT</AddtlRmtInf></Strd><Strd><AddtlRmtInf>MARQ MILLIONS LTD//GO CLICK FEE</AddtlRmtInf></Strd></RmtInf><RltdDts><TxDtTm>2018-09-16T14:50:52</TxDtTm></RltdDts><AddtlTxInf>34145052343055000R1020180916826160018</AddtlTxInf></TxDtls><AddtlNtryInf>COMPLETE//0000//003//CREDIT</AddtlNtryInf></Ntry><Ntry><Amt Ccy="GBP">1750.00</Amt><CdtDbtInd>CRDT</CdtDbtInd><Sts>BOOK</Sts><BookgDt><Dt>2018-09-17</Dt></BookgDt><BkTxCd><Prtry><Cd>SIP UKBA CR 40269</Cd></Prtry></BkTxCd><TxDtls><Refs><EndToEndId>FEE</EndToEndId><TxId>64145115672799000R</TxId><Prtry><Tp>STO REF</Tp><Ref>0000</Ref></Prtry></Refs><RltdPties><Dbtr><Nm>MARQ MILLIONS LTD</Nm></Dbtr><DbtrAcct><Id><PrtryAcct><Id>16001810123776</Id></PrtryAcct></Id></DbtrAcct><Cdtr><Nm>FAR CONSULTANCY</Nm></Cdtr><CdtrAcct><Id><PrtryAcct><Id>23008200031160</Id></PrtryAcct></Id></CdtrAcct><Prtry><Tp>FEE</Tp><Pty/></Prtry></RltdPties><RmtInf><Strd><AddtlRmtInf>MARQ MILLIONS LTD FEE               VIA MOBILE - PYMT</AddtlRmtInf></Strd><Strd><AddtlRmtInf>MARQ MILLIONS LTD//FEE</AddtlRmtInf></Strd></RmtInf><RltdDts><TxDtTm>2018-09-16T14:51:16</TxDtTm></RltdDts><AddtlTxInf>64145115672799000R1020180916826160018</AddtlTxInf></TxDtls><AddtlNtryInf>COMPLETE//0000//003//CREDIT</AddtlNtryInf></Ntry><Ntry><Amt Ccy="GBP">15.00</Amt><CdtDbtInd>CRDT</CdtDbtInd><Sts>BOOK</Sts><BookgDt><Dt>2018-09-17</Dt></BookgDt><BkTxCd><Prtry><Cd>DCA UKBA CR 40269</Cd></Prtry></BkTxCd><TxDtls><Refs><EndToEndId>NOREF</EndToEndId><TxId>000000013578515701</TxId><Prtry><Tp>STO REF</Tp><Ref>6171</Ref></Prtry></Refs><RltdPties><Dbtr><Nm>M JACHNA</Nm></Dbtr><DbtrAcct><Id><PrtryAcct><Id>20035373152596</Id></PrtryAcct></Id></DbtrAcct><Cdtr><Nm>MATEUSZ JACHNA</Nm></Cdtr><CdtrAcct><Id><PrtryAcct><Id>23008200407269</Id></PrtryAcct></Id></CdtrAcct><Prtry><Tp>MATEUSZ JACHNA</Tp><Pty/></Prtry></RltdPties><RmtInf><Strd><AddtlRmtInf>NO REF</AddtlRmtInf></Strd><Strd><AddtlRmtInf>M JACHNA//MATEUSZ JACHNA</AddtlRmtInf></Strd></RmtInf><RltdDts><TxDtTm>2018-09-16T14:52:26</TxDtTm></RltdDts><AddtlTxInf>0000000135785157015020180916826200353</AddtlTxInf></TxDtls><AddtlNtryInf>COMPLETE//0000//003//CREDIT</AddtlNtryInf></Ntry><Ntry><Amt Ccy="GBP">15.00</Amt><CdtDbtInd>CRDT</CdtDbtInd><Sts>BOOK</Sts><BookgDt><Dt>2018-09-17</Dt></BookgDt><BkTxCd><Prtry><Cd>SIP UKBA CR 40269</Cd></Prtry></BkTxCd><TxDtls><Refs><EndToEndId>00151358632BBDPNQH</EndToEndId><TxId>00151358632BBDPNQH</TxId></Refs><RltdPties><Dbtr><Nm>WILLIAM RICHARDSON</Nm></Dbtr><DbtrAcct><Id><PrtryAcct><Id>09012878581011</Id></PrtryAcct></Id></DbtrAcct><Cdtr><Nm>Tadhg</Nm></Cdtr><CdtrAcct><Id><PrtryAcct><Id>23008200293606</Id></PrtryAcct></Id></CdtrAcct><Prtry><Tp>loan</Tp><Pty/></Prtry></RltdPties><RmtInf><Strd><AddtlRmtInf>NO REF</AddtlRmtInf></Strd><Strd><AddtlRmtInf>WILLIAM RICHARDSON//loan</AddtlRmtInf></Strd></RmtInf><RltdDts><TxDtTm>2018-09-16T14:55:25</TxDtTm></RltdDts><AddtlTxInf>00151358632BBDPNQH1020180916826090128</AddtlTxInf></TxDtls><AddtlNtryInf>COMPLETE//0000//003//CREDIT</AddtlNtryInf></Ntry><Ntry><Amt Ccy="GBP">30.00</Amt><CdtDbtInd>CRDT</CdtDbtInd><Sts>BOOK</Sts><BookgDt><Dt>2018-09-17</Dt></BookgDt><BkTxCd><Prtry><Cd>SIP UKBA CR 40269</Cd></Prtry></BkTxCd><TxDtls><Refs><EndToEndId>GRAN O</EndToEndId><TxId>38145754654743000R</TxId><Prtry><Tp>STO REF</Tp><Ref>0000</Ref></Prtry></Refs><RltdPties><Dbtr><Nm>OLIVER J &amp;MRS H</Nm></Dbtr><DbtrAcct><Id><PrtryAcct><Id>83161100146740</Id></PrtryAcct></Id></DbtrAcct><Cdtr><Nm>DARYL</Nm></Cdtr><CdtrAcct><Id><PrtryAcct><Id>23008200236693</Id></PrtryAcct></Id></CdtrAcct><Prtry><Tp>GRAN O</Tp><Pty/></Prtry></RltdPties><RmtInf><Strd><AddtlRmtInf>OLIVER J &amp;MRS H   GRAN O            VIA ONLINE - PYMT</AddtlRmtInf></Strd><Strd><AddtlRmtInf>OLIVER J &amp;MRS H//GRAN O</AddtlRmtInf></Strd></RmtInf><RltdDts><TxDtTm>2018-09-16T14:57:54</TxDtTm></RltdDts><AddtlTxInf>38145754654743000R1020180916826831611</AddtlTxInf></TxDtls><AddtlNtryInf>COMPLETE//0000//003//CREDIT</AddtlNtryInf></Ntry></Ntfctn></BkToCstmrDbtCdtNtfctnV01></Document>