<?xml version="1.0" encoding="UTF-8"?><Document xmlns:xsi="http://www.w3.org/2001/XMLSchema-instance" xmlns="urn:iso:std:iso:20022:tech:xsd:camt.054.001.01"><BkToCstmrDbtCdtNtfctnV01><GrpHdr><MsgId>80309K//13169</MsgId><CreDtTm>2018-09-22T02:00:00</CreDtTm></GrpHdr><Ntfctn><Id>80309K//13169//1</Id><CreDtTm>2018-09-22T02:00:00</CreDtTm><Acct><Id><PrtryAcct><Id>20594233939774</Id></PrtryAcct></Id><Ccy>GBP</Ccy></Acct><TxsSummry><TtlNtries><NbOfNtries>2</NbOfNtries><Sum>216.74</Sum></TtlNtries><TtlCdtNtries><NbOfNtries>2</NbOfNtries><Sum>216.74</Sum></TtlCdtNtries><TtlDbtNtries><NbOfNtries>0</NbOfNtries><Sum>0.00</Sum></TtlDbtNtries></TxsSummry><Ntry><Amt Ccy="GBP">40.00</Amt><CdtDbtInd>CRDT</CdtDbtInd><Sts>BOOK</Sts><BookgDt><Dt>2018-09-24</Dt></BookgDt><BkTxCd><Prtry><Cd>SIP UKBA CR 40269</Cd></Prtry></BkTxCd><TxDtls><Refs><EndToEndId>NOREF</EndToEndId><TxId>RP4679961960305100</TxId></Refs><RltdPties><Dbtr><Nm>LUCAS L</Nm></Dbtr><DbtrAcct><Id><PrtryAcct><Id>20709420597066</Id></PrtryAcct></Id></DbtrAcct><Cdtr><Nm>DAVID MARTIN</Nm></Cdtr><CdtrAcct><Id><PrtryAcct><Id>23008200289809</Id></PrtryAcct></Id></CdtrAcct><Prtry><Tp>..</Tp><Pty/></Prtry></RltdPties><RmtInf><Strd><AddtlRmtInf>NO REF</AddtlRmtInf></Strd><Strd><AddtlRmtInf>LUCAS L//..</AddtlRmtInf></Strd></RmtInf><RltdDts><TxDtTm>2018-09-22T01:52:05</TxDtTm></RltdDts><AddtlTxInf>RP46799619603051001020180922826200026</AddtlTxInf></TxDtls><AddtlNtryInf>COMPLETE//0000//003//CREDIT</AddtlNtryInf></Ntry><Ntry><Amt Ccy="GBP">176.74</Amt><CdtDbtInd>CRDT</CdtDbtInd><Sts>BOOK</Sts><BookgDt><Dt>2018-09-24</Dt></BookgDt><BkTxCd><Prtry><Cd>SIP UKBA CR 40269</Cd></Prtry></BkTxCd><TxDtls><Refs><EndToEndId>NOREF</EndToEndId><TxId>RP4679961960299400</TxId></Refs><RltdPties><Dbtr><Nm>LUCAS L</Nm></Dbtr><DbtrAcct><Id><PrtryAcct><Id>20709420597066</Id></PrtryAcct></Id></DbtrAcct><Cdtr><Nm>MRS LUCY LUCAS</Nm></Cdtr><CdtrAcct><Id><PrtryAcct><Id>23008200426931</Id></PrtryAcct></Id></CdtrAcct><Prtry><Tp>..</Tp><Pty/></Prtry></RltdPties><RmtInf><Strd><AddtlRmtInf>NO REF</AddtlRmtInf></Strd><Strd><AddtlRmtInf>LUCAS L//..</AddtlRmtInf></Strd></RmtInf><RltdDts><TxDtTm>2018-09-22T01:53:05</TxDtTm></RltdDts><AddtlTxInf>RP46799619602994001020180922826200026</AddtlTxInf></TxDtls><AddtlNtryInf>COMPLETE//0000//003//CREDIT</AddtlNtryInf></Ntry></Ntfctn></BkToCstmrDbtCdtNtfctnV01></Document>