<?xml version="1.0" encoding="UTF-8"?><Document xmlns:xsi="http://www.w3.org/2001/XMLSchema-instance" xmlns="urn:iso:std:iso:20022:tech:xsd:camt.054.001.01"><BkToCstmrDbtCdtNtfctnV01><GrpHdr><MsgId>80309K//13498</MsgId><CreDtTm>2018-09-29T18:00:00</CreDtTm></GrpHdr><Ntfctn><Id>80309K//13498//1</Id><CreDtTm>2018-09-29T18:00:00</CreDtTm><Acct><Id><PrtryAcct><Id>20594233939774</Id></PrtryAcct></Id><Ccy>GBP</Ccy></Acct><TxsSummry><TtlNtries><NbOfNtries>7</NbOfNtries><Sum>386.67</Sum></TtlNtries><TtlCdtNtries><NbOfNtries>7</NbOfNtries><Sum>386.67</Sum></TtlCdtNtries><TtlDbtNtries><NbOfNtries>0</NbOfNtries><Sum>0.00</Sum></TtlDbtNtries></TxsSummry><Ntry><Amt Ccy="GBP">221.72</Amt><CdtDbtInd>CRDT</CdtDbtInd><Sts>BOOK</Sts><BookgDt><Dt>2018-10-01</Dt></BookgDt><BkTxCd><Prtry><Cd>SIP UKBA CR 40269</Cd></Prtry></BkTxCd><TxDtls><Refs><EndToEndId>PPWD00000000AR47PI</EndToEndId><TxId>PPWD00000000AR47PI</TxId></Refs><RltdPties><Dbtr><Nm>PayPal</Nm><PstlAdr><AdrLine>2211 N 1st Street San Jose CA 95131</AdrLine><Ctry/></PstlAdr></Dbtr><DbtrAcct><Id><PrtryAcct><Id>23526278959595</Id></PrtryAcct></Id></DbtrAcct><Cdtr><Nm>Esthwaite Properties</Nm><PstlAdr><AdrLine>Ferney green Ferney Green</AdrLine><Ctry/></PstlAdr></Cdtr><CdtrAcct><Id><PrtryAcct><Id>23008200044053</Id></PrtryAcct></Id></CdtrAcct><Prtry><Tp>PPWDL44TJ2ALGEGT9N</Tp><Pty/></Prtry></RltdPties><RmtInf><Strd><RfrdDocInf><RfrdDocTp><Prtry>002</Prtry></RfrdDocTp></RfrdDocInf><AddtlRmtInf>NO REF</AddtlRmtInf></Strd><Strd><AddtlRmtInf>PayPal//PPWDL44TJ2ALGEGT9N</AddtlRmtInf></Strd></RmtInf><RltdDts><TxDtTm>2018-09-29T17:31:19</TxDtTm></RltdDts><AddtlTxInf>PPWD00000000AR47PI1020180929826235262</AddtlTxInf></TxDtls><AddtlNtryInf>COMPLETE//0000//003//CREDIT</AddtlNtryInf></Ntry><Ntry><Amt Ccy="GBP">5.00</Amt><CdtDbtInd>CRDT</CdtDbtInd><Sts>BOOK</Sts><BookgDt><Dt>2018-10-01</Dt></BookgDt><BkTxCd><Prtry><Cd>SIP UKBA CR 40269</Cd></Prtry></BkTxCd><TxDtls><Refs><EndToEndId>NOREF</EndToEndId><TxId>500000000393370779</TxId></Refs><RltdPties><Dbtr><Nm>C Makuve</Nm></Dbtr><DbtrAcct><Id><PrtryAcct><Id>11057212400264</Id></PrtryAcct></Id></DbtrAcct><Cdtr><Nm>CHARLED ARRO</Nm></Cdtr><CdtrAcct><Id><PrtryAcct><Id>23008200441469</Id></PrtryAcct></Id></CdtrAcct><Prtry><Tp>ARRO</Tp><Pty/></Prtry></RltdPties><RmtInf><Strd><AddtlRmtInf>NO REF</AddtlRmtInf></Strd><Strd><AddtlRmtInf>C Makuve//ARRO</AddtlRmtInf></Strd></RmtInf><RltdDts><TxDtTm>2018-09-29T17:39:20</TxDtTm></RltdDts><AddtlTxInf>5000000003933707791020180929826110572</AddtlTxInf></TxDtls><AddtlNtryInf>COMPLETE//0000//003//CREDIT</AddtlNtryInf></Ntry><Ntry><Amt Ccy="GBP">100.00</Amt><CdtDbtInd>CRDT</CdtDbtInd><Sts>BOOK</Sts><BookgDt><Dt>2018-10-01</Dt></BookgDt><BkTxCd><Prtry><Cd>SIP UKBA CR 40269</Cd></Prtry></BkTxCd><TxDtls><Refs><EndToEndId>NOREF</EndToEndId><TxId>RP4659985675825100</TxId></Refs><RltdPties><Dbtr><Nm>MASSANKA N</Nm></Dbtr><DbtrAcct><Id><PrtryAcct><Id>20555910338176</Id></PrtryAcct></Id></DbtrAcct><Cdtr><Nm>MIKES NEW 1</Nm></Cdtr><CdtrAcct><Id><PrtryAcct><Id>23008200402116</Id></PrtryAcct></Id></CdtrAcct><Prtry><Tp>TUMBA</Tp><Pty/></Prtry></RltdPties><RmtInf><Strd><AddtlRmtInf>NO REF</AddtlRmtInf></Strd><Strd><AddtlRmtInf>MASSANKA N//TUMBA</AddtlRmtInf></Strd></RmtInf><RltdDts><TxDtTm>2018-09-29T17:40:15</TxDtTm></RltdDts><AddtlTxInf>RP46599856758251001020180929826200026</AddtlTxInf></TxDtls><AddtlNtryInf>COMPLETE//0000//003//CREDIT</AddtlNtryInf></Ntry><Ntry><Amt Ccy="GBP">10.00</Amt><CdtDbtInd>CRDT</CdtDbtInd><Sts>BOOK</Sts><BookgDt><Dt>2018-10-01</Dt></BookgDt><BkTxCd><Prtry><Cd>SIP UKBA CR 40269</Cd></Prtry></BkTxCd><TxDtls><Refs><EndToEndId>NOREF</EndToEndId><TxId>PD5S53UD1G6WJ1M2XU</TxId></Refs><RltdPties><Dbtr><Nm>Michael Sagoo</Nm><PstlAdr><AdrLine>12 Great Bridge St, B70 0BN</AdrLine><Ctry/></PstlAdr></Dbtr><DbtrAcct><Id><PrtryAcct><Id>04000488603179</Id></PrtryAcct></Id></DbtrAcct><Cdtr><Nm>Darren Sagoo</Nm></Cdtr><CdtrAcct><Id><PrtryAcct><Id>23008200117403</Id></PrtryAcct></Id></CdtrAcct></RltdPties><RmtInf><Strd><AddtlRmtInf>NO REF</AddtlRmtInf></Strd><Strd><AddtlRmtInf>Michael Sagoo//</AddtlRmtInf></Strd></RmtInf><RltdDts><TxDtTm>2018-09-29T17:42:10</TxDtTm></RltdDts><AddtlTxInf>PD5S53UD1G6WJ1M2XU1020180929826040004</AddtlTxInf></TxDtls><AddtlNtryInf>COMPLETE//0000//003//CREDIT</AddtlNtryInf></Ntry><Ntry><Amt Ccy="GBP">30.00</Amt><CdtDbtInd>CRDT</CdtDbtInd><Sts>BOOK</Sts><BookgDt><Dt>2018-10-01</Dt></BookgDt><BkTxCd><Prtry><Cd>SIP UKBA CR 40269</Cd></Prtry></BkTxCd><TxDtls><Refs><EndToEndId>PPWD00000000AR4AWU</EndToEndId><TxId>PPWD00000000AR4AWU</TxId></Refs><RltdPties><Dbtr><Nm>PayPal</Nm><PstlAdr><AdrLine>2211 N 1st Street San Jose CA 95131</AdrLine><Ctry/></PstlAdr></Dbtr><DbtrAcct><Id><PrtryAcct><Id>23526278959595</Id></PrtryAcct></Id></DbtrAcct><Cdtr><Nm>Gordon Stewart</Nm><PstlAdr><AdrLine>16 Eastburn Crescent</AdrLine><Ctry/></PstlAdr></Cdtr><CdtrAcct><Id><PrtryAcct><Id>23008200464317</Id></PrtryAcct></Id></CdtrAcct><Prtry><Tp>PPWDL4AY22ALFK88XJ</Tp><Pty/></Prtry></RltdPties><RmtInf><Strd><RfrdDocInf><RfrdDocTp><Prtry>002</Prtry></RfrdDocTp></RfrdDocInf><AddtlRmtInf>NO REF</AddtlRmtInf></Strd><Strd><AddtlRmtInf>PayPal//PPWDL4AY22ALFK88XJ</AddtlRmtInf></Strd></RmtInf><RltdDts><TxDtTm>2018-09-29T17:48:27</TxDtTm></RltdDts><AddtlTxInf>PPWD00000000AR4AWU1020180929826235262</AddtlTxInf></TxDtls><AddtlNtryInf>COMPLETE//0000//003//CREDIT</AddtlNtryInf></Ntry><Ntry><Amt Ccy="GBP">10.00</Amt><CdtDbtInd>CRDT</CdtDbtInd><Sts>BOOK</Sts><BookgDt><Dt>2018-10-01</Dt></BookgDt><BkTxCd><Prtry><Cd>SIP UKBA CR 40269</Cd></Prtry></BkTxCd><TxDtls><Refs><EndToEndId>CLAIRE</EndToEndId><TxId>63175244152925000N</TxId><Prtry><Tp>STO REF</Tp><Ref>0000</Ref></Prtry></Refs><RltdPties><Dbtr><Nm>BASSETT CV</Nm></Dbtr><DbtrAcct><Id><PrtryAcct><Id>52410047500557</Id></PrtryAcct></Id></DbtrAcct><Cdtr><Nm>MISS CLAIRE BASSETT</Nm></Cdtr><CdtrAcct><Id><PrtryAcct><Id>23008200071044</Id></PrtryAcct></Id></CdtrAcct><Prtry><Tp>CLAIRE</Tp><Pty/></Prtry></RltdPties><RmtInf><Strd><AddtlRmtInf>BASSETT CV        CLAIRE            VIA MOBILE - LVP</AddtlRmtInf></Strd><Strd><AddtlRmtInf>BASSETT CV//CLAIRE</AddtlRmtInf></Strd></RmtInf><RltdDts><TxDtTm>2018-09-29T17:52:44</TxDtTm></RltdDts><AddtlTxInf>63175244152925000N1020180929826524100</AddtlTxInf></TxDtls><AddtlNtryInf>COMPLETE//0000//003//CREDIT</AddtlNtryInf></Ntry><Ntry><Amt Ccy="GBP">9.95</Amt><CdtDbtInd>CRDT</CdtDbtInd><Sts>BOOK</Sts><BookgDt><Dt>2018-10-01</Dt></BookgDt><BkTxCd><Prtry><Cd>SIP UKBA CR 40269</Cd></Prtry></BkTxCd><TxDtls><Refs><EndToEndId>MONEU</EndToEndId><TxId>09175627763405000N</TxId><Prtry><Tp>STO REF</Tp><Ref>0000</Ref></Prtry></Refs><RltdPties><Dbtr><Nm>MUSA KI</Nm></Dbtr><DbtrAcct><Id><PrtryAcct><Id>60132045673888</Id></PrtryAcct></Id></DbtrAcct><Cdtr><Nm>YASEN SHARIF</Nm></Cdtr><CdtrAcct><Id><PrtryAcct><Id>23008200350539</Id></PrtryAcct></Id></CdtrAcct><Prtry><Tp>MONEU</Tp><Pty/></Prtry></RltdPties><RmtInf><Strd><AddtlRmtInf>MUSA KI           MONEU             VIA MOBILE - LVP</AddtlRmtInf></Strd><Strd><AddtlRmtInf>MUSA KI//MONEU</AddtlRmtInf></Strd></RmtInf><RltdDts><TxDtTm>2018-09-29T17:56:28</TxDtTm></RltdDts><AddtlTxInf>09175627763405000N1020180929826601320</AddtlTxInf></TxDtls><AddtlNtryInf>COMPLETE//0000//003//CREDIT</AddtlNtryInf></Ntry></Ntfctn></BkToCstmrDbtCdtNtfctnV01></Document>