<?xml version="1.0" encoding="UTF-8"?><Document xmlns:xsi="http://www.w3.org/2001/XMLSchema-instance" xmlns="urn:iso:std:iso:20022:tech:xsd:camt.054.001.01"><BkToCstmrDbtCdtNtfctnV01><GrpHdr><MsgId>80309K//12950</MsgId><CreDtTm>2018-09-17T03:30:00</CreDtTm></GrpHdr><Ntfctn><Id>80309K//12950//1</Id><CreDtTm>2018-09-17T03:30:00</CreDtTm><Acct><Id><PrtryAcct><Id>20594233939774</Id></PrtryAcct></Id><Ccy>GBP</Ccy></Acct><TxsSummry><TtlNtries><NbOfNtries>7</NbOfNtries><Sum>3343.76</Sum></TtlNtries><TtlCdtNtries><NbOfNtries>7</NbOfNtries><Sum>3343.76</Sum></TtlCdtNtries><TtlDbtNtries><NbOfNtries>0</NbOfNtries><Sum>0.00</Sum></TtlDbtNtries></TxsSummry><Ntry><Amt Ccy="GBP">67.50</Amt><CdtDbtInd>CRDT</CdtDbtInd><Sts>BOOK</Sts><BookgDt><Dt>2018-09-17</Dt></BookgDt><BkTxCd><Prtry><Cd>FDP UKBA CR 40269</Cd></Prtry></BkTxCd><TxDtls><Refs><EndToEndId>NOREF</EndToEndId><TxId>37031604119789000R</TxId><Prtry><Tp>STO REF</Tp><Ref>0000</Ref></Prtry></Refs><RltdPties><Dbtr><Nm>COLLECT A CASE LTD</Nm></Dbtr><DbtrAcct><Id><PrtryAcct><Id>16243210265015</Id></PrtryAcct></Id></DbtrAcct><Cdtr><Nm>SARAH NORRISH</Nm></Cdtr><CdtrAcct><Id><PrtryAcct><Id>23008200301980</Id></PrtryAcct></Id></CdtrAcct><Prtry><Tp>COLLECT A CASE</Tp><Pty/></Prtry></RltdPties><RmtInf><Strd><AddtlRmtInf>COLLECT A CASE</AddtlRmtInf></Strd><Strd><AddtlRmtInf>COLLECT A CASE LTD//COLLECT A CASE</AddtlRmtInf></Strd></RmtInf><RltdDts><TxDtTm>2018-09-17T03:16:36</TxDtTm></RltdDts><AddtlTxInf>37031604119789000R4020180917826162432</AddtlTxInf></TxDtls><AddtlNtryInf>COMPLETE//0000//003//CREDIT</AddtlNtryInf></Ntry><Ntry><Amt Ccy="GBP">3000.00</Amt><CdtDbtInd>CRDT</CdtDbtInd><Sts>BOOK</Sts><BookgDt><Dt>2018-09-17</Dt></BookgDt><BkTxCd><Prtry><Cd>FDP UKBA CR 40269</Cd></Prtry></BkTxCd><TxDtls><Refs><EndToEndId>NOREF</EndToEndId><TxId>11031625031208000R</TxId><Prtry><Tp>STO REF</Tp><Ref>0000</Ref></Prtry></Refs><RltdPties><Dbtr><Nm>HPR (UK) LIMITED</Nm></Dbtr><DbtrAcct><Id><PrtryAcct><Id>83153100756548</Id></PrtryAcct></Id></DbtrAcct><Cdtr><Nm>THEHYDCONSULT LTD</Nm></Cdtr><CdtrAcct><Id><PrtryAcct><Id>23008200035309</Id></PrtryAcct></Id></CdtrAcct><Prtry><Tp>HPR UK</Tp><Pty/></Prtry></RltdPties><RmtInf><Strd><AddtlRmtInf>HPR UK</AddtlRmtInf></Strd><Strd><AddtlRmtInf>HPR (UK) LIMITED//HPR UK</AddtlRmtInf></Strd></RmtInf><RltdDts><TxDtTm>2018-09-17T03:17:49</TxDtTm></RltdDts><AddtlTxInf>11031625031208000R4020180917826831531</AddtlTxInf></TxDtls><AddtlNtryInf>COMPLETE//0000//003//CREDIT</AddtlNtryInf></Ntry><Ntry><Amt Ccy="GBP">112.50</Amt><CdtDbtInd>CRDT</CdtDbtInd><Sts>BOOK</Sts><BookgDt><Dt>2018-09-17</Dt></BookgDt><BkTxCd><Prtry><Cd>FDP UKBA CR 40269</Cd></Prtry></BkTxCd><TxDtls><Refs><EndToEndId>NOREF</EndToEndId><TxId>59031639890608000N</TxId><Prtry><Tp>STO REF</Tp><Ref>0000</Ref></Prtry></Refs><RltdPties><Dbtr><Nm>TPAD LIMITED</Nm></Dbtr><DbtrAcct><Id><PrtryAcct><Id>01008514284065</Id></PrtryAcct></Id></DbtrAcct><Cdtr><Nm>SARAH NORRISH</Nm></Cdtr><CdtrAcct><Id><PrtryAcct><Id>23008200301980</Id></PrtryAcct></Id></CdtrAcct><Prtry><Tp>COMMISS</Tp><Pty/></Prtry></RltdPties><RmtInf><Strd><AddtlRmtInf>COMMISS</AddtlRmtInf></Strd><Strd><AddtlRmtInf>TPAD LIMITED//COMMISS</AddtlRmtInf></Strd></RmtInf><RltdDts><TxDtTm>2018-09-17T03:18:18</TxDtTm></RltdDts><AddtlTxInf>59031639890608000N4020180917826010085</AddtlTxInf></TxDtls><AddtlNtryInf>COMPLETE//0000//003//CREDIT</AddtlNtryInf></Ntry><Ntry><Amt Ccy="GBP">22.80</Amt><CdtDbtInd>CRDT</CdtDbtInd><Sts>BOOK</Sts><BookgDt><Dt>2018-09-17</Dt></BookgDt><BkTxCd><Prtry><Cd>SIP UKBA CR 40269</Cd></Prtry></BkTxCd><TxDtls><Refs><EndToEndId>NOREF</EndToEndId><TxId>400000000394154183</TxId></Refs><RltdPties><Dbtr><Nm>E Whitten</Nm></Dbtr><DbtrAcct><Id><PrtryAcct><Id>11645918639860</Id></PrtryAcct></Id></DbtrAcct><Cdtr><Nm>ARRO</Nm></Cdtr><CdtrAcct><Id><PrtryAcct><Id>23008200408337</Id></PrtryAcct></Id></CdtrAcct><Prtry><Tp>PRE PAID MASTERCAR</Tp><Pty/></Prtry></RltdPties><RmtInf><Strd><AddtlRmtInf>NO REF</AddtlRmtInf></Strd><Strd><AddtlRmtInf>E Whitten//PRE PAID MASTERCAR</AddtlRmtInf></Strd></RmtInf><RltdDts><TxDtTm>2018-09-17T03:20:13</TxDtTm></RltdDts><AddtlTxInf>4000000003941541831020180917826116459</AddtlTxInf></TxDtls><AddtlNtryInf>COMPLETE//0000//003//CREDIT</AddtlNtryInf></Ntry><Ntry><Amt Ccy="GBP">120.15</Amt><CdtDbtInd>CRDT</CdtDbtInd><Sts>BOOK</Sts><BookgDt><Dt>2018-09-17</Dt></BookgDt><BkTxCd><Prtry><Cd>FDP UKBA CR 40269</Cd></Prtry></BkTxCd><TxDtls><Refs><EndToEndId>NOREF</EndToEndId><TxId>35031904652043000N</TxId><Prtry><Tp>STO REF</Tp><Ref>0000</Ref></Prtry></Refs><RltdPties><Dbtr><Nm>J &amp; V DALTON LTDYY</Nm></Dbtr><DbtrAcct><Id><PrtryAcct><Id>54213808505411</Id></PrtryAcct></Id></DbtrAcct><Cdtr><Nm>LAUBERGS OJARS</Nm></Cdtr><CdtrAcct><Id><PrtryAcct><Id>23008200195401</Id></PrtryAcct></Id></CdtrAcct><Prtry><Tp>DALTONS</Tp><Pty/></Prtry></RltdPties><RmtInf><Strd><AddtlRmtInf>DALTONS</AddtlRmtInf></Strd><Strd><AddtlRmtInf>J &amp; V DALTON LTDYY//DALTONS</AddtlRmtInf></Strd></RmtInf><RltdDts><TxDtTm>2018-09-17T03:23:06</TxDtTm></RltdDts><AddtlTxInf>35031904652043000N4020180917826542138</AddtlTxInf></TxDtls><AddtlNtryInf>COMPLETE//0000//003//CREDIT</AddtlNtryInf></Ntry><Ntry><Amt Ccy="GBP">20.59</Amt><CdtDbtInd>CRDT</CdtDbtInd><Sts>BOOK</Sts><BookgDt><Dt>2018-09-17</Dt></BookgDt><BkTxCd><Prtry><Cd>SIP UKBA CR 40269</Cd></Prtry></BkTxCd><TxDtls><Refs><EndToEndId>NOREF</EndToEndId><TxId>P2DFQCXR5VSG4V5QSY</TxId></Refs><RltdPties><Dbtr><Nm>Andrew Boyle</Nm><PstlAdr><AdrLine>Flat 2, BT34 3BG</AdrLine><Ctry/></PstlAdr></Dbtr><DbtrAcct><Id><PrtryAcct><Id>04000499604867</Id></PrtryAcct></Id></DbtrAcct><Cdtr><Nm>adam beard</Nm></Cdtr><CdtrAcct><Id><PrtryAcct><Id>23008200297102</Id></PrtryAcct></Id></CdtrAcct><Prtry><Tp>28528398</Tp><Pty/></Prtry></RltdPties><RmtInf><Strd><AddtlRmtInf>NO REF</AddtlRmtInf></Strd><Strd><AddtlRmtInf>Andrew Boyle//28528398</AddtlRmtInf></Strd></RmtInf><RltdDts><TxDtTm>2018-09-17T03:26:16</TxDtTm></RltdDts><AddtlTxInf>P2DFQCXR5VSG4V5QSY1020180917826040004</AddtlTxInf></TxDtls><AddtlNtryInf>COMPLETE//0000//003//CREDIT</AddtlNtryInf></Ntry><Ntry><Amt Ccy="GBP">0.22</Amt><CdtDbtInd>CRDT</CdtDbtInd><Sts>BOOK</Sts><BookgDt><Dt>2018-09-17</Dt></BookgDt><BkTxCd><Prtry><Cd>SIP UKBA CR 40269</Cd></Prtry></BkTxCd><TxDtls><Refs><EndToEndId>AMIE</EndToEndId><TxId>23032843837605000R</TxId><Prtry><Tp>STO REF</Tp><Ref>0000</Ref></Prtry></Refs><RltdPties><Dbtr><Nm>GAULT MRS AMIE</Nm></Dbtr><DbtrAcct><Id><PrtryAcct><Id>83173600178628</Id></PrtryAcct></Id></DbtrAcct><Cdtr><Nm>AMIE GAULT</Nm></Cdtr><CdtrAcct><Id><PrtryAcct><Id>23008200194370</Id></PrtryAcct></Id></CdtrAcct><Prtry><Tp>AMIE</Tp><Pty/></Prtry></RltdPties><RmtInf><Strd><AddtlRmtInf>GAULT MRS AMIE    AMIE              VIA MOBILE - LVP</AddtlRmtInf></Strd><Strd><AddtlRmtInf>GAULT MRS AMIE//AMIE</AddtlRmtInf></Strd></RmtInf><RltdDts><TxDtTm>2018-09-17T03:28:44</TxDtTm></RltdDts><AddtlTxInf>23032843837605000R1020180917826831736</AddtlTxInf></TxDtls><AddtlNtryInf>COMPLETE//0000//003//CREDIT</AddtlNtryInf></Ntry></Ntfctn></BkToCstmrDbtCdtNtfctnV01></Document>