<?xml version="1.0" encoding="UTF-8"?><Document xmlns:xsi="http://www.w3.org/2001/XMLSchema-instance" xmlns="urn:iso:std:iso:20022:tech:xsd:camt.054.001.01"><BkToCstmrDbtCdtNtfctnV01><GrpHdr><MsgId>80309K//12396</MsgId><CreDtTm>2018-09-04T06:30:00</CreDtTm></GrpHdr><Ntfctn><Id>80309K//12396//1</Id><CreDtTm>2018-09-04T06:30:00</CreDtTm><Acct><Id><PrtryAcct><Id>20594233939774</Id></PrtryAcct></Id><Ccy>GBP</Ccy></Acct><TxsSummry><TtlNtries><NbOfNtries>2</NbOfNtries><Sum>171.84</Sum></TtlNtries><TtlCdtNtries><NbOfNtries>2</NbOfNtries><Sum>171.84</Sum></TtlCdtNtries><TtlDbtNtries><NbOfNtries>0</NbOfNtries><Sum>0.00</Sum></TtlDbtNtries></TxsSummry><Ntry><Amt Ccy="GBP">9.84</Amt><CdtDbtInd>CRDT</CdtDbtInd><Sts>BOOK</Sts><BookgDt><Dt>2018-09-04</Dt></BookgDt><BkTxCd><Prtry><Cd>SIP UKBA CR 40269</Cd></Prtry></BkTxCd><TxDtls><Refs><EndToEndId>NOREF</EndToEndId><TxId>500000000385782173</TxId></Refs><RltdPties><Dbtr><Nm>C Brown</Nm></Dbtr><DbtrAcct><Id><PrtryAcct><Id>11020900620759</Id></PrtryAcct></Id></DbtrAcct><Cdtr><Nm>MISS KAITLIN BROWN</Nm></Cdtr><CdtrAcct><Id><PrtryAcct><Id>23008200119340</Id></PrtryAcct></Id></CdtrAcct><Prtry><Tp>ME</Tp><Pty/></Prtry></RltdPties><RmtInf><Strd><AddtlRmtInf>NO REF</AddtlRmtInf></Strd><Strd><AddtlRmtInf>C Brown//ME</AddtlRmtInf></Strd></RmtInf><RltdDts><TxDtTm>2018-09-04T06:18:18</TxDtTm></RltdDts><AddtlTxInf>5000000003857821731020180904826110209</AddtlTxInf></TxDtls><AddtlNtryInf>COMPLETE//0000//003//CREDIT</AddtlNtryInf></Ntry><Ntry><Amt Ccy="GBP">162.00</Amt><CdtDbtInd>CRDT</CdtDbtInd><Sts>BOOK</Sts><BookgDt><Dt>2018-09-04</Dt></BookgDt><BkTxCd><Prtry><Cd>DCA UKBA CR 40269</Cd></Prtry></BkTxCd><TxDtls><Refs><EndToEndId>NOREF</EndToEndId><TxId>000000013462493701</TxId><Prtry><Tp>STO REF</Tp><Ref>0925</Ref></Prtry></Refs><RltdPties><Dbtr><Nm>MELISSA BISHOP</Nm></Dbtr><DbtrAcct><Id><PrtryAcct><Id>20035373152596</Id></PrtryAcct></Id></DbtrAcct><Cdtr><Nm>MELISSA BISHOP</Nm></Cdtr><CdtrAcct><Id><PrtryAcct><Id>23008200141421</Id></PrtryAcct></Id></CdtrAcct><Prtry><Tp>MELISSA</Tp><Pty/></Prtry></RltdPties><RmtInf><Strd><AddtlRmtInf>NO REF</AddtlRmtInf></Strd><Strd><AddtlRmtInf>MELISSA BISHOP//MELISSA</AddtlRmtInf></Strd></RmtInf><RltdDts><TxDtTm>2018-09-04T06:21:48</TxDtTm></RltdDts><AddtlTxInf>0000000134624937015020180904826200353</AddtlTxInf></TxDtls><AddtlNtryInf>COMPLETE//0000//003//CREDIT</AddtlNtryInf></Ntry></Ntfctn></BkToCstmrDbtCdtNtfctnV01></Document>