<?xml version="1.0" encoding="UTF-8"?><Document xmlns:xsi="http://www.w3.org/2001/XMLSchema-instance" xmlns="urn:iso:std:iso:20022:tech:xsd:camt.054.001.01"><BkToCstmrDbtCdtNtfctnV01><GrpHdr><MsgId>80309K//13084</MsgId><CreDtTm>2018-09-20T05:30:00</CreDtTm></GrpHdr><Ntfctn><Id>80309K//13084//1</Id><CreDtTm>2018-09-20T05:30:00</CreDtTm><Acct><Id><PrtryAcct><Id>20594233939774</Id></PrtryAcct></Id><Ccy>GBP</Ccy></Acct><TxsSummry><TtlNtries><NbOfNtries>2</NbOfNtries><Sum>20.01</Sum></TtlNtries><TtlCdtNtries><NbOfNtries>2</NbOfNtries><Sum>20.01</Sum></TtlCdtNtries><TtlDbtNtries><NbOfNtries>0</NbOfNtries><Sum>0.00</Sum></TtlDbtNtries></TxsSummry><Ntry><Amt Ccy="GBP">20.00</Amt><CdtDbtInd>CRDT</CdtDbtInd><Sts>BOOK</Sts><BookgDt><Dt>2018-09-20</Dt></BookgDt><BkTxCd><Prtry><Cd>FDP UKBA CR 40269</Cd></Prtry></BkTxCd><TxDtls><Refs><EndToEndId>NOREF</EndToEndId><TxId>4409502310500301CN</TxId><Prtry><Tp>STO REF</Tp><Ref>0000</Ref></Prtry></Refs><RltdPties><Dbtr><Nm>MR DAVID DAVIES</Nm><PstlAdr><AdrLine>MR DAVID DAVIES;FLAT 21 BOUNDARIES;</AdrLine><AdrLine>MANSIONS;55 63 BOUNDARIES ROAD;L;</AdrLine><AdrLine>ONDON                     SW12 8EZ</AdrLine><Ctry/></PstlAdr></Dbtr><DbtrAcct><Id><PrtryAcct><Id>40642012448450</Id></PrtryAcct></Id></DbtrAcct><Cdtr><Nm>DAVID DAVIES</Nm></Cdtr><CdtrAcct><Id><PrtryAcct><Id>23008200028616</Id></PrtryAcct></Id></CdtrAcct><Prtry><Tp>5574220127568888</Tp><Pty/></Prtry></RltdPties><RmtInf><Strd><AddtlRmtInf>NO REF</AddtlRmtInf></Strd><Strd><AddtlRmtInf>MR DAVID DAVIES//5574220127568888</AddtlRmtInf></Strd></RmtInf><RltdDts><TxDtTm>2018-09-20T05:01:33</TxDtTm></RltdDts><AddtlTxInf>4409502310500301CN4020180920826400250</AddtlTxInf></TxDtls><AddtlNtryInf>COMPLETE//0000//003//CREDIT</AddtlNtryInf></Ntry><Ntry><Amt Ccy="GBP">0.01</Amt><CdtDbtInd>CRDT</CdtDbtInd><Sts>BOOK</Sts><BookgDt><Dt>2018-09-20</Dt></BookgDt><BkTxCd><Prtry><Cd>SIP UKBA CR 40269</Cd></Prtry></BkTxCd><TxDtls><Refs><EndToEndId>PPRD00000000AOOZPK</EndToEndId><TxId>PPRD00000000AOOZPK</TxId></Refs><RltdPties><Dbtr><Nm>PAYPAL CODE 7467</Nm><PstlAdr><AdrLine>2211 N 1st Street San Jose CA 95131</AdrLine><Ctry/></PstlAdr></Dbtr><DbtrAcct><Id><PrtryAcct><Id>23526285010101</Id></PrtryAcct></Id></DbtrAcct><Cdtr><Nm>JordanwilliamYou Williams</Nm><PstlAdr><AdrLine>10 Morrison Road</AdrLine><Ctry/></PstlAdr></Cdtr><CdtrAcct><Id><PrtryAcct><Id>23008200454623</Id></PrtryAcct></Id></CdtrAcct><Prtry><Tp>PAYPAL CODE 7467</Tp><Pty/></Prtry></RltdPties><RmtInf><Strd><RfrdDocInf><RfrdDocTp><Prtry>002</Prtry></RfrdDocTp></RfrdDocInf><AddtlRmtInf>NO REF</AddtlRmtInf></Strd><Strd><AddtlRmtInf>PAYPAL CODE 7467//PAYPAL CODE 7467</AddtlRmtInf></Strd></RmtInf><RltdDts><TxDtTm>2018-09-20T05:16:23</TxDtTm></RltdDts><AddtlTxInf>PPRD00000000AOOZPK1020180920826235262</AddtlTxInf></TxDtls><AddtlNtryInf>COMPLETE//0000//003//CREDIT</AddtlNtryInf></Ntry></Ntfctn></BkToCstmrDbtCdtNtfctnV01></Document>