<?xml version="1.0" encoding="UTF-8"?><Document xmlns:xsi="http://www.w3.org/2001/XMLSchema-instance" xmlns="urn:iso:std:iso:20022:tech:xsd:camt.054.001.01"><BkToCstmrDbtCdtNtfctnV01><GrpHdr><MsgId>80309K//12766</MsgId><CreDtTm>2018-09-12T20:30:00</CreDtTm></GrpHdr><Ntfctn><Id>80309K//12766//1</Id><CreDtTm>2018-09-12T20:30:00</CreDtTm><Acct><Id><PrtryAcct><Id>20594233939774</Id></PrtryAcct></Id><Ccy>GBP</Ccy></Acct><TxsSummry><TtlNtries><NbOfNtries>5</NbOfNtries><Sum>110.00</Sum></TtlNtries><TtlCdtNtries><NbOfNtries>5</NbOfNtries><Sum>110.00</Sum></TtlCdtNtries><TtlDbtNtries><NbOfNtries>0</NbOfNtries><Sum>0.00</Sum></TtlDbtNtries></TxsSummry><Ntry><Amt Ccy="GBP">40.00</Amt><CdtDbtInd>CRDT</CdtDbtInd><Sts>BOOK</Sts><BookgDt><Dt>2018-09-13</Dt></BookgDt><BkTxCd><Prtry><Cd>SIP UKBA CR 40269</Cd></Prtry></BkTxCd><TxDtls><Refs><EndToEndId>NOREF</EndToEndId><TxId>600000000387921021</TxId></Refs><RltdPties><Dbtr><Nm>J Chrappah</Nm></Dbtr><DbtrAcct><Id><PrtryAcct><Id>11181131677974</Id></PrtryAcct></Id></DbtrAcct><Cdtr><Nm>JAYARO</Nm></Cdtr><CdtrAcct><Id><PrtryAcct><Id>23008200207569</Id></PrtryAcct></Id></CdtrAcct><Prtry><Tp>FUNDS3</Tp><Pty/></Prtry></RltdPties><RmtInf><Strd><AddtlRmtInf>NO REF</AddtlRmtInf></Strd><Strd><AddtlRmtInf>J Chrappah//FUNDS3</AddtlRmtInf></Strd></RmtInf><RltdDts><TxDtTm>2018-09-12T20:01:40</TxDtTm></RltdDts><AddtlTxInf>6000000003879210211020180912826111811</AddtlTxInf></TxDtls><AddtlNtryInf>COMPLETE//0000//003//CREDIT</AddtlNtryInf></Ntry><Ntry><Amt Ccy="GBP">40.00</Amt><CdtDbtInd>CRDT</CdtDbtInd><Sts>BOOK</Sts><BookgDt><Dt>2018-09-13</Dt></BookgDt><BkTxCd><Prtry><Cd>SIP UKBA CR 40269</Cd></Prtry></BkTxCd><TxDtls><Refs><EndToEndId>NOREF</EndToEndId><TxId>RP4679961240520800</TxId></Refs><RltdPties><Dbtr><Nm>SALFARLIE J A M</Nm></Dbtr><DbtrAcct><Id><PrtryAcct><Id>20057453080919</Id></PrtryAcct></Id></DbtrAcct><Cdtr><Nm>ARRO</Nm></Cdtr><CdtrAcct><Id><PrtryAcct><Id>23008200337123</Id></PrtryAcct></Id></CdtrAcct><Prtry><Tp>5574220190111848</Tp><Pty/></Prtry></RltdPties><RmtInf><Strd><AddtlRmtInf>NO REF</AddtlRmtInf></Strd><Strd><AddtlRmtInf>SALFARLIE J A M//5574220190111848</AddtlRmtInf></Strd></RmtInf><RltdDts><TxDtTm>2018-09-12T20:05:30</TxDtTm></RltdDts><AddtlTxInf>RP46799612405208001020180912826200026</AddtlTxInf></TxDtls><AddtlNtryInf>COMPLETE//0000//003//CREDIT</AddtlNtryInf></Ntry><Ntry><Amt Ccy="GBP">4.00</Amt><CdtDbtInd>CRDT</CdtDbtInd><Sts>BOOK</Sts><BookgDt><Dt>2018-09-13</Dt></BookgDt><BkTxCd><Prtry><Cd>SIP UKBA CR 40269</Cd></Prtry></BkTxCd><TxDtls><Refs><EndToEndId>GS</EndToEndId><TxId>16202336143420000N</TxId><Prtry><Tp>STO REF</Tp><Ref>0000</Ref></Prtry></Refs><RltdPties><Dbtr><Nm>DONALDSON L</Nm></Dbtr><DbtrAcct><Id><PrtryAcct><Id>01083254072387</Id></PrtryAcct></Id></DbtrAcct><Cdtr><Nm>GEO</Nm></Cdtr><CdtrAcct><Id><PrtryAcct><Id>23008200293180</Id></PrtryAcct></Id></CdtrAcct><Prtry><Tp>GS</Tp><Pty/></Prtry></RltdPties><RmtInf><Strd><AddtlRmtInf>DONALDSON L       GS                VIA MOBILE - LVP</AddtlRmtInf></Strd><Strd><AddtlRmtInf>DONALDSON L//GS</AddtlRmtInf></Strd></RmtInf><RltdDts><TxDtTm>2018-09-12T20:23:36</TxDtTm></RltdDts><AddtlTxInf>16202336143420000N1020180912826010832</AddtlTxInf></TxDtls><AddtlNtryInf>COMPLETE//0000//003//CREDIT</AddtlNtryInf></Ntry><Ntry><Amt Ccy="GBP">4.00</Amt><CdtDbtInd>CRDT</CdtDbtInd><Sts>BOOK</Sts><BookgDt><Dt>2018-09-13</Dt></BookgDt><BkTxCd><Prtry><Cd>SIP UKBA CR 40269</Cd></Prtry></BkTxCd><TxDtls><Refs><EndToEndId>NOREF</EndToEndId><TxId>300000000391856871</TxId></Refs><RltdPties><Dbtr><Nm>L Price</Nm></Dbtr><DbtrAcct><Id><PrtryAcct><Id>30990613824660</Id></PrtryAcct></Id></DbtrAcct><Cdtr><Nm>MISS GEORGIA SAVAG</Nm></Cdtr><CdtrAcct><Id><PrtryAcct><Id>23008200293180</Id></PrtryAcct></Id></CdtrAcct></RltdPties><RmtInf><Strd><AddtlRmtInf>NO REF</AddtlRmtInf></Strd><Strd><AddtlRmtInf>L Price//</AddtlRmtInf></Strd></RmtInf><RltdDts><TxDtTm>2018-09-12T20:24:32</TxDtTm></RltdDts><AddtlTxInf>3000000003918568711020180912826309906</AddtlTxInf></TxDtls><AddtlNtryInf>COMPLETE//0000//003//CREDIT</AddtlNtryInf></Ntry><Ntry><Amt Ccy="GBP">22.00</Amt><CdtDbtInd>CRDT</CdtDbtInd><Sts>BOOK</Sts><BookgDt><Dt>2018-09-13</Dt></BookgDt><BkTxCd><Prtry><Cd>SIP UKBA CR 40269</Cd></Prtry></BkTxCd><TxDtls><Refs><EndToEndId>NOREF</EndToEndId><TxId>RP4679961241691900</TxId></Refs><RltdPties><Dbtr><Nm>ION C</Nm></Dbtr><DbtrAcct><Id><PrtryAcct><Id>20693400649511</Id></PrtryAcct></Id></DbtrAcct><Cdtr><Nm>D RADU</Nm></Cdtr><CdtrAcct><Id><PrtryAcct><Id>23008200415303</Id></PrtryAcct></Id></CdtrAcct><Prtry><Tp>BOSS</Tp><Pty/></Prtry></RltdPties><RmtInf><Strd><AddtlRmtInf>NO REF</AddtlRmtInf></Strd><Strd><AddtlRmtInf>ION C//BOSS</AddtlRmtInf></Strd></RmtInf><RltdDts><TxDtTm>2018-09-12T20:24:54</TxDtTm></RltdDts><AddtlTxInf>RP46799612416919001020180912826200026</AddtlTxInf></TxDtls><AddtlNtryInf>COMPLETE//0000//003//CREDIT</AddtlNtryInf></Ntry></Ntfctn></BkToCstmrDbtCdtNtfctnV01></Document>