<?xml version="1.0" encoding="UTF-8"?><Document xmlns:xsi="http://www.w3.org/2001/XMLSchema-instance" xmlns="urn:iso:std:iso:20022:tech:xsd:camt.054.001.01"><BkToCstmrDbtCdtNtfctnV01><GrpHdr><MsgId>80309K//13451</MsgId><CreDtTm>2018-09-28T15:00:00</CreDtTm></GrpHdr><Ntfctn><Id>80309K//13451//1</Id><CreDtTm>2018-09-28T15:00:00</CreDtTm><Acct><Id><PrtryAcct><Id>20594233939774</Id></PrtryAcct></Id><Ccy>GBP</Ccy></Acct><TxsSummry><TtlNtries><NbOfNtries>16</NbOfNtries><Sum>3100.83</Sum></TtlNtries><TtlCdtNtries><NbOfNtries>16</NbOfNtries><Sum>3100.83</Sum></TtlCdtNtries><TtlDbtNtries><NbOfNtries>0</NbOfNtries><Sum>0.00</Sum></TtlDbtNtries></TxsSummry><Ntry><Amt Ccy="GBP">20.00</Amt><CdtDbtInd>CRDT</CdtDbtInd><Sts>BOOK</Sts><BookgDt><Dt>2018-09-28</Dt></BookgDt><BkTxCd><Prtry><Cd>SIP UKBA CR 40269</Cd></Prtry></BkTxCd><TxDtls><Refs><EndToEndId>NOREF</EndToEndId><TxId>100000000391345286</TxId></Refs><RltdPties><Dbtr><Nm>F Russell-Morgan</Nm></Dbtr><DbtrAcct><Id><PrtryAcct><Id>30928665553460</Id></PrtryAcct></Id></DbtrAcct><Cdtr><Nm>L</Nm></Cdtr><CdtrAcct><Id><PrtryAcct><Id>23008200249168</Id></PrtryAcct></Id></CdtrAcct><Prtry><Tp>PLAY</Tp><Pty/></Prtry></RltdPties><RmtInf><Strd><AddtlRmtInf>NO REF</AddtlRmtInf></Strd><Strd><AddtlRmtInf>F Russell-Morgan//PLAY</AddtlRmtInf></Strd></RmtInf><RltdDts><TxDtTm>2018-09-28T14:30:12</TxDtTm></RltdDts><AddtlTxInf>1000000003913452861020180928826309286</AddtlTxInf></TxDtls><AddtlNtryInf>COMPLETE//0000//002//CREDIT</AddtlNtryInf></Ntry><Ntry><Amt Ccy="GBP">500.00</Amt><CdtDbtInd>CRDT</CdtDbtInd><Sts>BOOK</Sts><BookgDt><Dt>2018-09-28</Dt></BookgDt><BkTxCd><Prtry><Cd>STO UKBA CR 40267</Cd></Prtry></BkTxCd><TxDtls><Refs><EndToEndId>NOREF</EndToEndId><TxId>RP4653084860772900</TxId></Refs><RltdPties><Dbtr><Nm>ALL IN ONE  T/AS</Nm></Dbtr><DbtrAcct><Id><PrtryAcct><Id>20508240019933</Id></PrtryAcct></Id></DbtrAcct><Cdtr><Nm>SELVAKUMAR</Nm></Cdtr><CdtrAcct><Id><PrtryAcct><Id>23008200119200</Id></PrtryAcct></Id></CdtrAcct><Prtry><Tp>PROFIT</Tp><Pty/></Prtry></RltdPties><RmtInf><Strd><AddtlRmtInf>NO REF</AddtlRmtInf></Strd><Strd><AddtlRmtInf>ALL IN ONE  T/AS//PROFIT</AddtlRmtInf></Strd></RmtInf><RltdDts><TxDtTm>2018-09-28T14:30:20</TxDtTm></RltdDts><AddtlTxInf>RP46530848607729003020180928826200026</AddtlTxInf></TxDtls><AddtlNtryInf>COMPLETE//0000//002//CREDIT</AddtlNtryInf></Ntry><Ntry><Amt Ccy="GBP">1500.00</Amt><CdtDbtInd>CRDT</CdtDbtInd><Sts>BOOK</Sts><BookgDt><Dt>2018-09-28</Dt></BookgDt><BkTxCd><Prtry><Cd>SIP UKBA CR 40269</Cd></Prtry></BkTxCd><TxDtls><Refs><EndToEndId>ARRO CONSUL FEE</EndToEndId><TxId>50143034138113000R</TxId><Prtry><Tp>STO REF</Tp><Ref>0000</Ref></Prtry></Refs><RltdPties><Dbtr><Nm>MARQ MILLIONS LTD</Nm></Dbtr><DbtrAcct><Id><PrtryAcct><Id>16001810123776</Id></PrtryAcct></Id></DbtrAcct><Cdtr><Nm>SURESH V</Nm></Cdtr><CdtrAcct><Id><PrtryAcct><Id>23008200296658</Id></PrtryAcct></Id></CdtrAcct><Prtry><Tp>ARRO CONSUL FEE</Tp><Pty/></Prtry></RltdPties><RmtInf><Strd><AddtlRmtInf>MARQ MILLIONS LTD ARRO CONSUL FEE   VIA ONLINE - PYMT</AddtlRmtInf></Strd><Strd><AddtlRmtInf>MARQ MILLIONS LTD//ARRO CONSUL FEE</AddtlRmtInf></Strd></RmtInf><RltdDts><TxDtTm>2018-09-28T14:30:34</TxDtTm></RltdDts><AddtlTxInf>50143034138113000R1020180928826160018</AddtlTxInf></TxDtls><AddtlNtryInf>COMPLETE//0000//002//CREDIT</AddtlNtryInf></Ntry><Ntry><Amt Ccy="GBP">0.01</Amt><CdtDbtInd>CRDT</CdtDbtInd><Sts>BOOK</Sts><BookgDt><Dt>2018-09-28</Dt></BookgDt><BkTxCd><Prtry><Cd>SIP UKBA CR 40269</Cd></Prtry></BkTxCd><TxDtls><Refs><EndToEndId>PPRD00000000AQUPQI</EndToEndId><TxId>PPRD00000000AQUPQI</TxId></Refs><RltdPties><Dbtr><Nm>PAYPAL CODE 1925</Nm><PstlAdr><AdrLine>2211 N 1st Street San Jose CA 95131</AdrLine><Ctry/></PstlAdr></Dbtr><DbtrAcct><Id><PrtryAcct><Id>23526285010101</Id></PrtryAcct></Id></DbtrAcct><Cdtr><Nm>neck lace handmade</Nm><PstlAdr><AdrLine>68 MILITARY ROAD</AdrLine><Ctry/></PstlAdr></Cdtr><CdtrAcct><Id><PrtryAcct><Id>23008200473468</Id></PrtryAcct></Id></CdtrAcct><Prtry><Tp>PAYPAL CODE 1925</Tp><Pty/></Prtry></RltdPties><RmtInf><Strd><RfrdDocInf><RfrdDocTp><Prtry>002</Prtry></RfrdDocTp></RfrdDocInf><AddtlRmtInf>NO REF</AddtlRmtInf></Strd><Strd><AddtlRmtInf>PAYPAL CODE 1925//PAYPAL CODE 1925</AddtlRmtInf></Strd></RmtInf><RltdDts><TxDtTm>2018-09-28T14:31:56</TxDtTm></RltdDts><AddtlTxInf>PPRD00000000AQUPQI1020180928826235262</AddtlTxInf></TxDtls><AddtlNtryInf>COMPLETE//0000//002//CREDIT</AddtlNtryInf></Ntry><Ntry><Amt Ccy="GBP">10.00</Amt><CdtDbtInd>CRDT</CdtDbtInd><Sts>BOOK</Sts><BookgDt><Dt>2018-09-28</Dt></BookgDt><BkTxCd><Prtry><Cd>SIP UKBA CR 40269</Cd></Prtry></BkTxCd><TxDtls><Refs><EndToEndId>00153425632BWHDQYD</EndToEndId><TxId>00153425632BWHDQYD</TxId></Refs><RltdPties><Dbtr><Nm>JOHN CROMPTON</Nm></Dbtr><DbtrAcct><Id><PrtryAcct><Id>09012893990988</Id></PrtryAcct></Id></DbtrAcct><Cdtr><Nm>J CROM ARRO</Nm></Cdtr><CdtrAcct><Id><PrtryAcct><Id>23008200431266</Id></PrtryAcct></Id></CdtrAcct><Prtry><Tp>arroaccount</Tp><Pty/></Prtry></RltdPties><RmtInf><Strd><AddtlRmtInf>NO REF</AddtlRmtInf></Strd><Strd><AddtlRmtInf>JOHN CROMPTON//arroaccount</AddtlRmtInf></Strd></RmtInf><RltdDts><TxDtTm>2018-09-28T14:34:48</TxDtTm></RltdDts><AddtlTxInf>00153425632BWHDQYD1020180928826090128</AddtlTxInf></TxDtls><AddtlNtryInf>COMPLETE//0000//002//CREDIT</AddtlNtryInf></Ntry><Ntry><Amt Ccy="GBP">50.00</Amt><CdtDbtInd>CRDT</CdtDbtInd><Sts>BOOK</Sts><BookgDt><Dt>2018-09-28</Dt></BookgDt><BkTxCd><Prtry><Cd>SIP UKBA CR 40269</Cd></Prtry></BkTxCd><TxDtls><Refs><EndToEndId>00152242632BCYZQFV</EndToEndId><TxId>00152242632BCYZQFV</TxId></Refs><RltdPties><Dbtr><Nm>SAM HARRISON TRADING</Nm></Dbtr><DbtrAcct><Id><PrtryAcct><Id>09012913564207</Id></PrtryAcct></Id></DbtrAcct><Cdtr><Nm>Paul Jones</Nm></Cdtr><CdtrAcct><Id><PrtryAcct><Id>23008200462991</Id></PrtryAcct></Id></CdtrAcct><Prtry><Tp>samh93</Tp><Pty/></Prtry></RltdPties><RmtInf><Strd><AddtlRmtInf>NO REF</AddtlRmtInf></Strd><Strd><AddtlRmtInf>SAM HARRISON TRADI//samh93</AddtlRmtInf></Strd></RmtInf><RltdDts><TxDtTm>2018-09-28T14:35:38</TxDtTm></RltdDts><AddtlTxInf>00152242632BCYZQFV1020180928826090129</AddtlTxInf></TxDtls><AddtlNtryInf>COMPLETE//0000//002//CREDIT</AddtlNtryInf></Ntry><Ntry><Amt Ccy="GBP">10.00</Amt><CdtDbtInd>CRDT</CdtDbtInd><Sts>BOOK</Sts><BookgDt><Dt>2018-09-28</Dt></BookgDt><BkTxCd><Prtry><Cd>SIP UKBA CR 40269</Cd></Prtry></BkTxCd><TxDtls><Refs><EndToEndId>NOREF</EndToEndId><TxId>180928143725050074</TxId></Refs><RltdPties><Dbtr><Nm>Daniel Anderson</Nm></Dbtr><DbtrAcct><Id><PrtryAcct><Id>77682201288068</Id></PrtryAcct></Id></DbtrAcct><Cdtr><Nm>Daniel Howe</Nm></Cdtr><CdtrAcct><Id><PrtryAcct><Id>23008200211562</Id></PrtryAcct></Id></CdtrAcct></RltdPties><RmtInf><Strd><AddtlRmtInf>NO REF</AddtlRmtInf></Strd><Strd><AddtlRmtInf>Daniel Anderson//</AddtlRmtInf></Strd></RmtInf><RltdDts><TxDtTm>2018-09-28T14:37:22</TxDtTm></RltdDts><AddtlTxInf>1809281437250500741020180928826776822</AddtlTxInf></TxDtls><AddtlNtryInf>COMPLETE//0000//002//CREDIT</AddtlNtryInf></Ntry><Ntry><Amt Ccy="GBP">498.00</Amt><CdtDbtInd>CRDT</CdtDbtInd><Sts>BOOK</Sts><BookgDt><Dt>2018-09-28</Dt></BookgDt><BkTxCd><Prtry><Cd>SIP UKBA CR 40269</Cd></Prtry></BkTxCd><TxDtls><Refs><EndToEndId>NOREF</EndToEndId><TxId>180928143937093016</TxId></Refs><RltdPties><Dbtr><Nm>Stanley Fosbeary</Nm></Dbtr><DbtrAcct><Id><PrtryAcct><Id>77300271080460</Id></PrtryAcct></Id></DbtrAcct><Cdtr><Nm>Credit</Nm></Cdtr><CdtrAcct><Id><PrtryAcct><Id>23008200163227</Id></PrtryAcct></Id></CdtrAcct><Prtry><Tp>BILL</Tp><Pty/></Prtry></RltdPties><RmtInf><Strd><AddtlRmtInf>NO REF</AddtlRmtInf></Strd><Strd><AddtlRmtInf>Stanley Fosbeary//BILL</AddtlRmtInf></Strd></RmtInf><RltdDts><TxDtTm>2018-09-28T14:39:34</TxDtTm></RltdDts><AddtlTxInf>1809281439370930161020180928826773002</AddtlTxInf></TxDtls><AddtlNtryInf>COMPLETE//0000//002//CREDIT</AddtlNtryInf></Ntry><Ntry><Amt Ccy="GBP">0.01</Amt><CdtDbtInd>CRDT</CdtDbtInd><Sts>BOOK</Sts><BookgDt><Dt>2018-09-28</Dt></BookgDt><BkTxCd><Prtry><Cd>SIP UKBA CR 40269</Cd></Prtry></BkTxCd><TxDtls><Refs><EndToEndId>PPRD00000000AQUSWA</EndToEndId><TxId>PPRD00000000AQUSWA</TxId></Refs><RltdPties><Dbtr><Nm>PAYPAL CODE 2407</Nm><PstlAdr><AdrLine>2211 N 1st Street San Jose CA 95131</AdrLine><Ctry/></PstlAdr></Dbtr><DbtrAcct><Id><PrtryAcct><Id>23526285010101</Id></PrtryAcct></Id></DbtrAcct><Cdtr><Nm>David Krestovnikoff</Nm><PstlAdr><AdrLine>28 Shakespeare Road</AdrLine><Ctry/></PstlAdr></Cdtr><CdtrAcct><Id><PrtryAcct><Id>23008200460972</Id></PrtryAcct></Id></CdtrAcct><Prtry><Tp>PAYPAL CODE 2407</Tp><Pty/></Prtry></RltdPties><RmtInf><Strd><RfrdDocInf><RfrdDocTp><Prtry>002</Prtry></RfrdDocTp></RfrdDocInf><AddtlRmtInf>NO REF</AddtlRmtInf></Strd><Strd><AddtlRmtInf>PAYPAL CODE 2407//PAYPAL CODE 2407</AddtlRmtInf></Strd></RmtInf><RltdDts><TxDtTm>2018-09-28T14:40:29</TxDtTm></RltdDts><AddtlTxInf>PPRD00000000AQUSWA1020180928826235262</AddtlTxInf></TxDtls><AddtlNtryInf>COMPLETE//0000//002//CREDIT</AddtlNtryInf></Ntry><Ntry><Amt Ccy="GBP">90.00</Amt><CdtDbtInd>CRDT</CdtDbtInd><Sts>BOOK</Sts><BookgDt><Dt>2018-09-28</Dt></BookgDt><BkTxCd><Prtry><Cd>SIP UKBA CR 40269</Cd></Prtry></BkTxCd><TxDtls><Refs><EndToEndId>NOREF</EndToEndId><TxId>RP4679962522129800</TxId></Refs><RltdPties><Dbtr><Nm>DRAGAN C</Nm></Dbtr><DbtrAcct><Id><PrtryAcct><Id>20442200649457</Id></PrtryAcct></Id></DbtrAcct><Cdtr><Nm>ADRIAN SMART</Nm></Cdtr><CdtrAcct><Id><PrtryAcct><Id>23008200041260</Id></PrtryAcct></Id></CdtrAcct><Prtry><Tp>BOILER SERVICE</Tp><Pty/></Prtry></RltdPties><RmtInf><Strd><AddtlRmtInf>NO REF</AddtlRmtInf></Strd><Strd><AddtlRmtInf>DRAGAN C//BOILER SERVICE</AddtlRmtInf></Strd></RmtInf><RltdDts><TxDtTm>2018-09-28T14:40:32</TxDtTm></RltdDts><AddtlTxInf>RP46799625221298001020180928826200026</AddtlTxInf></TxDtls><AddtlNtryInf>COMPLETE//0000//002//CREDIT</AddtlNtryInf></Ntry><Ntry><Amt Ccy="GBP">200.00</Amt><CdtDbtInd>CRDT</CdtDbtInd><Sts>BOOK</Sts><BookgDt><Dt>2018-09-28</Dt></BookgDt><BkTxCd><Prtry><Cd>SIP UKBA CR 40269</Cd></Prtry></BkTxCd><TxDtls><Refs><EndToEndId>NOREF</EndToEndId><TxId>RP4679962522911300</TxId></Refs><RltdPties><Dbtr><Nm>MAHMOUT H</Nm></Dbtr><DbtrAcct><Id><PrtryAcct><Id>20701573324109</Id></PrtryAcct></Id></DbtrAcct><Cdtr><Nm>DIGITAL MONSTER LT</Nm></Cdtr><CdtrAcct><Id><PrtryAcct><Id>23008200041167</Id></PrtryAcct></Id></CdtrAcct><Prtry><Tp>MAHM1</Tp><Pty/></Prtry></RltdPties><RmtInf><Strd><AddtlRmtInf>NO REF</AddtlRmtInf></Strd><Strd><AddtlRmtInf>MAHMOUT H//MAHM1</AddtlRmtInf></Strd></RmtInf><RltdDts><TxDtTm>2018-09-28T14:45:01</TxDtTm></RltdDts><AddtlTxInf>RP46799625229113001020180928826200026</AddtlTxInf></TxDtls><AddtlNtryInf>COMPLETE//0000//002//CREDIT</AddtlNtryInf></Ntry><Ntry><Amt Ccy="GBP">0.01</Amt><CdtDbtInd>CRDT</CdtDbtInd><Sts>BOOK</Sts><BookgDt><Dt>2018-09-28</Dt></BookgDt><BkTxCd><Prtry><Cd>SIP UKBA CR 40269</Cd></Prtry></BkTxCd><TxDtls><Refs><EndToEndId>PPRD00000000AQUUNM</EndToEndId><TxId>PPRD00000000AQUUNM</TxId></Refs><RltdPties><Dbtr><Nm>PAYPAL CODE 9718</Nm><PstlAdr><AdrLine>2211 N 1st Street San Jose CA 95131</AdrLine><Ctry/></PstlAdr></Dbtr><DbtrAcct><Id><PrtryAcct><Id>23526285010101</Id></PrtryAcct></Id></DbtrAcct><Cdtr><Nm>Joseph Keirs</Nm><PstlAdr><AdrLine>74 Lonsdale Road</AdrLine><Ctry/></PstlAdr></Cdtr><CdtrAcct><Id><PrtryAcct><Id>23008200461508</Id></PrtryAcct></Id></CdtrAcct><Prtry><Tp>PAYPAL CODE 9718</Tp><Pty/></Prtry></RltdPties><RmtInf><Strd><RfrdDocInf><RfrdDocTp><Prtry>002</Prtry></RfrdDocTp></RfrdDocInf><AddtlRmtInf>NO REF</AddtlRmtInf></Strd><Strd><AddtlRmtInf>PAYPAL CODE 9718//PAYPAL CODE 9718</AddtlRmtInf></Strd></RmtInf><RltdDts><TxDtTm>2018-09-28T14:45:18</TxDtTm></RltdDts><AddtlTxInf>PPRD00000000AQUUNM1020180928826235262</AddtlTxInf></TxDtls><AddtlNtryInf>COMPLETE//0000//002//CREDIT</AddtlNtryInf></Ntry><Ntry><Amt Ccy="GBP">23.00</Amt><CdtDbtInd>CRDT</CdtDbtInd><Sts>BOOK</Sts><BookgDt><Dt>2018-09-28</Dt></BookgDt><BkTxCd><Prtry><Cd>SIP UKBA CR 40269</Cd></Prtry></BkTxCd><TxDtls><Refs><EndToEndId>HELLO</EndToEndId><TxId>59144943487531000N</TxId><Prtry><Tp>STO REF</Tp><Ref>0000</Ref></Prtry></Refs><RltdPties><Dbtr><Nm>SALIMU MB</Nm></Dbtr><DbtrAcct><Id><PrtryAcct><Id>60204545103100</Id></PrtryAcct></Id></DbtrAcct><Cdtr><Nm>MR CALVIN SALIMU</Nm></Cdtr><CdtrAcct><Id><PrtryAcct><Id>23008200239269</Id></PrtryAcct></Id></CdtrAcct><Prtry><Tp>HELLO</Tp><Pty/></Prtry></RltdPties><RmtInf><Strd><AddtlRmtInf>SALIMU MB         HELLO             VIA MOBILE - LVP</AddtlRmtInf></Strd><Strd><AddtlRmtInf>SALIMU MB//HELLO</AddtlRmtInf></Strd></RmtInf><RltdDts><TxDtTm>2018-09-28T14:49:43</TxDtTm></RltdDts><AddtlTxInf>59144943487531000N1020180928826602045</AddtlTxInf></TxDtls><AddtlNtryInf>COMPLETE//0000//002//CREDIT</AddtlNtryInf></Ntry><Ntry><Amt Ccy="GBP">160.00</Amt><CdtDbtInd>CRDT</CdtDbtInd><Sts>BOOK</Sts><BookgDt><Dt>2018-09-28</Dt></BookgDt><BkTxCd><Prtry><Cd>SIP UKBA CR 40269</Cd></Prtry></BkTxCd><TxDtls><Refs><EndToEndId>NOREF</EndToEndId><TxId>RP4659985571676100</TxId></Refs><RltdPties><Dbtr><Nm>BI SP+PH AC TRUS</Nm></Dbtr><DbtrAcct><Id><PrtryAcct><Id>20077460383627</Id></PrtryAcct></Id></DbtrAcct><Cdtr><Nm>RUMAI JOHNSON</Nm></Cdtr><CdtrAcct><Id><PrtryAcct><Id>23008200305584</Id></PrtryAcct></Id></CdtrAcct><Prtry><Tp>SB MAD</Tp><Pty/></Prtry></RltdPties><RmtInf><Strd><AddtlRmtInf>NO REF</AddtlRmtInf></Strd><Strd><AddtlRmtInf>BI SP+PH AC TRUS//SB MAD</AddtlRmtInf></Strd></RmtInf><RltdDts><TxDtTm>2018-09-28T14:50:46</TxDtTm></RltdDts><AddtlTxInf>RP46599855716761001020180928826200026</AddtlTxInf></TxDtls><AddtlNtryInf>COMPLETE//0000//002//CREDIT</AddtlNtryInf></Ntry><Ntry><Amt Ccy="GBP">1.80</Amt><CdtDbtInd>CRDT</CdtDbtInd><Sts>BOOK</Sts><BookgDt><Dt>2018-09-28</Dt></BookgDt><BkTxCd><Prtry><Cd>DCA UKBA CR 40269</Cd></Prtry></BkTxCd><TxDtls><Refs><EndToEndId>NOREF</EndToEndId><TxId>000000013702163901</TxId><Prtry><Tp>STO REF</Tp><Ref>6665</Ref></Prtry></Refs><RltdPties><Dbtr><Nm>HAMSAT NASSER</Nm></Dbtr><DbtrAcct><Id><PrtryAcct><Id>20035373152596</Id></PrtryAcct></Id></DbtrAcct><Cdtr><Nm>H NASSER</Nm></Cdtr><CdtrAcct><Id><PrtryAcct><Id>23008200309162</Id></PrtryAcct></Id></CdtrAcct><Prtry><Tp>SALESSS</Tp><Pty/></Prtry></RltdPties><RmtInf><Strd><AddtlRmtInf>NO REF</AddtlRmtInf></Strd><Strd><AddtlRmtInf>HAMSAT NASSER//SALESSS</AddtlRmtInf></Strd></RmtInf><RltdDts><TxDtTm>2018-09-28T14:52:36</TxDtTm></RltdDts><AddtlTxInf>0000000137021639015020180928826200353</AddtlTxInf></TxDtls><AddtlNtryInf>COMPLETE//0000//002//CREDIT</AddtlNtryInf></Ntry><Ntry><Amt Ccy="GBP">38.00</Amt><CdtDbtInd>CRDT</CdtDbtInd><Sts>BOOK</Sts><BookgDt><Dt>2018-09-28</Dt></BookgDt><BkTxCd><Prtry><Cd>SIP UKBA CR 40269</Cd></Prtry></BkTxCd><TxDtls><Refs><EndToEndId>NOREF</EndToEndId><TxId>RP4659985572237800</TxId></Refs><RltdPties><Dbtr><Nm>OLALEYE M</Nm></Dbtr><DbtrAcct><Id><PrtryAcct><Id>20262073928527</Id></PrtryAcct></Id></DbtrAcct><Cdtr><Nm>AIDAN</Nm></Cdtr><CdtrAcct><Id><PrtryAcct><Id>23008200473582</Id></PrtryAcct></Id></CdtrAcct><Prtry><Tp>DAVID</Tp><Pty/></Prtry></RltdPties><RmtInf><Strd><AddtlRmtInf>NO REF</AddtlRmtInf></Strd><Strd><AddtlRmtInf>OLALEYE M//DAVID</AddtlRmtInf></Strd></RmtInf><RltdDts><TxDtTm>2018-09-28T14:54:43</TxDtTm></RltdDts><AddtlTxInf>RP46599855722378001020180928826200026</AddtlTxInf></TxDtls><AddtlNtryInf>COMPLETE//0000//002//CREDIT</AddtlNtryInf></Ntry></Ntfctn></BkToCstmrDbtCdtNtfctnV01></Document>