<?xml version="1.0" encoding="UTF-8"?><Document xmlns:xsi="http://www.w3.org/2001/XMLSchema-instance" xmlns="urn:iso:std:iso:20022:tech:xsd:camt.054.001.01"><BkToCstmrDbtCdtNtfctnV01><GrpHdr><MsgId>80309K//12859</MsgId><CreDtTm>2018-09-14T21:00:00</CreDtTm></GrpHdr><Ntfctn><Id>80309K//12859//1</Id><CreDtTm>2018-09-14T21:00:00</CreDtTm><Acct><Id><PrtryAcct><Id>20594233939774</Id></PrtryAcct></Id><Ccy>GBP</Ccy></Acct><TxsSummry><TtlNtries><NbOfNtries>8</NbOfNtries><Sum>1925.50</Sum></TtlNtries><TtlCdtNtries><NbOfNtries>8</NbOfNtries><Sum>1925.50</Sum></TtlCdtNtries><TtlDbtNtries><NbOfNtries>0</NbOfNtries><Sum>0.00</Sum></TtlDbtNtries></TxsSummry><Ntry><Amt Ccy="GBP">13.00</Amt><CdtDbtInd>CRDT</CdtDbtInd><Sts>BOOK</Sts><BookgDt><Dt>2018-09-17</Dt></BookgDt><BkTxCd><Prtry><Cd>SIP UKBA CR 40269</Cd></Prtry></BkTxCd><TxDtls><Refs><EndToEndId>00153425632BVZZCKK</EndToEndId><TxId>00153425632BVZZCKK</TxId></Refs><RltdPties><Dbtr><Nm>ELLA PARTON</Nm></Dbtr><DbtrAcct><Id><PrtryAcct><Id>09012868505573</Id></PrtryAcct></Id></DbtrAcct><Cdtr><Nm>GEORGIA PARTON</Nm></Cdtr><CdtrAcct><Id><PrtryAcct><Id>23008200045626</Id></PrtryAcct></Id></CdtrAcct><Prtry><Tp>georgias money</Tp><Pty/></Prtry></RltdPties><RmtInf><Strd><AddtlRmtInf>NO REF</AddtlRmtInf></Strd><Strd><AddtlRmtInf>ELLA PARTON//georgias money</AddtlRmtInf></Strd></RmtInf><RltdDts><TxDtTm>2018-09-14T20:33:48</TxDtTm></RltdDts><AddtlTxInf>00153425632BVZZCKK1020180914826090128</AddtlTxInf></TxDtls><AddtlNtryInf>COMPLETE//0000//003//CREDIT</AddtlNtryInf></Ntry><Ntry><Amt Ccy="GBP">63.00</Amt><CdtDbtInd>CRDT</CdtDbtInd><Sts>BOOK</Sts><BookgDt><Dt>2018-09-17</Dt></BookgDt><BkTxCd><Prtry><Cd>SIP UKBA CR 40269</Cd></Prtry></BkTxCd><TxDtls><Refs><EndToEndId>NOREF</EndToEndId><TxId>FP18257O19820558</TxId></Refs><RltdPties><Dbtr><Nm>Fisher Rema</Nm></Dbtr><DbtrAcct><Id><PrtryAcct><Id>07024645395300</Id></PrtryAcct></Id></DbtrAcct><Cdtr><Nm>MISS TINA FISHER</Nm></Cdtr><CdtrAcct><Id><PrtryAcct><Id>23008200013489</Id></PrtryAcct></Id></CdtrAcct><Prtry><Tp>REMA</Tp><Pty/></Prtry></RltdPties><RmtInf><Strd><AddtlRmtInf>NO REF</AddtlRmtInf></Strd><Strd><AddtlRmtInf>Fisher Rema//REMA</AddtlRmtInf></Strd></RmtInf><RltdDts><TxDtTm>2018-09-14T20:41:39</TxDtTm></RltdDts><AddtlTxInf>FP18257O19820558  1020180914826070246</AddtlTxInf></TxDtls><AddtlNtryInf>COMPLETE//0000//003//CREDIT</AddtlNtryInf></Ntry><Ntry><Amt Ccy="GBP">20.00</Amt><CdtDbtInd>CRDT</CdtDbtInd><Sts>BOOK</Sts><BookgDt><Dt>2018-09-17</Dt></BookgDt><BkTxCd><Prtry><Cd>SIP UKBA CR 40269</Cd></Prtry></BkTxCd><TxDtls><Refs><EndToEndId>00151031632BBGTXCC</EndToEndId><TxId>00151031632BBGTXCC</TxId></Refs><RltdPties><Dbtr><Nm>MARTIN CAMPBELL</Nm></Dbtr><DbtrAcct><Id><PrtryAcct><Id>09012602998896</Id></PrtryAcct></Id></DbtrAcct><Cdtr><Nm>JOHNNY D</Nm></Cdtr><CdtrAcct><Id><PrtryAcct><Id>23008200167286</Id></PrtryAcct></Id></CdtrAcct><Prtry><Tp>matey</Tp><Pty/></Prtry></RltdPties><RmtInf><Strd><AddtlRmtInf>NO REF</AddtlRmtInf></Strd><Strd><AddtlRmtInf>MARTIN CAMPBELL//matey</AddtlRmtInf></Strd></RmtInf><RltdDts><TxDtTm>2018-09-14T20:42:22</TxDtTm></RltdDts><AddtlTxInf>00151031632BBGTXCC1020180914826090126</AddtlTxInf></TxDtls><AddtlNtryInf>COMPLETE//0000//003//CREDIT</AddtlNtryInf></Ntry><Ntry><Amt Ccy="GBP">56.00</Amt><CdtDbtInd>CRDT</CdtDbtInd><Sts>BOOK</Sts><BookgDt><Dt>2018-09-17</Dt></BookgDt><BkTxCd><Prtry><Cd>SIP UKBA CR 40269</Cd></Prtry></BkTxCd><TxDtls><Refs><EndToEndId>NOREF</EndToEndId><TxId>400000000393679941</TxId></Refs><RltdPties><Dbtr><Nm>D Flanagan</Nm></Dbtr><DbtrAcct><Id><PrtryAcct><Id>11052010659062</Id></PrtryAcct></Id></DbtrAcct><Cdtr><Nm>CRAIG</Nm></Cdtr><CdtrAcct><Id><PrtryAcct><Id>23008200165405</Id></PrtryAcct></Id></CdtrAcct><Prtry><Tp>CURRY</Tp><Pty/></Prtry></RltdPties><RmtInf><Strd><AddtlRmtInf>NO REF</AddtlRmtInf></Strd><Strd><AddtlRmtInf>D Flanagan//CURRY</AddtlRmtInf></Strd></RmtInf><RltdDts><TxDtTm>2018-09-14T20:43:42</TxDtTm></RltdDts><AddtlTxInf>4000000003936799411020180914826110520</AddtlTxInf></TxDtls><AddtlNtryInf>COMPLETE//0000//003//CREDIT</AddtlNtryInf></Ntry><Ntry><Amt Ccy="GBP">550.00</Amt><CdtDbtInd>CRDT</CdtDbtInd><Sts>BOOK</Sts><BookgDt><Dt>2018-09-17</Dt></BookgDt><BkTxCd><Prtry><Cd>SIP UKBA CR 40269</Cd></Prtry></BkTxCd><TxDtls><Refs><EndToEndId>WASHINGTON COMMS</EndToEndId><TxId>31204449340913000N</TxId><Prtry><Tp>STO REF</Tp><Ref>0000</Ref></Prtry></Refs><RltdPties><Dbtr><Nm>C K WASHINGTON</Nm></Dbtr><DbtrAcct><Id><PrtryAcct><Id>01063945141444</Id></PrtryAcct></Id></DbtrAcct><Cdtr><Nm>PETER WASHINGTON</Nm></Cdtr><CdtrAcct><Id><PrtryAcct><Id>23008200378937</Id></PrtryAcct></Id></CdtrAcct><Prtry><Tp>WASHINGTON COMMS</Tp><Pty/></Prtry></RltdPties><RmtInf><Strd><AddtlRmtInf>C K WASHINGTON    WASHINGTON COMMS  VIA MOBILE - PYMT</AddtlRmtInf></Strd><Strd><AddtlRmtInf>C K WASHINGTON//WASHINGTON COMMS</AddtlRmtInf></Strd></RmtInf><RltdDts><TxDtTm>2018-09-14T20:44:49</TxDtTm></RltdDts><AddtlTxInf>31204449340913000N1020180914826010639</AddtlTxInf></TxDtls><AddtlNtryInf>COMPLETE//0000//003//CREDIT</AddtlNtryInf></Ntry><Ntry><Amt Ccy="GBP">623.50</Amt><CdtDbtInd>CRDT</CdtDbtInd><Sts>BOOK</Sts><BookgDt><Dt>2018-09-17</Dt></BookgDt><BkTxCd><Prtry><Cd>SIP UKBA CR 40269</Cd></Prtry></BkTxCd><TxDtls><Refs><EndToEndId>NOREF</EndToEndId><TxId>500000000388883309</TxId></Refs><RltdPties><Dbtr><Nm>Frimley Table Tenn</Nm></Dbtr><DbtrAcct><Id><PrtryAcct><Id>30804222431068</Id></PrtryAcct></Id></DbtrAcct><Cdtr><Nm>CAPITAL ONE B S L</Nm></Cdtr><CdtrAcct><Id><PrtryAcct><Id>23008200223520</Id></PrtryAcct></Id></CdtrAcct><Prtry><Tp>FRIMLEY TT SHIRTS</Tp><Pty/></Prtry></RltdPties><RmtInf><Strd><AddtlRmtInf>NO REF</AddtlRmtInf></Strd><Strd><AddtlRmtInf>Frimley Table Tenn//FRIMLEY TT SHIRTS</AddtlRmtInf></Strd></RmtInf><RltdDts><TxDtTm>2018-09-14T20:46:59</TxDtTm></RltdDts><AddtlTxInf>5000000003888833091020180914826308042</AddtlTxInf></TxDtls><AddtlNtryInf>COMPLETE//0000//003//CREDIT</AddtlNtryInf></Ntry><Ntry><Amt Ccy="GBP">100.00</Amt><CdtDbtInd>CRDT</CdtDbtInd><Sts>BOOK</Sts><BookgDt><Dt>2018-09-17</Dt></BookgDt><BkTxCd><Prtry><Cd>SIP UKBA CR 40269</Cd></Prtry></BkTxCd><TxDtls><Refs><EndToEndId>ALAN</EndToEndId><TxId>35205101058219000R</TxId><Prtry><Tp>STO REF</Tp><Ref>0000</Ref></Prtry></Refs><RltdPties><Dbtr><Nm>BLAKE JL</Nm></Dbtr><DbtrAcct><Id><PrtryAcct><Id>16141710439705</Id></PrtryAcct></Id></DbtrAcct><Cdtr><Nm>DANIEL MORLEY</Nm></Cdtr><CdtrAcct><Id><PrtryAcct><Id>23008200338976</Id></PrtryAcct></Id></CdtrAcct><Prtry><Tp>ALAN</Tp><Pty/></Prtry></RltdPties><RmtInf><Strd><AddtlRmtInf>BLAKE JL          ALAN              VIA MOBILE - LVP</AddtlRmtInf></Strd><Strd><AddtlRmtInf>BLAKE JL//ALAN</AddtlRmtInf></Strd></RmtInf><RltdDts><TxDtTm>2018-09-14T20:51:01</TxDtTm></RltdDts><AddtlTxInf>35205101058219000R1020180914826161417</AddtlTxInf></TxDtls><AddtlNtryInf>COMPLETE//0000//003//CREDIT</AddtlNtryInf></Ntry><Ntry><Amt Ccy="GBP">500.00</Amt><CdtDbtInd>CRDT</CdtDbtInd><Sts>BOOK</Sts><BookgDt><Dt>2018-09-17</Dt></BookgDt><BkTxCd><Prtry><Cd>SIP UKBA CR 40269</Cd></Prtry></BkTxCd><TxDtls><Refs><EndToEndId>NOREF</EndToEndId><TxId>PUYFACMLT72E9G1IAA</TxId></Refs><RltdPties><Dbtr><Nm>Jahid Miah</Nm><PstlAdr><AdrLine>136 Meanley Road, E12 6AT</AdrLine><Ctry/></PstlAdr></Dbtr><DbtrAcct><Id><PrtryAcct><Id>04000488784158</Id></PrtryAcct></Id></DbtrAcct><Cdtr><Nm>S Muhaimin</Nm></Cdtr><CdtrAcct><Id><PrtryAcct><Id>23008200378490</Id></PrtryAcct></Id></CdtrAcct><Prtry><Tp>Amazon</Tp><Pty/></Prtry></RltdPties><RmtInf><Strd><AddtlRmtInf>NO REF</AddtlRmtInf></Strd><Strd><AddtlRmtInf>Jahid Miah//Amazon</AddtlRmtInf></Strd></RmtInf><RltdDts><TxDtTm>2018-09-14T20:53:45</TxDtTm></RltdDts><AddtlTxInf>PUYFACMLT72E9G1IAA1020180914826040004</AddtlTxInf></TxDtls><AddtlNtryInf>COMPLETE//0000//003//CREDIT</AddtlNtryInf></Ntry></Ntfctn></BkToCstmrDbtCdtNtfctnV01></Document>