<?xml version="1.0" encoding="UTF-8"?><Document xmlns:xsi="http://www.w3.org/2001/XMLSchema-instance" xmlns="urn:iso:std:iso:20022:tech:xsd:camt.054.001.01"><BkToCstmrDbtCdtNtfctnV01><GrpHdr><MsgId>80309K//12409</MsgId><CreDtTm>2018-09-04T13:00:00</CreDtTm></GrpHdr><Ntfctn><Id>80309K//12409//1</Id><CreDtTm>2018-09-04T13:00:00</CreDtTm><Acct><Id><PrtryAcct><Id>20594233939774</Id></PrtryAcct></Id><Ccy>GBP</Ccy></Acct><TxsSummry><TtlNtries><NbOfNtries>9</NbOfNtries><Sum>5810.02</Sum></TtlNtries><TtlCdtNtries><NbOfNtries>9</NbOfNtries><Sum>5810.02</Sum></TtlCdtNtries><TtlDbtNtries><NbOfNtries>0</NbOfNtries><Sum>0.00</Sum></TtlDbtNtries></TxsSummry><Ntry><Amt Ccy="GBP">5460.00</Amt><CdtDbtInd>CRDT</CdtDbtInd><Sts>BOOK</Sts><BookgDt><Dt>2018-09-04</Dt></BookgDt><BkTxCd><Prtry><Cd>SIP UKBA CR 40269</Cd></Prtry></BkTxCd><TxDtls><Refs><EndToEndId>NOREF</EndToEndId><TxId>RP4659983811876400</TxId></Refs><RltdPties><Dbtr><Nm>WMC HOME IMPVMTS</Nm></Dbtr><DbtrAcct><Id><PrtryAcct><Id>20454523423239</Id></PrtryAcct></Id></DbtrAcct><Cdtr><Nm>SJH</Nm></Cdtr><CdtrAcct><Id><PrtryAcct><Id>23008200043726</Id></PrtryAcct></Id></CdtrAcct><Prtry><Tp>BRIMFIELD</Tp><Pty/></Prtry></RltdPties><RmtInf><Strd><AddtlRmtInf>NO REF</AddtlRmtInf></Strd><Strd><AddtlRmtInf>WMC HOME IMPVMTS//BRIMFIELD</AddtlRmtInf></Strd></RmtInf><RltdDts><TxDtTm>2018-09-04T12:30:13</TxDtTm></RltdDts><AddtlTxInf>RP46599838118764001020180904826200026</AddtlTxInf></TxDtls><AddtlNtryInf>COMPLETE//0000//001//CREDIT</AddtlNtryInf></Ntry><Ntry><Amt Ccy="GBP">150.00</Amt><CdtDbtInd>CRDT</CdtDbtInd><Sts>BOOK</Sts><BookgDt><Dt>2018-09-04</Dt></BookgDt><BkTxCd><Prtry><Cd>SIP UKBA CR 40269</Cd></Prtry></BkTxCd><TxDtls><Refs><EndToEndId>00151391632BBFCPHQ</EndToEndId><TxId>00151391632BBFCPHQ</TxId></Refs><RltdPties><Dbtr><Nm>SOFIRI EZEKIEL HART</Nm></Dbtr><DbtrAcct><Id><PrtryAcct><Id>09012784955511</Id></PrtryAcct></Id></DbtrAcct><Cdtr><Nm>Jedidiah Global</Nm></Cdtr><CdtrAcct><Id><PrtryAcct><Id>23008200032558</Id></PrtryAcct></Id></CdtrAcct><Prtry><Tp>Sofiri E-Hart</Tp><Pty/></Prtry></RltdPties><RmtInf><Strd><AddtlRmtInf>NO REF</AddtlRmtInf></Strd><Strd><AddtlRmtInf>SOFIRI EZEKIEL HAR//Sofiri E-Hart</AddtlRmtInf></Strd></RmtInf><RltdDts><TxDtTm>2018-09-04T12:36:36</TxDtTm></RltdDts><AddtlTxInf>00151391632BBFCPHQ1020180904826090127</AddtlTxInf></TxDtls><AddtlNtryInf>COMPLETE//0000//001//CREDIT</AddtlNtryInf></Ntry><Ntry><Amt Ccy="GBP">0.01</Amt><CdtDbtInd>CRDT</CdtDbtInd><Sts>BOOK</Sts><BookgDt><Dt>2018-09-04</Dt></BookgDt><BkTxCd><Prtry><Cd>SIP UKBA CR 40269</Cd></Prtry></BkTxCd><TxDtls><Refs><EndToEndId>PPRD00000000AKP4VM</EndToEndId><TxId>PPRD00000000AKP4VM</TxId></Refs><RltdPties><Dbtr><Nm>PAYPAL CODE 3074</Nm><PstlAdr><AdrLine>2211 N 1st Street San Jose CA 95131</AdrLine><Ctry/></PstlAdr></Dbtr><DbtrAcct><Id><PrtryAcct><Id>23526285010101</Id></PrtryAcct></Id></DbtrAcct><Cdtr><Nm>Carla Sulemane</Nm><PstlAdr><AdrLine>91 Morland Estate Richmond road</AdrLine><Ctry/></PstlAdr></Cdtr><CdtrAcct><Id><PrtryAcct><Id>23008200429626</Id></PrtryAcct></Id></CdtrAcct><Prtry><Tp>PAYPAL CODE 3074</Tp><Pty/></Prtry></RltdPties><RmtInf><Strd><RfrdDocInf><RfrdDocTp><Prtry>002</Prtry></RfrdDocTp></RfrdDocInf><AddtlRmtInf>NO REF</AddtlRmtInf></Strd><Strd><AddtlRmtInf>PAYPAL CODE 3074//PAYPAL CODE 3074</AddtlRmtInf></Strd></RmtInf><RltdDts><TxDtTm>2018-09-04T12:38:36</TxDtTm></RltdDts><AddtlTxInf>PPRD00000000AKP4VM1020180904826235262</AddtlTxInf></TxDtls><AddtlNtryInf>COMPLETE//0000//001//CREDIT</AddtlNtryInf></Ntry><Ntry><Amt Ccy="GBP">30.00</Amt><CdtDbtInd>CRDT</CdtDbtInd><Sts>BOOK</Sts><BookgDt><Dt>2018-09-04</Dt></BookgDt><BkTxCd><Prtry><Cd>SIP UKBA CR 40269</Cd></Prtry></BkTxCd><TxDtls><Refs><EndToEndId>NOREF</EndToEndId><TxId>500000000385878090</TxId></Refs><RltdPties><Dbtr><Nm>D Hansen-Chambers</Nm></Dbtr><DbtrAcct><Id><PrtryAcct><Id>11139010585866</Id></PrtryAcct></Id></DbtrAcct><Cdtr><Nm>MR DANIEL M HAW</Nm></Cdtr><CdtrAcct><Id><PrtryAcct><Id>23008200179466</Id></PrtryAcct></Id></CdtrAcct><Prtry><Tp>RAY BANS</Tp><Pty/></Prtry></RltdPties><RmtInf><Strd><AddtlRmtInf>NO REF</AddtlRmtInf></Strd><Strd><AddtlRmtInf>D Hansen-Chambers//RAY BANS</AddtlRmtInf></Strd></RmtInf><RltdDts><TxDtTm>2018-09-04T12:41:01</TxDtTm></RltdDts><AddtlTxInf>5000000003858780901020180904826111390</AddtlTxInf></TxDtls><AddtlNtryInf>COMPLETE//0000//001//CREDIT</AddtlNtryInf></Ntry><Ntry><Amt Ccy="GBP">10.00</Amt><CdtDbtInd>CRDT</CdtDbtInd><Sts>BOOK</Sts><BookgDt><Dt>2018-09-04</Dt></BookgDt><BkTxCd><Prtry><Cd>SIP UKBA CR 40269</Cd></Prtry></BkTxCd><TxDtls><Refs><EndToEndId>NOREF</EndToEndId><TxId>200000000384211314</TxId></Refs><RltdPties><Dbtr><Nm>A Thornton</Nm></Dbtr><DbtrAcct><Id><PrtryAcct><Id>77720426138560</Id></PrtryAcct></Id></DbtrAcct><Cdtr><Nm>ANTHONY THORNTON</Nm></Cdtr><CdtrAcct><Id><PrtryAcct><Id>23008200127529</Id></PrtryAcct></Id></CdtrAcct><Prtry><Tp>A THORNTON</Tp><Pty/></Prtry></RltdPties><RmtInf><Strd><AddtlRmtInf>NO REF</AddtlRmtInf></Strd><Strd><AddtlRmtInf>A Thornton//A THORNTON</AddtlRmtInf></Strd></RmtInf><RltdDts><TxDtTm>2018-09-04T12:43:04</TxDtTm></RltdDts><AddtlTxInf>2000000003842113141020180904826777204</AddtlTxInf></TxDtls><AddtlNtryInf>COMPLETE//0000//001//CREDIT</AddtlNtryInf></Ntry><Ntry><Amt Ccy="GBP">90.00</Amt><CdtDbtInd>CRDT</CdtDbtInd><Sts>BOOK</Sts><BookgDt><Dt>2018-09-04</Dt></BookgDt><BkTxCd><Prtry><Cd>SIP UKBA CR 40269</Cd></Prtry></BkTxCd><TxDtls><Refs><EndToEndId>NOREF</EndToEndId><TxId>500000000385878826</TxId></Refs><RltdPties><Dbtr><Nm>A Neilly</Nm></Dbtr><DbtrAcct><Id><PrtryAcct><Id>80051607020911</Id></PrtryAcct></Id></DbtrAcct><Cdtr><Nm>TANYA</Nm></Cdtr><CdtrAcct><Id><PrtryAcct><Id>23008200356977</Id></PrtryAcct></Id></CdtrAcct><Prtry><Tp>BOOYAH</Tp><Pty/></Prtry></RltdPties><RmtInf><Strd><AddtlRmtInf>NO REF</AddtlRmtInf></Strd><Strd><AddtlRmtInf>A Neilly//BOOYAH</AddtlRmtInf></Strd></RmtInf><RltdDts><TxDtTm>2018-09-04T12:43:32</TxDtTm></RltdDts><AddtlTxInf>5000000003858788261020180904826800516</AddtlTxInf></TxDtls><AddtlNtryInf>COMPLETE//0000//001//CREDIT</AddtlNtryInf></Ntry><Ntry><Amt Ccy="GBP">30.00</Amt><CdtDbtInd>CRDT</CdtDbtInd><Sts>BOOK</Sts><BookgDt><Dt>2018-09-04</Dt></BookgDt><BkTxCd><Prtry><Cd>SIP UKBA CR 40269</Cd></Prtry></BkTxCd><TxDtls><Refs><EndToEndId>NOREF</EndToEndId><TxId>737975215421409001</TxId><Prtry><Tp>STO REF</Tp><Ref>0000</Ref></Prtry></Refs><RltdPties><Dbtr><Nm>NZIAMB</Nm></Dbtr><DbtrAcct><Id><PrtryAcct><Id>40063271717472</Id></PrtryAcct></Id></DbtrAcct><Cdtr><Nm>Geibin S</Nm></Cdtr><CdtrAcct><Id><PrtryAcct><Id>23008200206716</Id></PrtryAcct></Id></CdtrAcct><Prtry><Tp>Money owned</Tp><Pty/></Prtry></RltdPties><RmtInf><Strd><AddtlRmtInf>NO REF</AddtlRmtInf></Strd><Strd><AddtlRmtInf>NZIAMB//Money owned</AddtlRmtInf></Strd></RmtInf><RltdDts><TxDtTm>2018-09-04T12:45:12</TxDtTm></RltdDts><AddtlTxInf>7379752154214090011020180904826400632</AddtlTxInf></TxDtls><AddtlNtryInf>COMPLETE//0000//001//CREDIT</AddtlNtryInf></Ntry><Ntry><Amt Ccy="GBP">40.00</Amt><CdtDbtInd>CRDT</CdtDbtInd><Sts>BOOK</Sts><BookgDt><Dt>2018-09-04</Dt></BookgDt><BkTxCd><Prtry><Cd>SIP UKBA CR 40269</Cd></Prtry></BkTxCd><TxDtls><Refs><EndToEndId>NOREF</EndToEndId><TxId>RP4659983813561200</TxId></Refs><RltdPties><Dbtr><Nm>COX D M</Nm></Dbtr><DbtrAcct><Id><PrtryAcct><Id>20258540354198</Id></PrtryAcct></Id></DbtrAcct><Cdtr><Nm>DARREN COX</Nm></Cdtr><CdtrAcct><Id><PrtryAcct><Id>23008200204678</Id></PrtryAcct></Id></CdtrAcct><Prtry><Tp>ME</Tp><Pty/></Prtry></RltdPties><RmtInf><Strd><AddtlRmtInf>NO REF</AddtlRmtInf></Strd><Strd><AddtlRmtInf>COX D M//ME</AddtlRmtInf></Strd></RmtInf><RltdDts><TxDtTm>2018-09-04T12:49:27</TxDtTm></RltdDts><AddtlTxInf>RP46599838135612001020180904826200026</AddtlTxInf></TxDtls><AddtlNtryInf>COMPLETE//0000//001//CREDIT</AddtlNtryInf></Ntry><Ntry><Amt Ccy="GBP">0.01</Amt><CdtDbtInd>CRDT</CdtDbtInd><Sts>BOOK</Sts><BookgDt><Dt>2018-09-04</Dt></BookgDt><BkTxCd><Prtry><Cd>SIP UKBA CR 40269</Cd></Prtry></BkTxCd><TxDtls><Refs><EndToEndId>PPRD00000000AKPCHM</EndToEndId><TxId>PPRD00000000AKPCHM</TxId></Refs><RltdPties><Dbtr><Nm>PAYPAL CODE 8341</Nm><PstlAdr><AdrLine>2211 N 1st Street San Jose CA 95131</AdrLine><Ctry/></PstlAdr></Dbtr><DbtrAcct><Id><PrtryAcct><Id>23526285010101</Id></PrtryAcct></Id></DbtrAcct><Cdtr><Nm>David Juchau</Nm><PstlAdr><AdrLine>10 The Gallop</AdrLine><Ctry/></PstlAdr></Cdtr><CdtrAcct><Id><PrtryAcct><Id>23008200345381</Id></PrtryAcct></Id></CdtrAcct><Prtry><Tp>PAYPAL CODE 8341</Tp><Pty/></Prtry></RltdPties><RmtInf><Strd><RfrdDocInf><RfrdDocTp><Prtry>002</Prtry></RfrdDocTp></RfrdDocInf><AddtlRmtInf>NO REF</AddtlRmtInf></Strd><Strd><AddtlRmtInf>PAYPAL CODE 8341//PAYPAL CODE 8341</AddtlRmtInf></Strd></RmtInf><RltdDts><TxDtTm>2018-09-04T12:59:29</TxDtTm></RltdDts><AddtlTxInf>PPRD00000000AKPCHM1020180904826235262</AddtlTxInf></TxDtls><AddtlNtryInf>COMPLETE//0000//001//CREDIT</AddtlNtryInf></Ntry></Ntfctn></BkToCstmrDbtCdtNtfctnV01></Document>