<?xml version="1.0" encoding="UTF-8"?><Document xmlns:xsi="http://www.w3.org/2001/XMLSchema-instance" xmlns="urn:iso:std:iso:20022:tech:xsd:camt.054.001.01"><BkToCstmrDbtCdtNtfctnV01><GrpHdr><MsgId>80309K//12757</MsgId><CreDtTm>2018-09-12T16:00:00</CreDtTm></GrpHdr><Ntfctn><Id>80309K//12757//1</Id><CreDtTm>2018-09-12T16:00:00</CreDtTm><Acct><Id><PrtryAcct><Id>20594233939774</Id></PrtryAcct></Id><Ccy>GBP</Ccy></Acct><TxsSummry><TtlNtries><NbOfNtries>9</NbOfNtries><Sum>6708.12</Sum></TtlNtries><TtlCdtNtries><NbOfNtries>9</NbOfNtries><Sum>6708.12</Sum></TtlCdtNtries><TtlDbtNtries><NbOfNtries>0</NbOfNtries><Sum>0.00</Sum></TtlDbtNtries></TxsSummry><Ntry><Amt Ccy="GBP">5000.00</Amt><CdtDbtInd>CRDT</CdtDbtInd><Sts>BOOK</Sts><BookgDt><Dt>2018-09-12</Dt></BookgDt><BkTxCd><Prtry><Cd>SIP UKBA CR 40269</Cd></Prtry></BkTxCd><TxDtls><Refs><EndToEndId>STARLING-YZ5LP2LMGDG8N7OE80</EndToEndId><TxId>YZ5LP2LMGDG8N7OE80</TxId></Refs><RltdPties><Dbtr><Nm>William Turner</Nm></Dbtr><DbtrAcct><Id><PrtryAcct><Id>60837131111149</Id></PrtryAcct></Id></DbtrAcct><Cdtr><Nm>Bill Turner</Nm></Cdtr><CdtrAcct><Id><PrtryAcct><Id>23008200364130</Id></PrtryAcct></Id></CdtrAcct><Prtry><Tp>topup</Tp><Pty/></Prtry></RltdPties><RmtInf><Strd><AddtlRmtInf>NO REF</AddtlRmtInf></Strd><Strd><AddtlRmtInf>William Turner//topup</AddtlRmtInf></Strd></RmtInf><RltdDts><TxDtTm>2018-09-12T15:30:35</TxDtTm></RltdDts><AddtlTxInf>YZ5LP2LMGDG8N7OE801020180912826608371</AddtlTxInf></TxDtls><AddtlNtryInf>COMPLETE//0000//002//CREDIT</AddtlNtryInf></Ntry><Ntry><Amt Ccy="GBP">0.01</Amt><CdtDbtInd>CRDT</CdtDbtInd><Sts>BOOK</Sts><BookgDt><Dt>2018-09-12</Dt></BookgDt><BkTxCd><Prtry><Cd>SIP UKBA CR 40269</Cd></Prtry></BkTxCd><TxDtls><Refs><EndToEndId>PPRD00000000AMSSBA</EndToEndId><TxId>PPRD00000000AMSSBA</TxId></Refs><RltdPties><Dbtr><Nm>PAYPAL CODE 4562</Nm><PstlAdr><AdrLine>2211 N 1st Street San Jose CA 95131</AdrLine><Ctry/></PstlAdr></Dbtr><DbtrAcct><Id><PrtryAcct><Id>23526285010101</Id></PrtryAcct></Id></DbtrAcct><Cdtr><Nm>AMX Global Europe EU Ltd</Nm><PstlAdr><AdrLine>5 Hattons Court</AdrLine><Ctry/></PstlAdr></Cdtr><CdtrAcct><Id><PrtryAcct><Id>23008200224939</Id></PrtryAcct></Id></CdtrAcct><Prtry><Tp>PAYPAL CODE 4562</Tp><Pty/></Prtry></RltdPties><RmtInf><Strd><RfrdDocInf><RfrdDocTp><Prtry>002</Prtry></RfrdDocTp></RfrdDocInf><AddtlRmtInf>NO REF</AddtlRmtInf></Strd><Strd><AddtlRmtInf>PAYPAL CODE 4562//PAYPAL CODE 4562</AddtlRmtInf></Strd></RmtInf><RltdDts><TxDtTm>2018-09-12T15:32:55</TxDtTm></RltdDts><AddtlTxInf>PPRD00000000AMSSBA1020180912826235262</AddtlTxInf></TxDtls><AddtlNtryInf>COMPLETE//0000//002//CREDIT</AddtlNtryInf></Ntry><Ntry><Amt Ccy="GBP">50.00</Amt><CdtDbtInd>CRDT</CdtDbtInd><Sts>BOOK</Sts><BookgDt><Dt>2018-09-12</Dt></BookgDt><BkTxCd><Prtry><Cd>SIP UKBA CR 40269</Cd></Prtry></BkTxCd><TxDtls><Refs><EndToEndId>MPRELE</EndToEndId><TxId>34154034594327000R</TxId><Prtry><Tp>STO REF</Tp><Ref>0000</Ref></Prtry></Refs><RltdPties><Dbtr><Nm>PRELE M /BSC</Nm></Dbtr><DbtrAcct><Id><PrtryAcct><Id>83262200617369</Id></PrtryAcct></Id></DbtrAcct><Cdtr><Nm>ARRO MP</Nm></Cdtr><CdtrAcct><Id><PrtryAcct><Id>23008200428079</Id></PrtryAcct></Id></CdtrAcct><Prtry><Tp>MPRELE</Tp><Pty/></Prtry></RltdPties><RmtInf><Strd><AddtlRmtInf>PRELE M /BSC      MPRELE            VIA ONLINE - PYMT</AddtlRmtInf></Strd><Strd><AddtlRmtInf>PRELE M /BSC//MPRELE</AddtlRmtInf></Strd></RmtInf><RltdDts><TxDtTm>2018-09-12T15:40:34</TxDtTm></RltdDts><AddtlTxInf>34154034594327000R1020180912826832622</AddtlTxInf></TxDtls><AddtlNtryInf>COMPLETE//0000//002//CREDIT</AddtlNtryInf></Ntry><Ntry><Amt Ccy="GBP">120.00</Amt><CdtDbtInd>CRDT</CdtDbtInd><Sts>BOOK</Sts><BookgDt><Dt>2018-09-12</Dt></BookgDt><BkTxCd><Prtry><Cd>SIP UKBA CR 40269</Cd></Prtry></BkTxCd><TxDtls><Refs><EndToEndId>NOREF</EndToEndId><TxId>RP4659984394044700</TxId></Refs><RltdPties><Dbtr><Nm>VAPE DUTY FR LTD</Nm></Dbtr><DbtrAcct><Id><PrtryAcct><Id>20632853251128</Id></PrtryAcct></Id></DbtrAcct><Cdtr><Nm>NATALIA BIROOVA</Nm></Cdtr><CdtrAcct><Id><PrtryAcct><Id>23008200187243</Id></PrtryAcct></Id></CdtrAcct><Prtry><Tp>DESIGN WORK</Tp><Pty/></Prtry></RltdPties><RmtInf><Strd><AddtlRmtInf>NO REF</AddtlRmtInf></Strd><Strd><AddtlRmtInf>VAPE DUTY FR LTD//DESIGN WORK</AddtlRmtInf></Strd></RmtInf><RltdDts><TxDtTm>2018-09-12T15:45:24</TxDtTm></RltdDts><AddtlTxInf>RP46599843940447001020180912826200026</AddtlTxInf></TxDtls><AddtlNtryInf>COMPLETE//0000//002//CREDIT</AddtlNtryInf></Ntry><Ntry><Amt Ccy="GBP">1400.00</Amt><CdtDbtInd>CRDT</CdtDbtInd><Sts>BOOK</Sts><BookgDt><Dt>2018-09-12</Dt></BookgDt><BkTxCd><Prtry><Cd>SIP UKBA CR 40269</Cd></Prtry></BkTxCd><TxDtls><Refs><EndToEndId>NOREF</EndToEndId><TxId>RP4659984394433100</TxId></Refs><RltdPties><Dbtr><Nm>KINGSPARK L T/AS</Nm></Dbtr><DbtrAcct><Id><PrtryAcct><Id>20339620139939</Id></PrtryAcct></Id></DbtrAcct><Cdtr><Nm>JAMIR MCINTEE</Nm></Cdtr><CdtrAcct><Id><PrtryAcct><Id>23008200414391</Id></PrtryAcct></Id></CdtrAcct><Prtry><Tp>ALARM FITTING</Tp><Pty/></Prtry></RltdPties><RmtInf><Strd><AddtlRmtInf>NO REF</AddtlRmtInf></Strd><Strd><AddtlRmtInf>KINGSPARK L T/AS//ALARM FITTING</AddtlRmtInf></Strd></RmtInf><RltdDts><TxDtTm>2018-09-12T15:51:18</TxDtTm></RltdDts><AddtlTxInf>RP46599843944331001020180912826200026</AddtlTxInf></TxDtls><AddtlNtryInf>COMPLETE//0000//002//CREDIT</AddtlNtryInf></Ntry><Ntry><Amt Ccy="GBP">8.00</Amt><CdtDbtInd>CRDT</CdtDbtInd><Sts>BOOK</Sts><BookgDt><Dt>2018-09-12</Dt></BookgDt><BkTxCd><Prtry><Cd>DCA UKBA CR 40269</Cd></Prtry></BkTxCd><TxDtls><Refs><EndToEndId>NOREF</EndToEndId><TxId>000000013549205401</TxId><Prtry><Tp>STO REF</Tp><Ref>5719</Ref></Prtry></Refs><RltdPties><Dbtr><Nm>ASIF JAMIL</Nm></Dbtr><DbtrAcct><Id><PrtryAcct><Id>20035373152596</Id></PrtryAcct></Id></DbtrAcct><Cdtr><Nm>ROBEL MIAH</Nm></Cdtr><CdtrAcct><Id><PrtryAcct><Id>23008200305367</Id></PrtryAcct></Id></CdtrAcct><Prtry><Tp>ROBEL MIAH</Tp><Pty/></Prtry></RltdPties><RmtInf><Strd><AddtlRmtInf>NO REF</AddtlRmtInf></Strd><Strd><AddtlRmtInf>ASIF JAMIL//ROBEL MIAH</AddtlRmtInf></Strd></RmtInf><RltdDts><TxDtTm>2018-09-12T15:52:31</TxDtTm></RltdDts><AddtlTxInf>0000000135492054015020180912826200353</AddtlTxInf></TxDtls><AddtlNtryInf>COMPLETE//0000//002//CREDIT</AddtlNtryInf></Ntry><Ntry><Amt Ccy="GBP">120.00</Amt><CdtDbtInd>CRDT</CdtDbtInd><Sts>BOOK</Sts><BookgDt><Dt>2018-09-12</Dt></BookgDt><BkTxCd><Prtry><Cd>SIP UKBA CR 40269</Cd></Prtry></BkTxCd><TxDtls><Refs><EndToEndId>NOREF</EndToEndId><TxId>600000000387865578</TxId></Refs><RltdPties><Dbtr><Nm>Z Farkas</Nm></Dbtr><DbtrAcct><Id><PrtryAcct><Id>11003711228665</Id></PrtryAcct></Id></DbtrAcct><Cdtr><Nm>MR ZOLTAN FARKAS</Nm></Cdtr><CdtrAcct><Id><PrtryAcct><Id>23008200100159</Id></PrtryAcct></Id></CdtrAcct><Prtry><Tp>00100159</Tp><Pty/></Prtry></RltdPties><RmtInf><Strd><AddtlRmtInf>NO REF</AddtlRmtInf></Strd><Strd><AddtlRmtInf>Z Farkas//00100159</AddtlRmtInf></Strd></RmtInf><RltdDts><TxDtTm>2018-09-12T15:53:14</TxDtTm></RltdDts><AddtlTxInf>6000000003878655781020180912826110037</AddtlTxInf></TxDtls><AddtlNtryInf>COMPLETE//0000//002//CREDIT</AddtlNtryInf></Ntry><Ntry><Amt Ccy="GBP">10.00</Amt><CdtDbtInd>CRDT</CdtDbtInd><Sts>BOOK</Sts><BookgDt><Dt>2018-09-12</Dt></BookgDt><BkTxCd><Prtry><Cd>SIP UKBA CR 40269</Cd></Prtry></BkTxCd><TxDtls><Refs><EndToEndId>00151387632BBDBPBD</EndToEndId><TxId>00151387632BBDBPBD</TxId></Refs><RltdPties><Dbtr><Nm>GRAHAM WALKER</Nm></Dbtr><DbtrAcct><Id><PrtryAcct><Id>09012879419182</Id></PrtryAcct></Id></DbtrAcct><Cdtr><Nm>will</Nm></Cdtr><CdtrAcct><Id><PrtryAcct><Id>23008200433862</Id></PrtryAcct></Id></CdtrAcct><Prtry><Tp>Graham Walker Raff</Tp><Pty/></Prtry></RltdPties><RmtInf><Strd><AddtlRmtInf>NO REF</AddtlRmtInf></Strd><Strd><AddtlRmtInf>GRAHAM WALKER//Graham Walker Raff</AddtlRmtInf></Strd></RmtInf><RltdDts><TxDtTm>2018-09-12T15:53:18</TxDtTm></RltdDts><AddtlTxInf>00151387632BBDBPBD1020180912826090128</AddtlTxInf></TxDtls><AddtlNtryInf>COMPLETE//0000//002//CREDIT</AddtlNtryInf></Ntry><Ntry><Amt Ccy="GBP">0.11</Amt><CdtDbtInd>CRDT</CdtDbtInd><Sts>BOOK</Sts><BookgDt><Dt>2018-09-12</Dt></BookgDt><BkTxCd><Prtry><Cd>SIP UKBA CR 40269</Cd></Prtry></BkTxCd><TxDtls><Refs><EndToEndId>NOREF</EndToEndId><TxId>300000000391798016</TxId></Refs><RltdPties><Dbtr><Nm>V Derbyshire</Nm></Dbtr><DbtrAcct><Id><PrtryAcct><Id>11007311113664</Id></PrtryAcct></Id></DbtrAcct><Cdtr><Nm>G DERBYSHIRE</Nm></Cdtr><CdtrAcct><Id><PrtryAcct><Id>23008200442254</Id></PrtryAcct></Id></CdtrAcct><Prtry><Tp>BANK</Tp><Pty/></Prtry></RltdPties><RmtInf><Strd><AddtlRmtInf>NO REF</AddtlRmtInf></Strd><Strd><AddtlRmtInf>V Derbyshire//BANK</AddtlRmtInf></Strd></RmtInf><RltdDts><TxDtTm>2018-09-12T15:59:51</TxDtTm></RltdDts><AddtlTxInf>3000000003917980161020180912826110073</AddtlTxInf></TxDtls><AddtlNtryInf>COMPLETE//0000//002//CREDIT</AddtlNtryInf></Ntry></Ntfctn></BkToCstmrDbtCdtNtfctnV01></Document>