<?xml version="1.0" encoding="UTF-8"?><Document xmlns:xsi="http://www.w3.org/2001/XMLSchema-instance" xmlns="urn:iso:std:iso:20022:tech:xsd:camt.054.001.01"><BkToCstmrDbtCdtNtfctnV01><GrpHdr><MsgId>80309K//12812</MsgId><CreDtTm>2018-09-13T21:00:00</CreDtTm></GrpHdr><Ntfctn><Id>80309K//12812//1</Id><CreDtTm>2018-09-13T21:00:00</CreDtTm><Acct><Id><PrtryAcct><Id>20594233939774</Id></PrtryAcct></Id><Ccy>GBP</Ccy></Acct><TxsSummry><TtlNtries><NbOfNtries>4</NbOfNtries><Sum>401.00</Sum></TtlNtries><TtlCdtNtries><NbOfNtries>4</NbOfNtries><Sum>401.00</Sum></TtlCdtNtries><TtlDbtNtries><NbOfNtries>0</NbOfNtries><Sum>0.00</Sum></TtlDbtNtries></TxsSummry><Ntry><Amt Ccy="GBP">40.00</Amt><CdtDbtInd>CRDT</CdtDbtInd><Sts>BOOK</Sts><BookgDt><Dt>2018-09-14</Dt></BookgDt><BkTxCd><Prtry><Cd>SIP UKBA CR 40269</Cd></Prtry></BkTxCd><TxDtls><Refs><EndToEndId>00152050632BBCGKHS</EndToEndId><TxId>00152050632BBCGKHS</TxId></Refs><RltdPties><Dbtr><Nm>PAMELA VINCE</Nm></Dbtr><DbtrAcct><Id><PrtryAcct><Id>09012724314358</Id></PrtryAcct></Id></DbtrAcct><Cdtr><Nm>Kim</Nm></Cdtr><CdtrAcct><Id><PrtryAcct><Id>23008200081546</Id></PrtryAcct></Id></CdtrAcct><Prtry><Tp>Kimbo</Tp><Pty/></Prtry></RltdPties><RmtInf><Strd><AddtlRmtInf>NO REF</AddtlRmtInf></Strd><Strd><AddtlRmtInf>PAMELA VINCE//Kimbo</AddtlRmtInf></Strd></RmtInf><RltdDts><TxDtTm>2018-09-13T20:43:10</TxDtTm></RltdDts><AddtlTxInf>00152050632BBCGKHS1020180913826090127</AddtlTxInf></TxDtls><AddtlNtryInf>COMPLETE//0000//003//CREDIT</AddtlNtryInf></Ntry><Ntry><Amt Ccy="GBP">158.00</Amt><CdtDbtInd>CRDT</CdtDbtInd><Sts>BOOK</Sts><BookgDt><Dt>2018-09-14</Dt></BookgDt><BkTxCd><Prtry><Cd>SIP UKBA CR 40269</Cd></Prtry></BkTxCd><TxDtls><Refs><EndToEndId>NOREF</EndToEndId><TxId>100000000386820570</TxId></Refs><RltdPties><Dbtr><Nm>O Adegboye</Nm></Dbtr><DbtrAcct><Id><PrtryAcct><Id>77404275507162</Id></PrtryAcct></Id></DbtrAcct><Cdtr><Nm>GLOBAL</Nm></Cdtr><CdtrAcct><Id><PrtryAcct><Id>23008200032558</Id></PrtryAcct></Id></CdtrAcct><Prtry><Tp>KUNLE</Tp><Pty/></Prtry></RltdPties><RmtInf><Strd><AddtlRmtInf>NO REF</AddtlRmtInf></Strd><Strd><AddtlRmtInf>O Adegboye//KUNLE</AddtlRmtInf></Strd></RmtInf><RltdDts><TxDtTm>2018-09-13T20:45:54</TxDtTm></RltdDts><AddtlTxInf>1000000003868205701020180913826774042</AddtlTxInf></TxDtls><AddtlNtryInf>COMPLETE//0000//003//CREDIT</AddtlNtryInf></Ntry><Ntry><Amt Ccy="GBP">200.00</Amt><CdtDbtInd>CRDT</CdtDbtInd><Sts>BOOK</Sts><BookgDt><Dt>2018-09-14</Dt></BookgDt><BkTxCd><Prtry><Cd>SIP UKBA CR 40269</Cd></Prtry></BkTxCd><TxDtls><Refs><EndToEndId>STEVE</EndToEndId><TxId>64205339607960000N</TxId><Prtry><Tp>STO REF</Tp><Ref>0000</Ref></Prtry></Refs><RltdPties><Dbtr><Nm>OULTON SR</Nm></Dbtr><DbtrAcct><Id><PrtryAcct><Id>55811686072625</Id></PrtryAcct></Id></DbtrAcct><Cdtr><Nm>JORDAN WINTER</Nm></Cdtr><CdtrAcct><Id><PrtryAcct><Id>23008200011907</Id></PrtryAcct></Id></CdtrAcct><Prtry><Tp>STEVE</Tp><Pty/></Prtry></RltdPties><RmtInf><Strd><AddtlRmtInf>OULTON SR         STEVE             VIA MOBILE - LVP</AddtlRmtInf></Strd><Strd><AddtlRmtInf>OULTON SR//STEVE</AddtlRmtInf></Strd></RmtInf><RltdDts><TxDtTm>2018-09-13T20:53:39</TxDtTm></RltdDts><AddtlTxInf>64205339607960000N1020180913826558116</AddtlTxInf></TxDtls><AddtlNtryInf>COMPLETE//0000//003//CREDIT</AddtlNtryInf></Ntry><Ntry><Amt Ccy="GBP">3.00</Amt><CdtDbtInd>CRDT</CdtDbtInd><Sts>BOOK</Sts><BookgDt><Dt>2018-09-14</Dt></BookgDt><BkTxCd><Prtry><Cd>SIP UKBA CR 40269</Cd></Prtry></BkTxCd><TxDtls><Refs><EndToEndId>ARRO</EndToEndId><TxId>21205401892653000R</TxId><Prtry><Tp>STO REF</Tp><Ref>0000</Ref></Prtry></Refs><RltdPties><Dbtr><Nm>KARKI P</Nm></Dbtr><DbtrAcct><Id><PrtryAcct><Id>83152610095329</Id></PrtryAcct></Id></DbtrAcct><Cdtr><Nm>PK MASTER CARD</Nm></Cdtr><CdtrAcct><Id><PrtryAcct><Id>23008200444051</Id></PrtryAcct></Id></CdtrAcct><Prtry><Tp>ARRO</Tp><Pty/></Prtry></RltdPties><RmtInf><Strd><AddtlRmtInf>KARKI P           ARRO              VIA MOBILE - LVP</AddtlRmtInf></Strd><Strd><AddtlRmtInf>KARKI P//ARRO</AddtlRmtInf></Strd></RmtInf><RltdDts><TxDtTm>2018-09-13T20:54:02</TxDtTm></RltdDts><AddtlTxInf>21205401892653000R1020180913826831526</AddtlTxInf></TxDtls><AddtlNtryInf>COMPLETE//0000//003//CREDIT</AddtlNtryInf></Ntry></Ntfctn></BkToCstmrDbtCdtNtfctnV01></Document>