<?xml version="1.0" encoding="UTF-8"?><Document xmlns:xsi="http://www.w3.org/2001/XMLSchema-instance" xmlns="urn:iso:std:iso:20022:tech:xsd:camt.054.001.01"><BkToCstmrDbtCdtNtfctnV01><GrpHdr><MsgId>80309K//13125</MsgId><CreDtTm>2018-09-21T02:00:00</CreDtTm></GrpHdr><Ntfctn><Id>80309K//13125//1</Id><CreDtTm>2018-09-21T02:00:00</CreDtTm><Acct><Id><PrtryAcct><Id>20594233939774</Id></PrtryAcct></Id><Ccy>GBP</Ccy></Acct><TxsSummry><TtlNtries><NbOfNtries>5</NbOfNtries><Sum>1716.01</Sum></TtlNtries><TtlCdtNtries><NbOfNtries>5</NbOfNtries><Sum>1716.01</Sum></TtlCdtNtries><TtlDbtNtries><NbOfNtries>0</NbOfNtries><Sum>0.00</Sum></TtlDbtNtries></TxsSummry><Ntry><Amt Ccy="GBP">819.00</Amt><CdtDbtInd>CRDT</CdtDbtInd><Sts>BOOK</Sts><BookgDt><Dt>2018-09-21</Dt></BookgDt><BkTxCd><Prtry><Cd>STO UKBA CR 40267</Cd></Prtry></BkTxCd><TxDtls><Refs><EndToEndId>NOREF</EndToEndId><TxId>100000000388870222</TxId></Refs><RltdPties><Dbtr><Nm>BESTSTAFF LIMITED</Nm></Dbtr><DbtrAcct><Id><PrtryAcct><Id>30995100529304</Id></PrtryAcct></Id></DbtrAcct><Cdtr><Nm>ZAVACZKI SMART REP</Nm></Cdtr><CdtrAcct><Id><PrtryAcct><Id>23008200037468</Id></PrtryAcct></Id></CdtrAcct><Prtry><Tp>18/37</Tp><Pty/></Prtry></RltdPties><RmtInf><Strd><AddtlRmtInf>NO REF</AddtlRmtInf></Strd><Strd><AddtlRmtInf>BESTSTAFF LIMITED//18/37</AddtlRmtInf></Strd></RmtInf><RltdDts><TxDtTm>2018-09-21T01:36:03</TxDtTm></RltdDts><AddtlTxInf>1000000003888702223020180921826309951</AddtlTxInf></TxDtls><AddtlNtryInf>COMPLETE//0000//003//CREDIT</AddtlNtryInf></Ntry><Ntry><Amt Ccy="GBP">467.00</Amt><CdtDbtInd>CRDT</CdtDbtInd><Sts>BOOK</Sts><BookgDt><Dt>2018-09-21</Dt></BookgDt><BkTxCd><Prtry><Cd>STO UKBA CR 40267</Cd></Prtry></BkTxCd><TxDtls><Refs><EndToEndId>NOREF</EndToEndId><TxId>200000000388862487</TxId></Refs><RltdPties><Dbtr><Nm>BESTSTAFF LIMITED</Nm></Dbtr><DbtrAcct><Id><PrtryAcct><Id>30995100529304</Id></PrtryAcct></Id></DbtrAcct><Cdtr><Nm>QUICKFIT &amp; RB LTD</Nm></Cdtr><CdtrAcct><Id><PrtryAcct><Id>23008200222230</Id></PrtryAcct></Id></CdtrAcct><Prtry><Tp>QUICKFIT 18/37</Tp><Pty/></Prtry></RltdPties><RmtInf><Strd><AddtlRmtInf>NO REF</AddtlRmtInf></Strd><Strd><AddtlRmtInf>BESTSTAFF LIMITED//QUICKFIT 18/37</AddtlRmtInf></Strd></RmtInf><RltdDts><TxDtTm>2018-09-21T01:36:12</TxDtTm></RltdDts><AddtlTxInf>2000000003888624873020180921826309951</AddtlTxInf></TxDtls><AddtlNtryInf>COMPLETE//0000//003//CREDIT</AddtlNtryInf></Ntry><Ntry><Amt Ccy="GBP">250.00</Amt><CdtDbtInd>CRDT</CdtDbtInd><Sts>BOOK</Sts><BookgDt><Dt>2018-09-21</Dt></BookgDt><BkTxCd><Prtry><Cd>STO UKBA CR 40267</Cd></Prtry></BkTxCd><TxDtls><Refs><EndToEndId>NOREF</EndToEndId><TxId>RP4653185038538000</TxId></Refs><RltdPties><Dbtr><Nm>SPT + BSC SUBSC</Nm></Dbtr><DbtrAcct><Id><PrtryAcct><Id>20803360762903</Id></PrtryAcct></Id></DbtrAcct><Cdtr><Nm>CHESHIRE COMMUNITY</Nm></Cdtr><CdtrAcct><Id><PrtryAcct><Id>23008200001288</Id></PrtryAcct></Id></CdtrAcct><Prtry><Tp>41000</Tp><Pty/></Prtry></RltdPties><RmtInf><Strd><AddtlRmtInf>NO REF</AddtlRmtInf></Strd><Strd><AddtlRmtInf>SPT + BSC SUBSC//41000</AddtlRmtInf></Strd></RmtInf><RltdDts><TxDtTm>2018-09-21T01:38:29</TxDtTm></RltdDts><AddtlTxInf>RP46531850385380003020180921826200026</AddtlTxInf></TxDtls><AddtlNtryInf>COMPLETE//0000//003//CREDIT</AddtlNtryInf></Ntry><Ntry><Amt Ccy="GBP">180.00</Amt><CdtDbtInd>CRDT</CdtDbtInd><Sts>BOOK</Sts><BookgDt><Dt>2018-09-21</Dt></BookgDt><BkTxCd><Prtry><Cd>STO UKBA CR 40267</Cd></Prtry></BkTxCd><TxDtls><Refs><EndToEndId>NOREF</EndToEndId><TxId>YBSOX0149142369580</TxId></Refs><RltdPties><Dbtr><Nm>KAREN CALVERT</Nm></Dbtr><DbtrAcct><Id><PrtryAcct><Id>05070214077175</Id></PrtryAcct></Id></DbtrAcct><Cdtr><Nm>CAMERON CALVERT</Nm></Cdtr><CdtrAcct><Id><PrtryAcct><Id>23008200137682</Id></PrtryAcct></Id></CdtrAcct><Prtry><Tp>WAGE</Tp><Pty/></Prtry></RltdPties><RmtInf><Strd><RfrdDocInf><RfrdDocTp><Prtry>003</Prtry></RfrdDocTp></RfrdDocInf><AddtlRmtInf>NO REF</AddtlRmtInf></Strd><Strd><AddtlRmtInf>KAREN CALVERT//WAGE</AddtlRmtInf></Strd></RmtInf><RltdDts><TxDtTm>2018-09-21T01:49:15</TxDtTm></RltdDts><AddtlTxInf>YBSOX01491423695803020180921826050702</AddtlTxInf></TxDtls><AddtlNtryInf>COMPLETE//0000//003//CREDIT</AddtlNtryInf></Ntry><Ntry><Amt Ccy="GBP">0.01</Amt><CdtDbtInd>CRDT</CdtDbtInd><Sts>BOOK</Sts><BookgDt><Dt>2018-09-21</Dt></BookgDt><BkTxCd><Prtry><Cd>SIP UKBA CR 40269</Cd></Prtry></BkTxCd><TxDtls><Refs><EndToEndId>PPRD00000000AOYFAC</EndToEndId><TxId>PPRD00000000AOYFAC</TxId></Refs><RltdPties><Dbtr><Nm>PAYPAL CODE 4048</Nm><PstlAdr><AdrLine>2211 N 1st Street San Jose CA 95131</AdrLine><Ctry/></PstlAdr></Dbtr><DbtrAcct><Id><PrtryAcct><Id>23526285010101</Id></PrtryAcct></Id></DbtrAcct><Cdtr><Nm>Sk. Md. Asraful MAHMUD</Nm><PstlAdr><AdrLine>265B East India Dock Road</AdrLine><Ctry/></PstlAdr></Cdtr><CdtrAcct><Id><PrtryAcct><Id>23008200210817</Id></PrtryAcct></Id></CdtrAcct><Prtry><Tp>PAYPAL CODE 4048</Tp><Pty/></Prtry></RltdPties><RmtInf><Strd><RfrdDocInf><RfrdDocTp><Prtry>002</Prtry></RfrdDocTp></RfrdDocInf><AddtlRmtInf>NO REF</AddtlRmtInf></Strd><Strd><AddtlRmtInf>PAYPAL CODE 4048//PAYPAL CODE 4048</AddtlRmtInf></Strd></RmtInf><RltdDts><TxDtTm>2018-09-21T01:53:18</TxDtTm></RltdDts><AddtlTxInf>PPRD00000000AOYFAC1020180921826235262</AddtlTxInf></TxDtls><AddtlNtryInf>COMPLETE//0000//003//CREDIT</AddtlNtryInf></Ntry></Ntfctn></BkToCstmrDbtCdtNtfctnV01></Document>