<?xml version="1.0" encoding="UTF-8"?><Document xmlns:xsi="http://www.w3.org/2001/XMLSchema-instance" xmlns="urn:iso:std:iso:20022:tech:xsd:camt.054.001.01"><BkToCstmrDbtCdtNtfctnV01><GrpHdr><MsgId>80309K//12883</MsgId><CreDtTm>2018-09-15T13:00:00</CreDtTm></GrpHdr><Ntfctn><Id>80309K//12883//1</Id><CreDtTm>2018-09-15T13:00:00</CreDtTm><Acct><Id><PrtryAcct><Id>20594233939774</Id></PrtryAcct></Id><Ccy>GBP</Ccy></Acct><TxsSummry><TtlNtries><NbOfNtries>9</NbOfNtries><Sum>367.82</Sum></TtlNtries><TtlCdtNtries><NbOfNtries>9</NbOfNtries><Sum>367.82</Sum></TtlCdtNtries><TtlDbtNtries><NbOfNtries>0</NbOfNtries><Sum>0.00</Sum></TtlDbtNtries></TxsSummry><Ntry><Amt Ccy="GBP">200.00</Amt><CdtDbtInd>CRDT</CdtDbtInd><Sts>BOOK</Sts><BookgDt><Dt>2018-09-17</Dt></BookgDt><BkTxCd><Prtry><Cd>SIP UKBA CR 40269</Cd></Prtry></BkTxCd><TxDtls><Refs><EndToEndId>HOLIDAY DEPOSIT</EndToEndId><TxId>17123407996452000N</TxId><Prtry><Tp>STO REF</Tp><Ref>0000</Ref></Prtry></Refs><RltdPties><Dbtr><Nm>ATKINSON A  TPM</Nm></Dbtr><DbtrAcct><Id><PrtryAcct><Id>60214959666323</Id></PrtryAcct></Id></DbtrAcct><Cdtr><Nm>KIM TRAVELS</Nm></Cdtr><CdtrAcct><Id><PrtryAcct><Id>23008200443663</Id></PrtryAcct></Id></CdtrAcct><Prtry><Tp>HOLIDAY DEPOSIT</Tp><Pty/></Prtry></RltdPties><RmtInf><Strd><AddtlRmtInf>ATKINSON A  TPM   HOLIDAY DEPOSIT   VIA MOBILE - LVP</AddtlRmtInf></Strd><Strd><AddtlRmtInf>ATKINSON A  TPM//HOLIDAY DEPOSIT</AddtlRmtInf></Strd></RmtInf><RltdDts><TxDtTm>2018-09-15T12:34:08</TxDtTm></RltdDts><AddtlTxInf>17123407996452000N1020180915826602149</AddtlTxInf></TxDtls><AddtlNtryInf>COMPLETE//0000//003//CREDIT</AddtlNtryInf></Ntry><Ntry><Amt Ccy="GBP">1.00</Amt><CdtDbtInd>CRDT</CdtDbtInd><Sts>BOOK</Sts><BookgDt><Dt>2018-09-17</Dt></BookgDt><BkTxCd><Prtry><Cd>SIP UKBA CR 40269</Cd></Prtry></BkTxCd><TxDtls><Refs><EndToEndId>NOREF</EndToEndId><TxId>200000000387312703</TxId></Refs><RltdPties><Dbtr><Nm>M Sascau</Nm></Dbtr><DbtrAcct><Id><PrtryAcct><Id>77221243762160</Id></PrtryAcct></Id></DbtrAcct><Cdtr><Nm>MADA</Nm></Cdtr><CdtrAcct><Id><PrtryAcct><Id>23008200205029</Id></PrtryAcct></Id></CdtrAcct><Prtry><Tp>M</Tp><Pty/></Prtry></RltdPties><RmtInf><Strd><AddtlRmtInf>NO REF</AddtlRmtInf></Strd><Strd><AddtlRmtInf>M Sascau//M</AddtlRmtInf></Strd></RmtInf><RltdDts><TxDtTm>2018-09-15T12:36:58</TxDtTm></RltdDts><AddtlTxInf>2000000003873127031020180915826772212</AddtlTxInf></TxDtls><AddtlNtryInf>COMPLETE//0000//003//CREDIT</AddtlNtryInf></Ntry><Ntry><Amt Ccy="GBP">5.00</Amt><CdtDbtInd>CRDT</CdtDbtInd><Sts>BOOK</Sts><BookgDt><Dt>2018-09-17</Dt></BookgDt><BkTxCd><Prtry><Cd>SIP UKBA CR 40269</Cd></Prtry></BkTxCd><TxDtls><Refs><EndToEndId>NOREF</EndToEndId><TxId>300000000392627655</TxId></Refs><RltdPties><Dbtr><Nm>M Bolger</Nm></Dbtr><DbtrAcct><Id><PrtryAcct><Id>30989161064668</Id></PrtryAcct></Id></DbtrAcct><Cdtr><Nm>TADHG POWER</Nm></Cdtr><CdtrAcct><Id><PrtryAcct><Id>23008200293606</Id></PrtryAcct></Id></CdtrAcct><Prtry><Tp>LOAN</Tp><Pty/></Prtry></RltdPties><RmtInf><Strd><AddtlRmtInf>NO REF</AddtlRmtInf></Strd><Strd><AddtlRmtInf>M Bolger//LOAN</AddtlRmtInf></Strd></RmtInf><RltdDts><TxDtTm>2018-09-15T12:37:53</TxDtTm></RltdDts><AddtlTxInf>3000000003926276551020180915826309891</AddtlTxInf></TxDtls><AddtlNtryInf>COMPLETE//0000//003//CREDIT</AddtlNtryInf></Ntry><Ntry><Amt Ccy="GBP">20.00</Amt><CdtDbtInd>CRDT</CdtDbtInd><Sts>BOOK</Sts><BookgDt><Dt>2018-09-17</Dt></BookgDt><BkTxCd><Prtry><Cd>SIP UKBA CR 40269</Cd></Prtry></BkTxCd><TxDtls><Refs><EndToEndId>NOREF</EndToEndId><TxId>600000000388695232</TxId></Refs><RltdPties><Dbtr><Nm>D Smith</Nm></Dbtr><DbtrAcct><Id><PrtryAcct><Id>11000105704244</Id></PrtryAcct></Id></DbtrAcct><Cdtr><Nm>JOHN DUNCAN</Nm></Cdtr><CdtrAcct><Id><PrtryAcct><Id>23008200167286</Id></PrtryAcct></Id></CdtrAcct><Prtry><Tp>MONEY</Tp><Pty/></Prtry></RltdPties><RmtInf><Strd><AddtlRmtInf>NO REF</AddtlRmtInf></Strd><Strd><AddtlRmtInf>D Smith//MONEY</AddtlRmtInf></Strd></RmtInf><RltdDts><TxDtTm>2018-09-15T12:40:22</TxDtTm></RltdDts><AddtlTxInf>6000000003886952321020180915826110001</AddtlTxInf></TxDtls><AddtlNtryInf>COMPLETE//0000//003//CREDIT</AddtlNtryInf></Ntry><Ntry><Amt Ccy="GBP">20.00</Amt><CdtDbtInd>CRDT</CdtDbtInd><Sts>BOOK</Sts><BookgDt><Dt>2018-09-17</Dt></BookgDt><BkTxCd><Prtry><Cd>SIP UKBA CR 40269</Cd></Prtry></BkTxCd><TxDtls><Refs><EndToEndId>NOREF</EndToEndId><TxId>FP18258O00148929</TxId></Refs><RltdPties><Dbtr><Nm>Gardner Kerry</Nm></Dbtr><DbtrAcct><Id><PrtryAcct><Id>07043632733858</Id></PrtryAcct></Id></DbtrAcct><Cdtr><Nm>ME ARRO</Nm></Cdtr><CdtrAcct><Id><PrtryAcct><Id>23008200444191</Id></PrtryAcct></Id></CdtrAcct><Prtry><Tp>SAVING</Tp><Pty/></Prtry></RltdPties><RmtInf><Strd><AddtlRmtInf>NO REF</AddtlRmtInf></Strd><Strd><AddtlRmtInf>Gardner Kerry//SAVING</AddtlRmtInf></Strd></RmtInf><RltdDts><TxDtTm>2018-09-15T12:42:43</TxDtTm></RltdDts><AddtlTxInf>FP18258O00148929  1020180915826070436</AddtlTxInf></TxDtls><AddtlNtryInf>COMPLETE//0000//003//CREDIT</AddtlNtryInf></Ntry><Ntry><Amt Ccy="GBP">5.50</Amt><CdtDbtInd>CRDT</CdtDbtInd><Sts>BOOK</Sts><BookgDt><Dt>2018-09-17</Dt></BookgDt><BkTxCd><Prtry><Cd>SIP UKBA CR 40269</Cd></Prtry></BkTxCd><TxDtls><Refs><EndToEndId>NOREF</EndToEndId><TxId>RP4679961455989500</TxId></Refs><RltdPties><Dbtr><Nm>MURRAY A</Nm></Dbtr><DbtrAcct><Id><PrtryAcct><Id>20253650771422</Id></PrtryAcct></Id></DbtrAcct><Cdtr><Nm>AARON NEW</Nm></Cdtr><CdtrAcct><Id><PrtryAcct><Id>23008200313840</Id></PrtryAcct></Id></CdtrAcct><Prtry><Tp>ANNA</Tp><Pty/></Prtry></RltdPties><RmtInf><Strd><AddtlRmtInf>NO REF</AddtlRmtInf></Strd><Strd><AddtlRmtInf>MURRAY A//ANNA</AddtlRmtInf></Strd></RmtInf><RltdDts><TxDtTm>2018-09-15T12:56:45</TxDtTm></RltdDts><AddtlTxInf>RP46799614559895001020180915826200026</AddtlTxInf></TxDtls><AddtlNtryInf>COMPLETE//0000//003//CREDIT</AddtlNtryInf></Ntry><Ntry><Amt Ccy="GBP">50.00</Amt><CdtDbtInd>CRDT</CdtDbtInd><Sts>BOOK</Sts><BookgDt><Dt>2018-09-17</Dt></BookgDt><BkTxCd><Prtry><Cd>SIP UKBA CR 40269</Cd></Prtry></BkTxCd><TxDtls><Refs><EndToEndId>NOREF</EndToEndId><TxId>RP4679961456042700</TxId></Refs><RltdPties><Dbtr><Nm>HILL J</Nm></Dbtr><DbtrAcct><Id><PrtryAcct><Id>20709420683817</Id></PrtryAcct></Id></DbtrAcct><Cdtr><Nm>JOHN HILL</Nm></Cdtr><CdtrAcct><Id><PrtryAcct><Id>23008200333328</Id></PrtryAcct></Id></CdtrAcct><Prtry><Tp>NEW</Tp><Pty/></Prtry></RltdPties><RmtInf><Strd><AddtlRmtInf>NO REF</AddtlRmtInf></Strd><Strd><AddtlRmtInf>HILL J//NEW</AddtlRmtInf></Strd></RmtInf><RltdDts><TxDtTm>2018-09-15T12:57:23</TxDtTm></RltdDts><AddtlTxInf>RP46799614560427001020180915826200026</AddtlTxInf></TxDtls><AddtlNtryInf>COMPLETE//0000//003//CREDIT</AddtlNtryInf></Ntry><Ntry><Amt Ccy="GBP">50.50</Amt><CdtDbtInd>CRDT</CdtDbtInd><Sts>BOOK</Sts><BookgDt><Dt>2018-09-17</Dt></BookgDt><BkTxCd><Prtry><Cd>SIP UKBA CR 40269</Cd></Prtry></BkTxCd><TxDtls><Refs><EndToEndId>PPWD00000000ANIJV8</EndToEndId><TxId>PPWD00000000ANIJV8</TxId></Refs><RltdPties><Dbtr><Nm>PayPal</Nm><PstlAdr><AdrLine>2211 N 1st Street San Jose CA 95131</AdrLine><Ctry/></PstlAdr></Dbtr><DbtrAcct><Id><PrtryAcct><Id>23526278959595</Id></PrtryAcct></Id></DbtrAcct><Cdtr><Nm>Anna Murray</Nm><PstlAdr><AdrLine>1B Speke Town Lane</AdrLine><Ctry/></PstlAdr></Cdtr><CdtrAcct><Id><PrtryAcct><Id>23008200313840</Id></PrtryAcct></Id></CdtrAcct><Prtry><Tp>PPWDL5ZAJ2AL3N4BT6</Tp><Pty/></Prtry></RltdPties><RmtInf><Strd><RfrdDocInf><RfrdDocTp><Prtry>002</Prtry></RfrdDocTp></RfrdDocInf><AddtlRmtInf>NO REF</AddtlRmtInf></Strd><Strd><AddtlRmtInf>PayPal//PPWDL5ZAJ2AL3N4BT6</AddtlRmtInf></Strd></RmtInf><RltdDts><TxDtTm>2018-09-15T12:57:33</TxDtTm></RltdDts><AddtlTxInf>PPWD00000000ANIJV81020180915826235262</AddtlTxInf></TxDtls><AddtlNtryInf>COMPLETE//0000//003//CREDIT</AddtlNtryInf></Ntry><Ntry><Amt Ccy="GBP">15.82</Amt><CdtDbtInd>CRDT</CdtDbtInd><Sts>BOOK</Sts><BookgDt><Dt>2018-09-17</Dt></BookgDt><BkTxCd><Prtry><Cd>SIP UKBA CR 40269</Cd></Prtry></BkTxCd><TxDtls><Refs><EndToEndId>NOREF</EndToEndId><TxId>RP4659984613400200</TxId></Refs><RltdPties><Dbtr><Nm>T A MARSHALL</Nm></Dbtr><DbtrAcct><Id><PrtryAcct><Id>20396480598240</Id></PrtryAcct></Id></DbtrAcct><Cdtr><Nm>T A MARSHALL</Nm></Cdtr><CdtrAcct><Id><PrtryAcct><Id>23008200033369</Id></PrtryAcct></Id></CdtrAcct><Prtry><Tp>ME</Tp><Pty/></Prtry></RltdPties><RmtInf><Strd><AddtlRmtInf>NO REF</AddtlRmtInf></Strd><Strd><AddtlRmtInf>T A MARSHALL//ME</AddtlRmtInf></Strd></RmtInf><RltdDts><TxDtTm>2018-09-15T12:57:58</TxDtTm></RltdDts><AddtlTxInf>RP46599846134002001020180915826200026</AddtlTxInf></TxDtls><AddtlNtryInf>COMPLETE//0000//003//CREDIT</AddtlNtryInf></Ntry></Ntfctn></BkToCstmrDbtCdtNtfctnV01></Document>