<?xml version="1.0" encoding="UTF-8"?><Document xmlns:xsi="http://www.w3.org/2001/XMLSchema-instance" xmlns="urn:iso:std:iso:20022:tech:xsd:camt.054.001.01"><BkToCstmrDbtCdtNtfctnV01><GrpHdr><MsgId>80309K//12934</MsgId><CreDtTm>2018-09-16T19:00:00</CreDtTm></GrpHdr><Ntfctn><Id>80309K//12934//1</Id><CreDtTm>2018-09-16T19:00:00</CreDtTm><Acct><Id><PrtryAcct><Id>20594233939774</Id></PrtryAcct></Id><Ccy>GBP</Ccy></Acct><TxsSummry><TtlNtries><NbOfNtries>4</NbOfNtries><Sum>113.50</Sum></TtlNtries><TtlCdtNtries><NbOfNtries>4</NbOfNtries><Sum>113.50</Sum></TtlCdtNtries><TtlDbtNtries><NbOfNtries>0</NbOfNtries><Sum>0.00</Sum></TtlDbtNtries></TxsSummry><Ntry><Amt Ccy="GBP">10.00</Amt><CdtDbtInd>CRDT</CdtDbtInd><Sts>BOOK</Sts><BookgDt><Dt>2018-09-17</Dt></BookgDt><BkTxCd><Prtry><Cd>SIP UKBA CR 40269</Cd></Prtry></BkTxCd><TxDtls><Refs><EndToEndId>XX</EndToEndId><TxId>64183455350689000R</TxId><Prtry><Tp>STO REF</Tp><Ref>0000</Ref></Prtry></Refs><RltdPties><Dbtr><Nm>EASON LE</Nm></Dbtr><DbtrAcct><Id><PrtryAcct><Id>16262710880322</Id></PrtryAcct></Id></DbtrAcct><Cdtr><Nm>RHEA DAY</Nm></Cdtr><CdtrAcct><Id><PrtryAcct><Id>23008200183443</Id></PrtryAcct></Id></CdtrAcct><Prtry><Tp>XX</Tp><Pty/></Prtry></RltdPties><RmtInf><Strd><AddtlRmtInf>EASON LE          XX                VIA MOBILE - LVP</AddtlRmtInf></Strd><Strd><AddtlRmtInf>EASON LE//XX</AddtlRmtInf></Strd></RmtInf><RltdDts><TxDtTm>2018-09-16T18:34:55</TxDtTm></RltdDts><AddtlTxInf>64183455350689000R1020180916826162627</AddtlTxInf></TxDtls><AddtlNtryInf>COMPLETE//0000//003//CREDIT</AddtlNtryInf></Ntry><Ntry><Amt Ccy="GBP">50.00</Amt><CdtDbtInd>CRDT</CdtDbtInd><Sts>BOOK</Sts><BookgDt><Dt>2018-09-17</Dt></BookgDt><BkTxCd><Prtry><Cd>SIP UKBA CR 40269</Cd></Prtry></BkTxCd><TxDtls><Refs><EndToEndId>NOREF</EndToEndId><TxId>873392529481619001</TxId><Prtry><Tp>STO REF</Tp><Ref>0000</Ref></Prtry></Refs><RltdPties><Dbtr><Nm>HAMSHAW J</Nm></Dbtr><DbtrAcct><Id><PrtryAcct><Id>40472131333356</Id></PrtryAcct></Id></DbtrAcct><Cdtr><Nm>Mrs C Whitehead</Nm></Cdtr><CdtrAcct><Id><PrtryAcct><Id>23008200021049</Id></PrtryAcct></Id></CdtrAcct><Prtry><Tp>from ri</Tp><Pty/></Prtry></RltdPties><RmtInf><Strd><AddtlRmtInf>NO REF</AddtlRmtInf></Strd><Strd><AddtlRmtInf>HAMSHAW J//from ri</AddtlRmtInf></Strd></RmtInf><RltdDts><TxDtTm>2018-09-16T18:49:25</TxDtTm></RltdDts><AddtlTxInf>8733925294816190011020180916826404721</AddtlTxInf></TxDtls><AddtlNtryInf>COMPLETE//0000//003//CREDIT</AddtlNtryInf></Ntry><Ntry><Amt Ccy="GBP">33.50</Amt><CdtDbtInd>CRDT</CdtDbtInd><Sts>BOOK</Sts><BookgDt><Dt>2018-09-17</Dt></BookgDt><BkTxCd><Prtry><Cd>SIP UKBA CR 40269</Cd></Prtry></BkTxCd><TxDtls><Refs><EndToEndId>NOREF</EndToEndId><TxId>100000000387534334</TxId></Refs><RltdPties><Dbtr><Nm>B James</Nm></Dbtr><DbtrAcct><Id><PrtryAcct><Id>77050519356768</Id></PrtryAcct></Id></DbtrAcct><Cdtr><Nm>MARK RHODES</Nm></Cdtr><CdtrAcct><Id><PrtryAcct><Id>23008200341586</Id></PrtryAcct></Id></CdtrAcct><Prtry><Tp>IZETTLE</Tp><Pty/></Prtry></RltdPties><RmtInf><Strd><AddtlRmtInf>NO REF</AddtlRmtInf></Strd><Strd><AddtlRmtInf>B James//IZETTLE</AddtlRmtInf></Strd></RmtInf><RltdDts><TxDtTm>2018-09-16T18:54:58</TxDtTm></RltdDts><AddtlTxInf>1000000003875343341020180916826770505</AddtlTxInf></TxDtls><AddtlNtryInf>COMPLETE//0000//003//CREDIT</AddtlNtryInf></Ntry><Ntry><Amt Ccy="GBP">20.00</Amt><CdtDbtInd>CRDT</CdtDbtInd><Sts>BOOK</Sts><BookgDt><Dt>2018-09-17</Dt></BookgDt><BkTxCd><Prtry><Cd>SIP UKBA CR 40269</Cd></Prtry></BkTxCd><TxDtls><Refs><EndToEndId>NOREF</EndToEndId><TxId>RP4679961531073200</TxId></Refs><RltdPties><Dbtr><Nm>MURORINKA B</Nm></Dbtr><DbtrAcct><Id><PrtryAcct><Id>20530450056413</Id></PrtryAcct></Id></DbtrAcct><Cdtr><Nm>LINDA VINCENT</Nm></Cdtr><CdtrAcct><Id><PrtryAcct><Id>23008200234277</Id></PrtryAcct></Id></CdtrAcct><Prtry><Tp>MAMA</Tp><Pty/></Prtry></RltdPties><RmtInf><Strd><AddtlRmtInf>NO REF</AddtlRmtInf></Strd><Strd><AddtlRmtInf>MURORINKA B//MAMA</AddtlRmtInf></Strd></RmtInf><RltdDts><TxDtTm>2018-09-16T18:56:34</TxDtTm></RltdDts><AddtlTxInf>RP46799615310732001020180916826200026</AddtlTxInf></TxDtls><AddtlNtryInf>COMPLETE//0000//003//CREDIT</AddtlNtryInf></Ntry></Ntfctn></BkToCstmrDbtCdtNtfctnV01></Document>