<?xml version="1.0" encoding="UTF-8"?><Document xmlns:xsi="http://www.w3.org/2001/XMLSchema-instance" xmlns="urn:iso:std:iso:20022:tech:xsd:camt.054.001.01"><BkToCstmrDbtCdtNtfctnV01><GrpHdr><MsgId>80309K//13107</MsgId><CreDtTm>2018-09-20T17:00:00</CreDtTm></GrpHdr><Ntfctn><Id>80309K//13107//1</Id><CreDtTm>2018-09-20T17:00:00</CreDtTm><Acct><Id><PrtryAcct><Id>20594233939774</Id></PrtryAcct></Id><Ccy>GBP</Ccy></Acct><TxsSummry><TtlNtries><NbOfNtries>9</NbOfNtries><Sum>1545.65</Sum></TtlNtries><TtlCdtNtries><NbOfNtries>9</NbOfNtries><Sum>1545.65</Sum></TtlCdtNtries><TtlDbtNtries><NbOfNtries>0</NbOfNtries><Sum>0.00</Sum></TtlDbtNtries></TxsSummry><Ntry><Amt Ccy="GBP">82.00</Amt><CdtDbtInd>CRDT</CdtDbtInd><Sts>BOOK</Sts><BookgDt><Dt>2018-09-20</Dt></BookgDt><BkTxCd><Prtry><Cd>SIP UKBA CR 40269</Cd></Prtry></BkTxCd><TxDtls><Refs><EndToEndId>Custies BACS</EndToEndId><TxId>300000000394015124</TxId></Refs><RltdPties><Dbtr><Nm>Cex (Franchising) Limited</Nm><PstlAdr><AdrLine>Sterling House, Fulbourne Road Walt</AdrLine><AdrLine>hamstow, London E17 4EE</AdrLine><Ctry/></PstlAdr></Dbtr><DbtrAcct><Id><PrtryAcct><Id>30940803039390</Id></PrtryAcct></Id></DbtrAcct><Cdtr><Nm>MR CHRISTOPHER</Nm></Cdtr><CdtrAcct><Id><PrtryAcct><Id>23008200146836</Id></PrtryAcct></Id></CdtrAcct><Prtry><Tp>LU1204644</Tp><Pty/></Prtry></RltdPties><RmtInf><Strd><AddtlRmtInf>LU1204644</AddtlRmtInf></Strd><Strd><AddtlRmtInf>Cex (Franchising) //LU1204644</AddtlRmtInf></Strd></RmtInf><RltdDts><TxDtTm>2018-09-20T16:30:36</TxDtTm></RltdDts><AddtlTxInf>3000000003940151241020180920826309408</AddtlTxInf></TxDtls><AddtlNtryInf>COMPLETE//0000//002//CREDIT</AddtlNtryInf></Ntry><Ntry><Amt Ccy="GBP">140.00</Amt><CdtDbtInd>CRDT</CdtDbtInd><Sts>BOOK</Sts><BookgDt><Dt>2018-09-20</Dt></BookgDt><BkTxCd><Prtry><Cd>SIP UKBA CR 40269</Cd></Prtry></BkTxCd><TxDtls><Refs><EndToEndId>NOREF</EndToEndId><TxId>RP4659984939409900</TxId></Refs><RltdPties><Dbtr><Nm>ALI A</Nm></Dbtr><DbtrAcct><Id><PrtryAcct><Id>20262053550796</Id></PrtryAcct></Id></DbtrAcct><Cdtr><Nm>RATHORE TECH LTD</Nm></Cdtr><CdtrAcct><Id><PrtryAcct><Id>23008200222719</Id></PrtryAcct></Id></CdtrAcct><Prtry><Tp>TICKET</Tp><Pty/></Prtry></RltdPties><RmtInf><Strd><AddtlRmtInf>NO REF</AddtlRmtInf></Strd><Strd><AddtlRmtInf>ALI A//TICKET</AddtlRmtInf></Strd></RmtInf><RltdDts><TxDtTm>2018-09-20T16:33:17</TxDtTm></RltdDts><AddtlTxInf>RP46599849394099001020180920826200026</AddtlTxInf></TxDtls><AddtlNtryInf>COMPLETE//0000//002//CREDIT</AddtlNtryInf></Ntry><Ntry><Amt Ccy="GBP">250.00</Amt><CdtDbtInd>CRDT</CdtDbtInd><Sts>BOOK</Sts><BookgDt><Dt>2018-09-20</Dt></BookgDt><BkTxCd><Prtry><Cd>SIP UKBA CR 40269</Cd></Prtry></BkTxCd><TxDtls><Refs><EndToEndId>NOREF</EndToEndId><TxId>100000000388709929</TxId></Refs><RltdPties><Dbtr><Nm>J Clarke</Nm></Dbtr><DbtrAcct><Id><PrtryAcct><Id>11059510203861</Id></PrtryAcct></Id></DbtrAcct><Cdtr><Nm>SKY SCANNER</Nm></Cdtr><CdtrAcct><Id><PrtryAcct><Id>23008200456117</Id></PrtryAcct></Id></CdtrAcct><Prtry><Tp>LT87DL</Tp><Pty/></Prtry></RltdPties><RmtInf><Strd><AddtlRmtInf>NO REF</AddtlRmtInf></Strd><Strd><AddtlRmtInf>J Clarke//LT87DL</AddtlRmtInf></Strd></RmtInf><RltdDts><TxDtTm>2018-09-20T16:38:03</TxDtTm></RltdDts><AddtlTxInf>1000000003887099291020180920826110595</AddtlTxInf></TxDtls><AddtlNtryInf>COMPLETE//0000//002//CREDIT</AddtlNtryInf></Ntry><Ntry><Amt Ccy="GBP">60.00</Amt><CdtDbtInd>CRDT</CdtDbtInd><Sts>BOOK</Sts><BookgDt><Dt>2018-09-20</Dt></BookgDt><BkTxCd><Prtry><Cd>SIP UKBA CR 40269</Cd></Prtry></BkTxCd><TxDtls><Refs><EndToEndId>NOREF</EndToEndId><TxId>RP4679961823938600</TxId></Refs><RltdPties><Dbtr><Nm>ZEBRA PEOPLE LT</Nm></Dbtr><DbtrAcct><Id><PrtryAcct><Id>20585120454265</Id></PrtryAcct></Id></DbtrAcct><Cdtr><Nm>NATALIE GREEN+ CO</Nm></Cdtr><CdtrAcct><Id><PrtryAcct><Id>23008200205024</Id></PrtryAcct></Id></CdtrAcct><Prtry><Tp>5435</Tp><Pty/></Prtry></RltdPties><RmtInf><Strd><AddtlRmtInf>NO REF</AddtlRmtInf></Strd><Strd><AddtlRmtInf>ZEBRA PEOPLE LT//5435</AddtlRmtInf></Strd></RmtInf><RltdDts><TxDtTm>2018-09-20T16:42:05</TxDtTm></RltdDts><AddtlTxInf>RP46799618239386001020180920826200026</AddtlTxInf></TxDtls><AddtlNtryInf>COMPLETE//0000//002//CREDIT</AddtlNtryInf></Ntry><Ntry><Amt Ccy="GBP">375.00</Amt><CdtDbtInd>CRDT</CdtDbtInd><Sts>BOOK</Sts><BookgDt><Dt>2018-09-20</Dt></BookgDt><BkTxCd><Prtry><Cd>FDP UKBA CR 40269</Cd></Prtry></BkTxCd><TxDtls><Refs><EndToEndId>NOREF</EndToEndId><TxId>09163036356152000N</TxId><Prtry><Tp>STO REF</Tp><Ref>0000</Ref></Prtry></Refs><RltdPties><Dbtr><Nm>ENDEAVOUR DRYLININ</Nm></Dbtr><DbtrAcct><Id><PrtryAcct><Id>60212882042128</Id></PrtryAcct></Id></DbtrAcct><Cdtr><Nm>BENKO VITALIY</Nm></Cdtr><CdtrAcct><Id><PrtryAcct><Id>23008200123385</Id></PrtryAcct></Id></CdtrAcct><Prtry><Tp>ENDDL</Tp><Pty/></Prtry></RltdPties><RmtInf><Strd><AddtlRmtInf>ENDDL</AddtlRmtInf></Strd><Strd><AddtlRmtInf>ENDEAVOUR DRYLININ//ENDDL</AddtlRmtInf></Strd></RmtInf><RltdDts><TxDtTm>2018-09-20T16:45:39</TxDtTm></RltdDts><AddtlTxInf>09163036356152000N4020180920826602128</AddtlTxInf></TxDtls><AddtlNtryInf>COMPLETE//0000//002//CREDIT</AddtlNtryInf></Ntry><Ntry><Amt Ccy="GBP">125.97</Amt><CdtDbtInd>CRDT</CdtDbtInd><Sts>BOOK</Sts><BookgDt><Dt>2018-09-20</Dt></BookgDt><BkTxCd><Prtry><Cd>FDP UKBA CR 40269</Cd></Prtry></BkTxCd><TxDtls><Refs><EndToEndId>NOREF</EndToEndId><TxId>5384226174610298FU</TxId><Prtry><Tp>STO REF</Tp><Ref>0000</Ref></Prtry></Refs><RltdPties><Dbtr><PstlAdr><AdrLine>CGLS ACCOUNTANCY LIMITED;2ND FLOOR;</AdrLine><AdrLine>, PRINCESS MARY HOUSE;4 BLUECOATS;</AdrLine><AdrLine>AVENUE;HERTFORD, HERTS, SG14 1PB</AdrLine><Ctry/></PstlAdr></Dbtr><DbtrAcct><Id><PrtryAcct><Id>40231071852787</Id></PrtryAcct></Id></DbtrAcct><Cdtr><Nm>MR KWASI ADDAE</Nm><PstlAdr><AdrLine>51 KINGSLEY ROAD;NORTHAMPTON;NN2;</AdrLine><AdrLine>7BN</AdrLine><Ctry/></PstlAdr></Cdtr><CdtrAcct><Id><PrtryAcct><Id>23008200129429</Id></PrtryAcct></Id></CdtrAcct><Prtry><Tp>SALARY</Tp><Pty/></Prtry></RltdPties><RmtInf><Strd><AddtlRmtInf>NO REF</AddtlRmtInf></Strd><Strd><AddtlRmtInf>402310 71852787//SALARY</AddtlRmtInf></Strd></RmtInf><RltdDts><TxDtTm>2018-09-20T16:47:17</TxDtTm></RltdDts><AddtlTxInf>5384226174610298FU4020180920826402310</AddtlTxInf></TxDtls><AddtlNtryInf>COMPLETE//0000//002//CREDIT</AddtlNtryInf></Ntry><Ntry><Amt Ccy="GBP">52.68</Amt><CdtDbtInd>CRDT</CdtDbtInd><Sts>BOOK</Sts><BookgDt><Dt>2018-09-20</Dt></BookgDt><BkTxCd><Prtry><Cd>FDP UKBA CR 40269</Cd></Prtry></BkTxCd><TxDtls><Refs><EndToEndId>NOREF</EndToEndId><TxId>4100145274610298FU</TxId><Prtry><Tp>STO REF</Tp><Ref>0001</Ref></Prtry></Refs><RltdPties><Dbtr><Nm>AIRBLES SERVICES L</Nm></Dbtr><DbtrAcct><Id><PrtryAcct><Id>40208040038482</Id></PrtryAcct></Id></DbtrAcct><Cdtr><Nm>MR JUAN PABLO ACOS</Nm></Cdtr><CdtrAcct><Id><PrtryAcct><Id>23008200199526</Id></PrtryAcct></Id></CdtrAcct><Prtry><Tp>CILMERI SERVICES L</Tp><Pty/></Prtry></RltdPties><RmtInf><Strd><AddtlRmtInf>NO REF</AddtlRmtInf></Strd><Strd><AddtlRmtInf>AIRBLES SERVICES L//CILMERI SERVICES L</AddtlRmtInf></Strd></RmtInf><RltdDts><TxDtTm>2018-09-20T16:47:25</TxDtTm></RltdDts><AddtlTxInf>4100145274610298FU4020180920826402080</AddtlTxInf></TxDtls><AddtlNtryInf>COMPLETE//0000//002//CREDIT</AddtlNtryInf></Ntry><Ntry><Amt Ccy="GBP">450.00</Amt><CdtDbtInd>CRDT</CdtDbtInd><Sts>BOOK</Sts><BookgDt><Dt>2018-09-20</Dt></BookgDt><BkTxCd><Prtry><Cd>SIP UKBA CR 40269</Cd></Prtry></BkTxCd><TxDtls><Refs><EndToEndId>WASHINGTON COMMS</EndToEndId><TxId>06165047463569000N</TxId><Prtry><Tp>STO REF</Tp><Ref>0000</Ref></Prtry></Refs><RltdPties><Dbtr><Nm>C K WASHINGTON</Nm></Dbtr><DbtrAcct><Id><PrtryAcct><Id>01063945141444</Id></PrtryAcct></Id></DbtrAcct><Cdtr><Nm>PETER WASHINGTON</Nm></Cdtr><CdtrAcct><Id><PrtryAcct><Id>23008200378937</Id></PrtryAcct></Id></CdtrAcct><Prtry><Tp>WASHINGTON COMMS</Tp><Pty/></Prtry></RltdPties><RmtInf><Strd><AddtlRmtInf>C K WASHINGTON    WASHINGTON COMMS  VIA MOBILE - PYMT</AddtlRmtInf></Strd><Strd><AddtlRmtInf>C K WASHINGTON//WASHINGTON COMMS</AddtlRmtInf></Strd></RmtInf><RltdDts><TxDtTm>2018-09-20T16:50:47</TxDtTm></RltdDts><AddtlTxInf>06165047463569000N1020180920826010639</AddtlTxInf></TxDtls><AddtlNtryInf>COMPLETE//0000//002//CREDIT</AddtlNtryInf></Ntry><Ntry><Amt Ccy="GBP">10.00</Amt><CdtDbtInd>CRDT</CdtDbtInd><Sts>BOOK</Sts><BookgDt><Dt>2018-09-20</Dt></BookgDt><BkTxCd><Prtry><Cd>SIP UKBA CR 40269</Cd></Prtry></BkTxCd><TxDtls><Refs><EndToEndId>NOREF</EndToEndId><TxId>500000000390372812</TxId></Refs><RltdPties><Dbtr><Nm>C Bray</Nm></Dbtr><DbtrAcct><Id><PrtryAcct><Id>77121231115060</Id></PrtryAcct></Id></DbtrAcct><Cdtr><Nm>SEXY</Nm></Cdtr><CdtrAcct><Id><PrtryAcct><Id>23008200195387</Id></PrtryAcct></Id></CdtrAcct><Prtry><Tp>LOVE YOU</Tp><Pty/></Prtry></RltdPties><RmtInf><Strd><AddtlRmtInf>NO REF</AddtlRmtInf></Strd><Strd><AddtlRmtInf>C Bray//LOVE YOU</AddtlRmtInf></Strd></RmtInf><RltdDts><TxDtTm>2018-09-20T16:57:53</TxDtTm></RltdDts><AddtlTxInf>5000000003903728121020180920826771212</AddtlTxInf></TxDtls><AddtlNtryInf>COMPLETE//0000//002//CREDIT</AddtlNtryInf></Ntry></Ntfctn></BkToCstmrDbtCdtNtfctnV01></Document>