<?xml version="1.0" encoding="UTF-8"?><Document xmlns:xsi="http://www.w3.org/2001/XMLSchema-instance" xmlns="urn:iso:std:iso:20022:tech:xsd:camt.054.001.01"><BkToCstmrDbtCdtNtfctnV01><GrpHdr><MsgId>80309K//13196</MsgId><CreDtTm>2018-09-22T18:30:00</CreDtTm></GrpHdr><Ntfctn><Id>80309K//13196//1</Id><CreDtTm>2018-09-22T18:30:00</CreDtTm><Acct><Id><PrtryAcct><Id>20594233939774</Id></PrtryAcct></Id><Ccy>GBP</Ccy></Acct><TxsSummry><TtlNtries><NbOfNtries>6</NbOfNtries><Sum>137.10</Sum></TtlNtries><TtlCdtNtries><NbOfNtries>6</NbOfNtries><Sum>137.10</Sum></TtlCdtNtries><TtlDbtNtries><NbOfNtries>0</NbOfNtries><Sum>0.00</Sum></TtlDbtNtries></TxsSummry><Ntry><Amt Ccy="GBP">45.00</Amt><CdtDbtInd>CRDT</CdtDbtInd><Sts>BOOK</Sts><BookgDt><Dt>2018-09-24</Dt></BookgDt><BkTxCd><Prtry><Cd>SIP UKBA CR 40269</Cd></Prtry></BkTxCd><TxDtls><Refs><EndToEndId>NOREF</EndToEndId><TxId>100000000389330966</TxId></Refs><RltdPties><Dbtr><Nm>J Price</Nm></Dbtr><DbtrAcct><Id><PrtryAcct><Id>11070700509298</Id></PrtryAcct></Id></DbtrAcct><Cdtr><Nm>K CUTHBERT</Nm></Cdtr><CdtrAcct><Id><PrtryAcct><Id>23008200458890</Id></PrtryAcct></Id></CdtrAcct><Prtry><Tp>TV</Tp><Pty/></Prtry></RltdPties><RmtInf><Strd><AddtlRmtInf>NO REF</AddtlRmtInf></Strd><Strd><AddtlRmtInf>J Price//TV</AddtlRmtInf></Strd></RmtInf><RltdDts><TxDtTm>2018-09-22T18:01:40</TxDtTm></RltdDts><AddtlTxInf>1000000003893309661020180922826110707</AddtlTxInf></TxDtls><AddtlNtryInf>COMPLETE//0000//003//CREDIT</AddtlNtryInf></Ntry><Ntry><Amt Ccy="GBP">7.09</Amt><CdtDbtInd>CRDT</CdtDbtInd><Sts>BOOK</Sts><BookgDt><Dt>2018-09-24</Dt></BookgDt><BkTxCd><Prtry><Cd>SIP UKBA CR 40269</Cd></Prtry></BkTxCd><TxDtls><Refs><EndToEndId>PPWD00000000APD18C</EndToEndId><TxId>PPWD00000000APD18C</TxId></Refs><RltdPties><Dbtr><Nm>PayPal</Nm><PstlAdr><AdrLine>2211 N 1st Street San Jose CA 95131</AdrLine><Ctry/></PstlAdr></Dbtr><DbtrAcct><Id><PrtryAcct><Id>23526278959595</Id></PrtryAcct></Id></DbtrAcct><Cdtr><Nm>adrian bennett</Nm><PstlAdr><AdrLine>70</AdrLine><Ctry/></PstlAdr></Cdtr><CdtrAcct><Id><PrtryAcct><Id>23008200377203</Id></PrtryAcct></Id></CdtrAcct><Prtry><Tp>PPWDL4NPJ2ALAEW5DG</Tp><Pty/></Prtry></RltdPties><RmtInf><Strd><RfrdDocInf><RfrdDocTp><Prtry>002</Prtry></RfrdDocTp></RfrdDocInf><AddtlRmtInf>NO REF</AddtlRmtInf></Strd><Strd><AddtlRmtInf>PayPal//PPWDL4NPJ2ALAEW5DG</AddtlRmtInf></Strd></RmtInf><RltdDts><TxDtTm>2018-09-22T18:06:49</TxDtTm></RltdDts><AddtlTxInf>PPWD00000000APD18C1020180922826235262</AddtlTxInf></TxDtls><AddtlNtryInf>COMPLETE//0000//003//CREDIT</AddtlNtryInf></Ntry><Ntry><Amt Ccy="GBP">0.01</Amt><CdtDbtInd>CRDT</CdtDbtInd><Sts>BOOK</Sts><BookgDt><Dt>2018-09-24</Dt></BookgDt><BkTxCd><Prtry><Cd>SIP UKBA CR 40269</Cd></Prtry></BkTxCd><TxDtls><Refs><EndToEndId>PPRD00000000APD2UG</EndToEndId><TxId>PPRD00000000APD2UG</TxId></Refs><RltdPties><Dbtr><Nm>PAYPAL CODE 5132</Nm><PstlAdr><AdrLine>2211 N 1st Street San Jose CA 95131</AdrLine><Ctry/></PstlAdr></Dbtr><DbtrAcct><Id><PrtryAcct><Id>23526285010101</Id></PrtryAcct></Id></DbtrAcct><Cdtr><Nm>frank taylor</Nm><PstlAdr><AdrLine>33 Grove Avenue</AdrLine><Ctry/></PstlAdr></Cdtr><CdtrAcct><Id><PrtryAcct><Id>23008200460811</Id></PrtryAcct></Id></CdtrAcct><Prtry><Tp>PAYPAL CODE 5132</Tp><Pty/></Prtry></RltdPties><RmtInf><Strd><RfrdDocInf><RfrdDocTp><Prtry>002</Prtry></RfrdDocTp></RfrdDocInf><AddtlRmtInf>NO REF</AddtlRmtInf></Strd><Strd><AddtlRmtInf>PAYPAL CODE 5132//PAYPAL CODE 5132</AddtlRmtInf></Strd></RmtInf><RltdDts><TxDtTm>2018-09-22T18:12:21</TxDtTm></RltdDts><AddtlTxInf>PPRD00000000APD2UG1020180922826235262</AddtlTxInf></TxDtls><AddtlNtryInf>COMPLETE//0000//003//CREDIT</AddtlNtryInf></Ntry><Ntry><Amt Ccy="GBP">20.00</Amt><CdtDbtInd>CRDT</CdtDbtInd><Sts>BOOK</Sts><BookgDt><Dt>2018-09-24</Dt></BookgDt><BkTxCd><Prtry><Cd>SIP UKBA CR 40269</Cd></Prtry></BkTxCd><TxDtls><Refs><EndToEndId>00151623632BBCSKLW</EndToEndId><TxId>00151623632BBCSKLW</TxId></Refs><RltdPties><Dbtr><Nm>GLORIA FREMPONG</Nm></Dbtr><DbtrAcct><Id><PrtryAcct><Id>09012840090802</Id></PrtryAcct></Id></DbtrAcct><Cdtr><Nm>Glen</Nm></Cdtr><CdtrAcct><Id><PrtryAcct><Id>23008200419722</Id></PrtryAcct></Id></CdtrAcct><Prtry><Tp>Money</Tp><Pty/></Prtry></RltdPties><RmtInf><Strd><AddtlRmtInf>NO REF</AddtlRmtInf></Strd><Strd><AddtlRmtInf>GLORIA FREMPONG//Money</AddtlRmtInf></Strd></RmtInf><RltdDts><TxDtTm>2018-09-22T18:17:02</TxDtTm></RltdDts><AddtlTxInf>00151623632BBCSKLW1020180922826090128</AddtlTxInf></TxDtls><AddtlNtryInf>COMPLETE//0000//003//CREDIT</AddtlNtryInf></Ntry><Ntry><Amt Ccy="GBP">45.00</Amt><CdtDbtInd>CRDT</CdtDbtInd><Sts>BOOK</Sts><BookgDt><Dt>2018-09-24</Dt></BookgDt><BkTxCd><Prtry><Cd>SIP UKBA CR 40269</Cd></Prtry></BkTxCd><TxDtls><Refs><EndToEndId>NOREF</EndToEndId><TxId>YBBPI1823442368703</TxId></Refs><RltdPties><Dbtr><Nm>CHRISTOPHER O&apos;CONN</Nm></Dbtr><DbtrAcct><Id><PrtryAcct><Id>05002272936623</Id></PrtryAcct></Id></DbtrAcct><Cdtr><Nm>iptv</Nm></Cdtr><CdtrAcct><Id><PrtryAcct><Id>23008200458890</Id></PrtryAcct></Id></CdtrAcct><Prtry><Tp>tv</Tp><Pty/></Prtry></RltdPties><RmtInf><Strd><RfrdDocInf><RfrdDocTp><Prtry>002</Prtry></RfrdDocTp></RfrdDocInf><AddtlRmtInf>NO REF</AddtlRmtInf></Strd><Strd><AddtlRmtInf>CHRISTOPHER O&apos;CONN//tv</AddtlRmtInf></Strd></RmtInf><RltdDts><TxDtTm>2018-09-22T18:23:44</TxDtTm></RltdDts><AddtlTxInf>YBBPI18234423687031020180922826050022</AddtlTxInf></TxDtls><AddtlNtryInf>COMPLETE//0000//003//CREDIT</AddtlNtryInf></Ntry><Ntry><Amt Ccy="GBP">20.00</Amt><CdtDbtInd>CRDT</CdtDbtInd><Sts>BOOK</Sts><BookgDt><Dt>2018-09-24</Dt></BookgDt><BkTxCd><Prtry><Cd>SIP UKBA CR 40269</Cd></Prtry></BkTxCd><TxDtls><Refs><EndToEndId>NOREF</EndToEndId><TxId>200000000389327556</TxId></Refs><RltdPties><Dbtr><Nm>N Sikhosana</Nm></Dbtr><DbtrAcct><Id><PrtryAcct><Id>11049812965663</Id></PrtryAcct></Id></DbtrAcct><Cdtr><Nm>MR TAOFIK BOLADE</Nm></Cdtr><CdtrAcct><Id><PrtryAcct><Id>23008200181929</Id></PrtryAcct></Id></CdtrAcct></RltdPties><RmtInf><Strd><AddtlRmtInf>NO REF</AddtlRmtInf></Strd><Strd><AddtlRmtInf>N Sikhosana//</AddtlRmtInf></Strd></RmtInf><RltdDts><TxDtTm>2018-09-22T18:26:25</TxDtTm></RltdDts><AddtlTxInf>2000000003893275561020180922826110498</AddtlTxInf></TxDtls><AddtlNtryInf>COMPLETE//0000//003//CREDIT</AddtlNtryInf></Ntry></Ntfctn></BkToCstmrDbtCdtNtfctnV01></Document>