<?xml version="1.0" encoding="UTF-8"?><Document xmlns:xsi="http://www.w3.org/2001/XMLSchema-instance" xmlns="urn:iso:std:iso:20022:tech:xsd:camt.054.001.01"><BkToCstmrDbtCdtNtfctnV01><GrpHdr><MsgId>80309K//12271</MsgId><CreDtTm>2018-09-01T10:30:00</CreDtTm></GrpHdr><Ntfctn><Id>80309K//12271//1</Id><CreDtTm>2018-09-01T10:30:00</CreDtTm><Acct><Id><PrtryAcct><Id>20594233939774</Id></PrtryAcct></Id><Ccy>GBP</Ccy></Acct><TxsSummry><TtlNtries><NbOfNtries>15</NbOfNtries><Sum>8992.62</Sum></TtlNtries><TtlCdtNtries><NbOfNtries>13</NbOfNtries><Sum>1860.65</Sum></TtlCdtNtries><TtlDbtNtries><NbOfNtries>2</NbOfNtries><Sum>7131.97</Sum></TtlDbtNtries></TxsSummry><Ntry><Amt Ccy="GBP">62.00</Amt><CdtDbtInd>CRDT</CdtDbtInd><Sts>BOOK</Sts><BookgDt><Dt>2018-09-03</Dt></BookgDt><BkTxCd><Prtry><Cd>SIP UKBA CR 40269</Cd></Prtry></BkTxCd><TxDtls><Refs><EndToEndId>NOREF</EndToEndId><TxId>600000000384333520</TxId></Refs><RltdPties><Dbtr><Nm>D Jones</Nm></Dbtr><DbtrAcct><Id><PrtryAcct><Id>11181132796104</Id></PrtryAcct></Id></DbtrAcct><Cdtr><Nm>DARRAN JONES</Nm></Cdtr><CdtrAcct><Id><PrtryAcct><Id>23008200125402</Id></PrtryAcct></Id></CdtrAcct><Prtry><Tp>ARRO</Tp><Pty/></Prtry></RltdPties><RmtInf><Strd><AddtlRmtInf>NO REF</AddtlRmtInf></Strd><Strd><AddtlRmtInf>D Jones//ARRO</AddtlRmtInf></Strd></RmtInf><RltdDts><TxDtTm>2018-09-01T10:01:47</TxDtTm></RltdDts><AddtlTxInf>6000000003843335201020180901826111811</AddtlTxInf></TxDtls><AddtlNtryInf>COMPLETE//0000//003//CREDIT</AddtlNtryInf></Ntry><Ntry><Amt Ccy="GBP">5.00</Amt><CdtDbtInd>CRDT</CdtDbtInd><Sts>BOOK</Sts><BookgDt><Dt>2018-09-03</Dt></BookgDt><BkTxCd><Prtry><Cd>FDP UKBA CR 40269</Cd></Prtry></BkTxCd><TxDtls><Refs><EndToEndId>NOREF</EndToEndId><TxId>5424281530011118CN</TxId><Prtry><Tp>STO REF</Tp><Ref>0000</Ref></Prtry></Refs><RltdPties><Dbtr><Nm>MR MARTIN JAY</Nm><PstlAdr><AdrLine>MR MARTIN JAY;6 FREEMANS VIEW;HAV;</AdrLine><AdrLine>ERFORDWEST;UNITED KINGDOM SA61 1LG</AdrLine><Ctry/></PstlAdr></Dbtr><DbtrAcct><Id><PrtryAcct><Id>40642010614568</Id></PrtryAcct></Id></DbtrAcct><Cdtr><Nm>ARRO</Nm></Cdtr><CdtrAcct><Id><PrtryAcct><Id>23008200018291</Id></PrtryAcct></Id></CdtrAcct><Prtry><Tp>BILLS . ARRO</Tp><Pty/></Prtry></RltdPties><RmtInf><Strd><AddtlRmtInf>NO REF</AddtlRmtInf></Strd><Strd><AddtlRmtInf>MR MARTIN JAY//BILLS . ARRO</AddtlRmtInf></Strd></RmtInf><RltdDts><TxDtTm>2018-09-01T10:03:53</TxDtTm></RltdDts><AddtlTxInf>5424281530011118CN4020180901826400250</AddtlTxInf></TxDtls><AddtlNtryInf>COMPLETE//0000//003//CREDIT</AddtlNtryInf></Ntry><Ntry><Amt Ccy="GBP">350.00</Amt><CdtDbtInd>CRDT</CdtDbtInd><Sts>BOOK</Sts><BookgDt><Dt>2018-09-03</Dt></BookgDt><BkTxCd><Prtry><Cd>SIP UKBA CR 40269</Cd></Prtry></BkTxCd><TxDtls><Refs><EndToEndId>NOREF</EndToEndId><TxId>178346654001109001</TxId><Prtry><Tp>STO REF</Tp><Ref>0000</Ref></Prtry></Refs><RltdPties><Dbtr><Nm>GRIFFITHS J</Nm></Dbtr><DbtrAcct><Id><PrtryAcct><Id>40261121787691</Id></PrtryAcct></Id></DbtrAcct><Cdtr><Nm>SOPHIE ELLIS</Nm></Cdtr><CdtrAcct><Id><PrtryAcct><Id>23008200425064</Id></PrtryAcct></Id></CdtrAcct></RltdPties><RmtInf><Strd><AddtlRmtInf>NO REF</AddtlRmtInf></Strd><Strd><AddtlRmtInf>GRIFFITHS J//</AddtlRmtInf></Strd></RmtInf><RltdDts><TxDtTm>2018-09-01T10:04:57</TxDtTm></RltdDts><AddtlTxInf>1783466540011090011020180901826402611</AddtlTxInf></TxDtls><AddtlNtryInf>COMPLETE//0000//003//CREDIT</AddtlNtryInf></Ntry><Ntry><Amt Ccy="GBP">70.00</Amt><CdtDbtInd>CRDT</CdtDbtInd><Sts>BOOK</Sts><BookgDt><Dt>2018-09-03</Dt></BookgDt><BkTxCd><Prtry><Cd>SIP UKBA CR 40269</Cd></Prtry></BkTxCd><TxDtls><Refs><EndToEndId>00157276632BBBSRVH</EndToEndId><TxId>00157276632BBBSRVH</TxId></Refs><RltdPties><Dbtr><Nm>KYLE MUNRO</Nm></Dbtr><DbtrAcct><Id><PrtryAcct><Id>09012851292505</Id></PrtryAcct></Id></DbtrAcct><Cdtr><Nm>Qwerty</Nm></Cdtr><CdtrAcct><Id><PrtryAcct><Id>23008200350338</Id></PrtryAcct></Id></CdtrAcct><Prtry><Tp>WORK</Tp><Pty/></Prtry></RltdPties><RmtInf><Strd><AddtlRmtInf>NO REF</AddtlRmtInf></Strd><Strd><AddtlRmtInf>KYLE MUNRO//WORK</AddtlRmtInf></Strd></RmtInf><RltdDts><TxDtTm>2018-09-01T10:05:35</TxDtTm></RltdDts><AddtlTxInf>00157276632BBBSRVH1020180901826090128</AddtlTxInf></TxDtls><AddtlNtryInf>COMPLETE//0000//003//CREDIT</AddtlNtryInf></Ntry><Ntry><Amt Ccy="GBP">50.00</Amt><CdtDbtInd>CRDT</CdtDbtInd><Sts>BOOK</Sts><BookgDt><Dt>2018-09-03</Dt></BookgDt><BkTxCd><Prtry><Cd>SIP UKBA CR 40269</Cd></Prtry></BkTxCd><TxDtls><Refs><EndToEndId>NOREF</EndToEndId><TxId>200000000382944060</TxId></Refs><RltdPties><Dbtr><Nm>A Ahmad</Nm></Dbtr><DbtrAcct><Id><PrtryAcct><Id>11000134680464</Id></PrtryAcct></Id></DbtrAcct><Cdtr><Nm>A AHMAD</Nm></Cdtr><CdtrAcct><Id><PrtryAcct><Id>23008200052295</Id></PrtryAcct></Id></CdtrAcct><Prtry><Tp>BILL PAYMEN</Tp><Pty/></Prtry></RltdPties><RmtInf><Strd><AddtlRmtInf>NO REF</AddtlRmtInf></Strd><Strd><AddtlRmtInf>A Ahmad//BILL PAYMEN</AddtlRmtInf></Strd></RmtInf><RltdDts><TxDtTm>2018-09-01T10:05:55</TxDtTm></RltdDts><AddtlTxInf>2000000003829440601020180901826110001</AddtlTxInf></TxDtls><AddtlNtryInf>COMPLETE//0000//003//CREDIT</AddtlNtryInf></Ntry><Ntry><Amt Ccy="GBP">10.00</Amt><CdtDbtInd>CRDT</CdtDbtInd><Sts>BOOK</Sts><BookgDt><Dt>2018-09-03</Dt></BookgDt><BkTxCd><Prtry><Cd>SIP UKBA CR 40269</Cd></Prtry></BkTxCd><TxDtls><Refs><EndToEndId>NOREF</EndToEndId><TxId>RP4659983595497300</TxId></Refs><RltdPties><Dbtr><Nm>T A MARSHALL</Nm></Dbtr><DbtrAcct><Id><PrtryAcct><Id>20396480598240</Id></PrtryAcct></Id></DbtrAcct><Cdtr><Nm>T A MARSHALL</Nm></Cdtr><CdtrAcct><Id><PrtryAcct><Id>23008200033369</Id></PrtryAcct></Id></CdtrAcct><Prtry><Tp>ME TEST</Tp><Pty/></Prtry></RltdPties><RmtInf><Strd><AddtlRmtInf>NO REF</AddtlRmtInf></Strd><Strd><AddtlRmtInf>T A MARSHALL//ME TEST</AddtlRmtInf></Strd></RmtInf><RltdDts><TxDtTm>2018-09-01T10:06:31</TxDtTm></RltdDts><AddtlTxInf>RP46599835954973001020180901826200026</AddtlTxInf></TxDtls><AddtlNtryInf>COMPLETE//0000//003//CREDIT</AddtlNtryInf></Ntry><Ntry><Amt Ccy="GBP">0.80</Amt><CdtDbtInd>CRDT</CdtDbtInd><Sts>BOOK</Sts><BookgDt><Dt>2018-09-03</Dt></BookgDt><BkTxCd><Prtry><Cd>SIP UKBA CR 40269</Cd></Prtry></BkTxCd><TxDtls><Refs><EndToEndId>NOREF</EndToEndId><TxId>400000000389411138</TxId></Refs><RltdPties><Dbtr><Nm>C Brown</Nm></Dbtr><DbtrAcct><Id><PrtryAcct><Id>11020900620759</Id></PrtryAcct></Id></DbtrAcct><Cdtr><Nm>MISS KAITLIN BROWN</Nm></Cdtr><CdtrAcct><Id><PrtryAcct><Id>23008200119340</Id></PrtryAcct></Id></CdtrAcct><Prtry><Tp>ME</Tp><Pty/></Prtry></RltdPties><RmtInf><Strd><AddtlRmtInf>NO REF</AddtlRmtInf></Strd><Strd><AddtlRmtInf>C Brown//ME</AddtlRmtInf></Strd></RmtInf><RltdDts><TxDtTm>2018-09-01T10:08:21</TxDtTm></RltdDts><AddtlTxInf>4000000003894111381020180901826110209</AddtlTxInf></TxDtls><AddtlNtryInf>COMPLETE//0000//003//CREDIT</AddtlNtryInf></Ntry><Ntry><Amt Ccy="GBP">675.38</Amt><CdtDbtInd>CRDT</CdtDbtInd><Sts>BOOK</Sts><BookgDt><Dt>2018-09-03</Dt></BookgDt><BkTxCd><Prtry><Cd>SIP UKBA CR 40269</Cd></Prtry></BkTxCd><TxDtls><Refs><EndToEndId>00152053632BPLGYPW</EndToEndId><TxId>00152053632BPLGYPW</TxId></Refs><RltdPties><Dbtr><Nm>SANIL CHOHAN</Nm></Dbtr><DbtrAcct><Id><PrtryAcct><Id>09013204372682</Id></PrtryAcct></Id></DbtrAcct><Cdtr><Nm>Morrant Group</Nm></Cdtr><CdtrAcct><Id><PrtryAcct><Id>23008200425027</Id></PrtryAcct></Id></CdtrAcct><Prtry><Tp>Stockton Star</Tp><Pty/></Prtry></RltdPties><RmtInf><Strd><AddtlRmtInf>NO REF</AddtlRmtInf></Strd><Strd><AddtlRmtInf>SANIL CHOHAN//Stockton Star</AddtlRmtInf></Strd></RmtInf><RltdDts><TxDtTm>2018-09-01T10:14:40</TxDtTm></RltdDts><AddtlTxInf>00152053632BPLGYPW1020180901826090132</AddtlTxInf></TxDtls><AddtlNtryInf>COMPLETE//0000//003//CREDIT</AddtlNtryInf></Ntry><Ntry><Amt Ccy="GBP">10.00</Amt><CdtDbtInd>CRDT</CdtDbtInd><Sts>BOOK</Sts><BookgDt><Dt>2018-09-03</Dt></BookgDt><BkTxCd><Prtry><Cd>SIP UKBA CR 40269</Cd></Prtry></BkTxCd><TxDtls><Refs><EndToEndId>NOREF</EndToEndId><TxId>RP4659983596281400</TxId></Refs><RltdPties><Dbtr><Nm>STEPIEN L</Nm></Dbtr><DbtrAcct><Id><PrtryAcct><Id>20632543389510</Id></PrtryAcct></Id></DbtrAcct><Cdtr><Nm>MISS NATALIA BIROO</Nm></Cdtr><CdtrAcct><Id><PrtryAcct><Id>23008200187243</Id></PrtryAcct></Id></CdtrAcct><Prtry><Tp>XXC</Tp><Pty/></Prtry></RltdPties><RmtInf><Strd><AddtlRmtInf>NO REF</AddtlRmtInf></Strd><Strd><AddtlRmtInf>STEPIEN L//XXC</AddtlRmtInf></Strd></RmtInf><RltdDts><TxDtTm>2018-09-01T10:15:05</TxDtTm></RltdDts><AddtlTxInf>RP46599835962814001020180901826200026</AddtlTxInf></TxDtls><AddtlNtryInf>COMPLETE//0000//003//CREDIT</AddtlNtryInf></Ntry><Ntry><Amt Ccy="GBP">350.00</Amt><CdtDbtInd>CRDT</CdtDbtInd><Sts>BOOK</Sts><BookgDt><Dt>2018-09-03</Dt></BookgDt><BkTxCd><Prtry><Cd>SIP UKBA CR 40269</Cd></Prtry></BkTxCd><TxDtls><Refs><EndToEndId>BANJI</EndToEndId><TxId>20101617785180000N</TxId><Prtry><Tp>STO REF</Tp><Ref>0000</Ref></Prtry></Refs><RltdPties><Dbtr><Nm>OYENEKAN S A</Nm></Dbtr><DbtrAcct><Id><PrtryAcct><Id>60213460672048</Id></PrtryAcct></Id></DbtrAcct><Cdtr><Nm>JOLAYEMIOLAFE</Nm></Cdtr><CdtrAcct><Id><PrtryAcct><Id>23008200025823</Id></PrtryAcct></Id></CdtrAcct><Prtry><Tp>BANJI</Tp><Pty/></Prtry></RltdPties><RmtInf><Strd><AddtlRmtInf>OYENEKAN S A      BANJI             VIA MOBILE - PYMT</AddtlRmtInf></Strd><Strd><AddtlRmtInf>OYENEKAN S A//BANJI</AddtlRmtInf></Strd></RmtInf><RltdDts><TxDtTm>2018-09-01T10:16:18</TxDtTm></RltdDts><AddtlTxInf>20101617785180000N1020180901826602134</AddtlTxInf></TxDtls><AddtlNtryInf>COMPLETE//0000//003//CREDIT</AddtlNtryInf></Ntry><Ntry><Amt Ccy="GBP">3683.50</Amt><CdtDbtInd>DBIT</CdtDbtInd><Sts>BOOK</Sts><BookgDt><Dt>2018-09-03</Dt></BookgDt><BkTxCd><Prtry><Cd>AUT UKBA DR 30278</Cd></Prtry></BkTxCd><TxDtls><Refs><TxId>000000000334885600</TxId></Refs><RltdPties><DbtrAcct><Id><PrtryAcct><Id>20594233939774</Id></PrtryAcct></Id></DbtrAcct></RltdPties><RmtInf><Strd><AddtlRmtInf>NO REF</AddtlRmtInf></Strd><Strd><AddtlRmtInf>20180901A44639//7S      F0V62QK514</AddtlRmtInf></Strd></RmtInf><RltdDts><TxDtTm>2018-09-01T10:17:00</TxDtTm></RltdDts><AddtlTxInf>0000000003348856000020180901826205942</AddtlTxInf></TxDtls><AddtlNtryInf>AUTHSENT//0000//003//DEBIT</AddtlNtryInf></Ntry><Ntry><Amt Ccy="GBP">3448.47</Amt><CdtDbtInd>DBIT</CdtDbtInd><Sts>BOOK</Sts><BookgDt><Dt>2018-09-03</Dt></BookgDt><BkTxCd><Prtry><Cd>AUT UKBA DR 30278</Cd></Prtry></BkTxCd><TxDtls><Refs><TxId>000000000334885700</TxId></Refs><RltdPties><DbtrAcct><Id><PrtryAcct><Id>20594233939774</Id></PrtryAcct></Id></DbtrAcct></RltdPties><RmtInf><Strd><AddtlRmtInf>NO REF</AddtlRmtInf></Strd><Strd><AddtlRmtInf>20180901A44639//7S      F0USTG9512</AddtlRmtInf></Strd></RmtInf><RltdDts><TxDtTm>2018-09-01T10:17:10</TxDtTm></RltdDts><AddtlTxInf>0000000003348857000020180901826205942</AddtlTxInf></TxDtls><AddtlNtryInf>AUTHSENT//0000//003//DEBIT</AddtlNtryInf></Ntry><Ntry><Amt Ccy="GBP">39.47</Amt><CdtDbtInd>CRDT</CdtDbtInd><Sts>BOOK</Sts><BookgDt><Dt>2018-09-03</Dt></BookgDt><BkTxCd><Prtry><Cd>DCA UKBA CR 40269</Cd></Prtry></BkTxCd><TxDtls><Refs><EndToEndId>NOREF</EndToEndId><TxId>000000013442961801</TxId><Prtry><Tp>STO REF</Tp><Ref>0000</Ref></Prtry></Refs><RltdPties><Dbtr><Nm>23008200350539</Nm></Dbtr><DbtrAcct><Id><PrtryAcct><Id>20594233939774</Id></PrtryAcct></Id></DbtrAcct><Cdtr><Nm>HAITHAM ALASALY</Nm></Cdtr><CdtrAcct><Id><PrtryAcct><Id>23008200351485</Id></PrtryAcct></Id></CdtrAcct><Prtry><Tp>FRIEND</Tp><Pty/></Prtry></RltdPties><RmtInf><Strd><AddtlRmtInf>NO REF</AddtlRmtInf></Strd><Strd><AddtlRmtInf>23008200350539//FRIEND</AddtlRmtInf></Strd></RmtInf><RltdDts><TxDtTm>2018-09-01T10:17:13</TxDtTm></RltdDts><AddtlTxInf>0000000134429618015020180901826205942</AddtlTxInf></TxDtls><AddtlNtryInf>COMPLETE//0000//003//CREDIT</AddtlNtryInf></Ntry><Ntry><Amt Ccy="GBP">138.00</Amt><CdtDbtInd>CRDT</CdtDbtInd><Sts>BOOK</Sts><BookgDt><Dt>2018-09-03</Dt></BookgDt><BkTxCd><Prtry><Cd>DCA UKBA CR 40269</Cd></Prtry></BkTxCd><TxDtls><Refs><EndToEndId>NOREF</EndToEndId><TxId>000000013442961601</TxId><Prtry><Tp>STO REF</Tp><Ref>0000</Ref></Prtry></Refs><RltdPties><Dbtr><Nm>23008200338913</Nm></Dbtr><DbtrAcct><Id><PrtryAcct><Id>20594233939774</Id></PrtryAcct></Id></DbtrAcct><Cdtr><Nm>DAVIDFERENCIK</Nm></Cdtr><CdtrAcct><Id><PrtryAcct><Id>23008200342334</Id></PrtryAcct></Id></CdtrAcct></RltdPties><RmtInf><Strd><AddtlRmtInf>NO REF</AddtlRmtInf></Strd><Strd><AddtlRmtInf>23008200338913//</AddtlRmtInf></Strd></RmtInf><RltdDts><TxDtTm>2018-09-01T10:17:13</TxDtTm></RltdDts><AddtlTxInf>0000000134429616015020180901826205942</AddtlTxInf></TxDtls><AddtlNtryInf>COMPLETE//0000//003//CREDIT</AddtlNtryInf></Ntry><Ntry><Amt Ccy="GBP">100.00</Amt><CdtDbtInd>CRDT</CdtDbtInd><Sts>BOOK</Sts><BookgDt><Dt>2018-09-03</Dt></BookgDt><BkTxCd><Prtry><Cd>SIP UKBA CR 40269</Cd></Prtry></BkTxCd><TxDtls><Refs><EndToEndId>NOREF</EndToEndId><TxId>180901102256121159</TxId></Refs><RltdPties><Dbtr><Nm>Karyn Irwin</Nm></Dbtr><DbtrAcct><Id><PrtryAcct><Id>77707702028268</Id></PrtryAcct></Id></DbtrAcct><Cdtr><Nm>Amanda Burridge</Nm></Cdtr><CdtrAcct><Id><PrtryAcct><Id>23008200045369</Id></PrtryAcct></Id></CdtrAcct><Prtry><Tp>Mandy</Tp><Pty/></Prtry></RltdPties><RmtInf><Strd><AddtlRmtInf>NO REF</AddtlRmtInf></Strd><Strd><AddtlRmtInf>Karyn Irwin//Mandy</AddtlRmtInf></Strd></RmtInf><RltdDts><TxDtTm>2018-09-01T10:22:53</TxDtTm></RltdDts><AddtlTxInf>1809011022561211591020180901826777077</AddtlTxInf></TxDtls><AddtlNtryInf>COMPLETE//0000//003//CREDIT</AddtlNtryInf></Ntry></Ntfctn></BkToCstmrDbtCdtNtfctnV01></Document>