<?xml version="1.0" encoding="UTF-8"?><Document xmlns:xsi="http://www.w3.org/2001/XMLSchema-instance" xmlns="urn:iso:std:iso:20022:tech:xsd:camt.054.001.01"><BkToCstmrDbtCdtNtfctnV01><GrpHdr><MsgId>80309K//12404</MsgId><CreDtTm>2018-09-04T10:30:00</CreDtTm></GrpHdr><Ntfctn><Id>80309K//12404//1</Id><CreDtTm>2018-09-04T10:30:00</CreDtTm><Acct><Id><PrtryAcct><Id>20594233939774</Id></PrtryAcct></Id><Ccy>GBP</Ccy></Acct><TxsSummry><TtlNtries><NbOfNtries>10</NbOfNtries><Sum>6374.06</Sum></TtlNtries><TtlCdtNtries><NbOfNtries>7</NbOfNtries><Sum>2694.96</Sum></TtlCdtNtries><TtlDbtNtries><NbOfNtries>3</NbOfNtries><Sum>3679.10</Sum></TtlDbtNtries></TxsSummry><Ntry><Amt Ccy="GBP">50.00</Amt><CdtDbtInd>CRDT</CdtDbtInd><Sts>BOOK</Sts><BookgDt><Dt>2018-09-04</Dt></BookgDt><BkTxCd><Prtry><Cd>SIP UKBA CR 40269</Cd></Prtry></BkTxCd><TxDtls><Refs><EndToEndId>PPWD00000000AKNESE</EndToEndId><TxId>PPWD00000000AKNESE</TxId></Refs><RltdPties><Dbtr><Nm>PayPal</Nm><PstlAdr><AdrLine>2211 N 1st Street San Jose CA 95131</AdrLine><Ctry/></PstlAdr></Dbtr><DbtrAcct><Id><PrtryAcct><Id>23526278959595</Id></PrtryAcct></Id></DbtrAcct><Cdtr><Nm>shaun rowley</Nm><PstlAdr><AdrLine>18 Chaucer Road</AdrLine><Ctry/></PstlAdr></Cdtr><CdtrAcct><Id><PrtryAcct><Id>23008200195443</Id></PrtryAcct></Id></CdtrAcct><Prtry><Tp>PPWDL5RP22AKRPHP8J</Tp><Pty/></Prtry></RltdPties><RmtInf><Strd><RfrdDocInf><RfrdDocTp><Prtry>002</Prtry></RfrdDocTp></RfrdDocInf><AddtlRmtInf>NO REF</AddtlRmtInf></Strd><Strd><AddtlRmtInf>PayPal//PPWDL5RP22AKRPHP8J</AddtlRmtInf></Strd></RmtInf><RltdDts><TxDtTm>2018-09-04T10:04:57</TxDtTm></RltdDts><AddtlTxInf>PPWD00000000AKNESE1020180904826235262</AddtlTxInf></TxDtls><AddtlNtryInf>COMPLETE//0000//001//CREDIT</AddtlNtryInf></Ntry><Ntry><Amt Ccy="GBP">69.00</Amt><CdtDbtInd>CRDT</CdtDbtInd><Sts>BOOK</Sts><BookgDt><Dt>2018-09-04</Dt></BookgDt><BkTxCd><Prtry><Cd>SIP UKBA CR 40269</Cd></Prtry></BkTxCd><TxDtls><Refs><EndToEndId>PPWD00000000AKNGZE</EndToEndId><TxId>PPWD00000000AKNGZE</TxId></Refs><RltdPties><Dbtr><Nm>PayPal</Nm><PstlAdr><AdrLine>2211 N 1st Street San Jose CA 95131</AdrLine><Ctry/></PstlAdr></Dbtr><DbtrAcct><Id><PrtryAcct><Id>23526278959595</Id></PrtryAcct></Id></DbtrAcct><Cdtr><Nm>nicholas jones</Nm><PstlAdr><AdrLine>56 Harold Street</AdrLine><Ctry/></PstlAdr></Cdtr><CdtrAcct><Id><PrtryAcct><Id>23008200351123</Id></PrtryAcct></Id></CdtrAcct><Prtry><Tp>PPWDL4J322AKSJCS9L</Tp><Pty/></Prtry></RltdPties><RmtInf><Strd><RfrdDocInf><RfrdDocTp><Prtry>002</Prtry></RfrdDocTp></RfrdDocInf><AddtlRmtInf>NO REF</AddtlRmtInf></Strd><Strd><AddtlRmtInf>PayPal//PPWDL4J322AKSJCS9L</AddtlRmtInf></Strd></RmtInf><RltdDts><TxDtTm>2018-09-04T10:06:04</TxDtTm></RltdDts><AddtlTxInf>PPWD00000000AKNGZE1020180904826235262</AddtlTxInf></TxDtls><AddtlNtryInf>COMPLETE//0000//001//CREDIT</AddtlNtryInf></Ntry><Ntry><Amt Ccy="GBP">20.00</Amt><CdtDbtInd>CRDT</CdtDbtInd><Sts>BOOK</Sts><BookgDt><Dt>2018-09-04</Dt></BookgDt><BkTxCd><Prtry><Cd>SIP UKBA CR 40269</Cd></Prtry></BkTxCd><TxDtls><Refs><EndToEndId>00151037632BBHKNVK</EndToEndId><TxId>00151037632BBHKNVK</TxId></Refs><RltdPties><Dbtr><Nm>KYLE THOMAS</Nm></Dbtr><DbtrAcct><Id><PrtryAcct><Id>09012827849788</Id></PrtryAcct></Id></DbtrAcct><Cdtr><Nm>CLAIRE</Nm></Cdtr><CdtrAcct><Id><PrtryAcct><Id>23008200248775</Id></PrtryAcct></Id></CdtrAcct><Prtry><Tp>Claire</Tp><Pty/></Prtry></RltdPties><RmtInf><Strd><AddtlRmtInf>NO REF</AddtlRmtInf></Strd><Strd><AddtlRmtInf>KYLE THOMAS//Claire</AddtlRmtInf></Strd></RmtInf><RltdDts><TxDtTm>2018-09-04T10:12:24</TxDtTm></RltdDts><AddtlTxInf>00151037632BBHKNVK1020180904826090128</AddtlTxInf></TxDtls><AddtlNtryInf>COMPLETE//0000//001//CREDIT</AddtlNtryInf></Ntry><Ntry><Amt Ccy="GBP">1545.96</Amt><CdtDbtInd>CRDT</CdtDbtInd><Sts>BOOK</Sts><BookgDt><Dt>2018-09-04</Dt></BookgDt><BkTxCd><Prtry><Cd>SIP UKBA CR 40269</Cd></Prtry></BkTxCd><TxDtls><Refs><EndToEndId>NOREF</EndToEndId><TxId>RP4659983800064900</TxId></Refs><RltdPties><Dbtr><Nm>PRIDE SD+AJ</Nm></Dbtr><DbtrAcct><Id><PrtryAcct><Id>20992140168521</Id></PrtryAcct></Id></DbtrAcct><Cdtr><Nm>WHITLEY AND WALFOR</Nm></Cdtr><CdtrAcct><Id><PrtryAcct><Id>23008200360996</Id></PrtryAcct></Id></CdtrAcct><Prtry><Tp>WOODBURNER</Tp><Pty/></Prtry></RltdPties><RmtInf><Strd><AddtlRmtInf>NO REF</AddtlRmtInf></Strd><Strd><AddtlRmtInf>PRIDE SD+AJ//WOODBURNER</AddtlRmtInf></Strd></RmtInf><RltdDts><TxDtTm>2018-09-04T10:16:19</TxDtTm></RltdDts><AddtlTxInf>RP46599838000649001020180904826200026</AddtlTxInf></TxDtls><AddtlNtryInf>COMPLETE//0000//001//CREDIT</AddtlNtryInf></Ntry><Ntry><Amt Ccy="GBP">2628.00</Amt><CdtDbtInd>DBIT</CdtDbtInd><Sts>BOOK</Sts><BookgDt><Dt>2018-09-04</Dt></BookgDt><BkTxCd><Prtry><Cd>AUT UKBA DR 30278</Cd></Prtry></BkTxCd><TxDtls><Refs><TxId>000000000335195200</TxId></Refs><RltdPties><DbtrAcct><Id><PrtryAcct><Id>20594233939774</Id></PrtryAcct></Id></DbtrAcct></RltdPties><RmtInf><Strd><AddtlRmtInf>NO REF</AddtlRmtInf></Strd><Strd><AddtlRmtInf>20180904A44639//7S      F0V633J884</AddtlRmtInf></Strd></RmtInf><RltdDts><TxDtTm>2018-09-04T10:17:13</TxDtTm></RltdDts><AddtlTxInf>0000000003351952000020180904826205942</AddtlTxInf></TxDtls><AddtlNtryInf>AUTHSENT//0000//001//DEBIT</AddtlNtryInf></Ntry><Ntry><Amt Ccy="GBP">1041.10</Amt><CdtDbtInd>DBIT</CdtDbtInd><Sts>BOOK</Sts><BookgDt><Dt>2018-09-04</Dt></BookgDt><BkTxCd><Prtry><Cd>AUT UKBA DR 30278</Cd></Prtry></BkTxCd><TxDtls><Refs><TxId>000000000335195300</TxId></Refs><RltdPties><DbtrAcct><Id><PrtryAcct><Id>20594233939774</Id></PrtryAcct></Id></DbtrAcct></RltdPties><RmtInf><Strd><AddtlRmtInf>NO REF</AddtlRmtInf></Strd><Strd><AddtlRmtInf>20180904A44639//7S      F0USTMA882</AddtlRmtInf></Strd></RmtInf><RltdDts><TxDtTm>2018-09-04T10:17:22</TxDtTm></RltdDts><AddtlTxInf>0000000003351953000020180904826205942</AddtlTxInf></TxDtls><AddtlNtryInf>AUTHSENT//0000//001//DEBIT</AddtlNtryInf></Ntry><Ntry><Amt Ccy="GBP">10.00</Amt><CdtDbtInd>DBIT</CdtDbtInd><Sts>BOOK</Sts><BookgDt><Dt>2018-09-04</Dt></BookgDt><BkTxCd><Prtry><Cd>AUT UKBA DR 30278</Cd></Prtry></BkTxCd><TxDtls><Refs><TxId>000000000335195400</TxId></Refs><RltdPties><DbtrAcct><Id><PrtryAcct><Id>20594233939774</Id></PrtryAcct></Id></DbtrAcct></RltdPties><RmtInf><Strd><AddtlRmtInf>NO REF</AddtlRmtInf></Strd><Strd><AddtlRmtInf>20180904A44639//7S      F0USSO3880</AddtlRmtInf></Strd></RmtInf><RltdDts><TxDtTm>2018-09-04T10:17:32</TxDtTm></RltdDts><AddtlTxInf>0000000003351954000020180904826205942</AddtlTxInf></TxDtls><AddtlNtryInf>AUTHSENT//0000//001//DEBIT</AddtlNtryInf></Ntry><Ntry><Amt Ccy="GBP">450.00</Amt><CdtDbtInd>CRDT</CdtDbtInd><Sts>BOOK</Sts><BookgDt><Dt>2018-09-04</Dt></BookgDt><BkTxCd><Prtry><Cd>SIP UKBA CR 40269</Cd></Prtry></BkTxCd><TxDtls><Refs><EndToEndId>00151034632BBGHBCP</EndToEndId><TxId>00151034632BBGHBCP</TxId></Refs><RltdPties><Dbtr><Nm>RICHARD POINTON</Nm></Dbtr><DbtrAcct><Id><PrtryAcct><Id>09012712659371</Id></PrtryAcct></Id></DbtrAcct><Cdtr><Nm>JAYDEN CAMPBELL</Nm></Cdtr><CdtrAcct><Id><PrtryAcct><Id>23008200428619</Id></PrtryAcct></Id></CdtrAcct><Prtry><Tp>Rent</Tp><Pty/></Prtry></RltdPties><RmtInf><Strd><AddtlRmtInf>NO REF</AddtlRmtInf></Strd><Strd><AddtlRmtInf>RICHARD POINTON//Rent</AddtlRmtInf></Strd></RmtInf><RltdDts><TxDtTm>2018-09-04T10:21:50</TxDtTm></RltdDts><AddtlTxInf>00151034632BBGHBCP1020180904826090127</AddtlTxInf></TxDtls><AddtlNtryInf>COMPLETE//0000//001//CREDIT</AddtlNtryInf></Ntry><Ntry><Amt Ccy="GBP">540.00</Amt><CdtDbtInd>CRDT</CdtDbtInd><Sts>BOOK</Sts><BookgDt><Dt>2018-09-04</Dt></BookgDt><BkTxCd><Prtry><Cd>DCA UKBA CR 40269</Cd></Prtry></BkTxCd><TxDtls><Refs><EndToEndId>NOREF</EndToEndId><TxId>000000013464186801</TxId><Prtry><Tp>STO REF</Tp><Ref>4560</Ref></Prtry></Refs><RltdPties><Dbtr><Nm>DIANA SOFIA VEIRA</Nm></Dbtr><DbtrAcct><Id><PrtryAcct><Id>20035373152596</Id></PrtryAcct></Id></DbtrAcct><Cdtr><Nm>MY ARROW</Nm></Cdtr><CdtrAcct><Id><PrtryAcct><Id>23008200112670</Id></PrtryAcct></Id></CdtrAcct><Prtry><Tp>MY ARROW</Tp><Pty/></Prtry></RltdPties><RmtInf><Strd><AddtlRmtInf>NO REF</AddtlRmtInf></Strd><Strd><AddtlRmtInf>DIANA SOFIA VEIRA//MY ARROW</AddtlRmtInf></Strd></RmtInf><RltdDts><TxDtTm>2018-09-04T10:22:04</TxDtTm></RltdDts><AddtlTxInf>0000000134641868015020180904826200353</AddtlTxInf></TxDtls><AddtlNtryInf>COMPLETE//0000//001//CREDIT</AddtlNtryInf></Ntry><Ntry><Amt Ccy="GBP">20.00</Amt><CdtDbtInd>CRDT</CdtDbtInd><Sts>BOOK</Sts><BookgDt><Dt>2018-09-04</Dt></BookgDt><BkTxCd><Prtry><Cd>SIP UKBA CR 40269</Cd></Prtry></BkTxCd><TxDtls><Refs><EndToEndId>NOREF</EndToEndId><TxId>RP4679960554336700</TxId></Refs><RltdPties><Dbtr><Nm>WALTON NATASHA J</Nm></Dbtr><DbtrAcct><Id><PrtryAcct><Id>20709400636355</Id></PrtryAcct></Id></DbtrAcct><Cdtr><Nm>MY ARROR</Nm></Cdtr><CdtrAcct><Id><PrtryAcct><Id>23008200109684</Id></PrtryAcct></Id></CdtrAcct><Prtry><Tp>TASH</Tp><Pty/></Prtry></RltdPties><RmtInf><Strd><AddtlRmtInf>NO REF</AddtlRmtInf></Strd><Strd><AddtlRmtInf>WALTON NATASHA J//TASH</AddtlRmtInf></Strd></RmtInf><RltdDts><TxDtTm>2018-09-04T10:24:19</TxDtTm></RltdDts><AddtlTxInf>RP46799605543367001020180904826200026</AddtlTxInf></TxDtls><AddtlNtryInf>COMPLETE//0000//001//CREDIT</AddtlNtryInf></Ntry></Ntfctn></BkToCstmrDbtCdtNtfctnV01></Document>