<?xml version="1.0" encoding="UTF-8"?><Document xmlns:xsi="http://www.w3.org/2001/XMLSchema-instance" xmlns="urn:iso:std:iso:20022:tech:xsd:camt.054.001.01"><BkToCstmrDbtCdtNtfctnV01><GrpHdr><MsgId>80309K//13457</MsgId><CreDtTm>2018-09-28T18:00:00</CreDtTm></GrpHdr><Ntfctn><Id>80309K//13457//1</Id><CreDtTm>2018-09-28T18:00:00</CreDtTm><Acct><Id><PrtryAcct><Id>20594233939774</Id></PrtryAcct></Id><Ccy>GBP</Ccy></Acct><TxsSummry><TtlNtries><NbOfNtries>15</NbOfNtries><Sum>1128.50</Sum></TtlNtries><TtlCdtNtries><NbOfNtries>15</NbOfNtries><Sum>1128.50</Sum></TtlCdtNtries><TtlDbtNtries><NbOfNtries>0</NbOfNtries><Sum>0.00</Sum></TtlDbtNtries></TxsSummry><Ntry><Amt Ccy="GBP">430.00</Amt><CdtDbtInd>CRDT</CdtDbtInd><Sts>BOOK</Sts><BookgDt><Dt>2018-09-28</Dt></BookgDt><BkTxCd><Prtry><Cd>SIP UKBA CR 40269</Cd></Prtry></BkTxCd><TxDtls><Refs><EndToEndId>INV AH15</EndToEndId><TxId>61173250648263000N</TxId><Prtry><Tp>STO REF</Tp><Ref>0000</Ref></Prtry></Refs><RltdPties><Dbtr><Nm>HUSSAIN S</Nm></Dbtr><DbtrAcct><Id><PrtryAcct><Id>60050114686260</Id></PrtryAcct></Id></DbtrAcct><Cdtr><Nm>PRESTIGE CAR HIRE</Nm></Cdtr><CdtrAcct><Id><PrtryAcct><Id>23008200224439</Id></PrtryAcct></Id></CdtrAcct><Prtry><Tp>INV AH15</Tp><Pty/></Prtry></RltdPties><RmtInf><Strd><AddtlRmtInf>HUSSAIN S         INV AH15          VIA ONLINE - PYMT</AddtlRmtInf></Strd><Strd><AddtlRmtInf>HUSSAIN S//INV AH15</AddtlRmtInf></Strd></RmtInf><RltdDts><TxDtTm>2018-09-28T17:32:51</TxDtTm></RltdDts><AddtlTxInf>61173250648263000N1020180928826600501</AddtlTxInf></TxDtls><AddtlNtryInf>COMPLETE//0000//003//CREDIT</AddtlNtryInf></Ntry><Ntry><Amt Ccy="GBP">10.00</Amt><CdtDbtInd>CRDT</CdtDbtInd><Sts>BOOK</Sts><BookgDt><Dt>2018-09-28</Dt></BookgDt><BkTxCd><Prtry><Cd>SIP UKBA CR 40269</Cd></Prtry></BkTxCd><TxDtls><Refs><EndToEndId>NOREF</EndToEndId><TxId>FP18271O11987335</TxId></Refs><RltdPties><Dbtr><Nm>Tomlinson Andrew</Nm></Dbtr><DbtrAcct><Id><PrtryAcct><Id>07043611122042</Id></PrtryAcct></Id></DbtrAcct><Cdtr><Nm>A TOMLINSON</Nm></Cdtr><CdtrAcct><Id><PrtryAcct><Id>23008200003300</Id></PrtryAcct></Id></CdtrAcct><Prtry><Tp>BILLS</Tp><Pty/></Prtry></RltdPties><RmtInf><Strd><AddtlRmtInf>NO REF</AddtlRmtInf></Strd><Strd><AddtlRmtInf>Tomlinson Andrew//BILLS</AddtlRmtInf></Strd></RmtInf><RltdDts><TxDtTm>2018-09-28T17:33:30</TxDtTm></RltdDts><AddtlTxInf>FP18271O11987335  1020180928826070436</AddtlTxInf></TxDtls><AddtlNtryInf>COMPLETE//0000//003//CREDIT</AddtlNtryInf></Ntry><Ntry><Amt Ccy="GBP">1.00</Amt><CdtDbtInd>CRDT</CdtDbtInd><Sts>BOOK</Sts><BookgDt><Dt>2018-09-28</Dt></BookgDt><BkTxCd><Prtry><Cd>SIP UKBA CR 40269</Cd></Prtry></BkTxCd><TxDtls><Refs><EndToEndId>DAD</EndToEndId><TxId>54173331888843000R</TxId><Prtry><Tp>STO REF</Tp><Ref>0000</Ref></Prtry></Refs><RltdPties><Dbtr><Nm>GLYNN-MILLS L &amp; J</Nm></Dbtr><DbtrAcct><Id><PrtryAcct><Id>16142411284300</Id></PrtryAcct></Id></DbtrAcct><Cdtr><Nm>SIMON MILLS</Nm></Cdtr><CdtrAcct><Id><PrtryAcct><Id>23008200231360</Id></PrtryAcct></Id></CdtrAcct><Prtry><Tp>DAD</Tp><Pty/></Prtry></RltdPties><RmtInf><Strd><AddtlRmtInf>GLYNN-MILLS L &amp; J DAD               VIA MOBILE - LVP</AddtlRmtInf></Strd><Strd><AddtlRmtInf>GLYNN-MILLS L &amp; J//DAD</AddtlRmtInf></Strd></RmtInf><RltdDts><TxDtTm>2018-09-28T17:33:32</TxDtTm></RltdDts><AddtlTxInf>54173331888843000R1020180928826161424</AddtlTxInf></TxDtls><AddtlNtryInf>COMPLETE//0000//003//CREDIT</AddtlNtryInf></Ntry><Ntry><Amt Ccy="GBP">25.00</Amt><CdtDbtInd>CRDT</CdtDbtInd><Sts>BOOK</Sts><BookgDt><Dt>2018-09-28</Dt></BookgDt><BkTxCd><Prtry><Cd>SIP UKBA CR 40269</Cd></Prtry></BkTxCd><TxDtls><Refs><EndToEndId>NOREF</EndToEndId><TxId>64173603135300000N</TxId><Prtry><Tp>STO REF</Tp><Ref>0000</Ref></Prtry></Refs><RltdPties><Dbtr><Nm>WHG (INTERNATIONAL</Nm></Dbtr><DbtrAcct><Id><PrtryAcct><Id>60954439080519</Id></PrtryAcct></Id></DbtrAcct><Cdtr><Nm>STEPHEN PRESTON</Nm></Cdtr><CdtrAcct><Id><PrtryAcct><Id>23008200446234</Id></PrtryAcct></Id></CdtrAcct><Prtry><Tp>554483993</Tp><Pty/></Prtry></RltdPties><RmtInf><Strd><AddtlRmtInf>WHG (INTERNATIONAL554483993</AddtlRmtInf></Strd><Strd><AddtlRmtInf>WHG (INTERNATIONAL//554483993</AddtlRmtInf></Strd></RmtInf><RltdDts><TxDtTm>2018-09-28T17:36:03</TxDtTm></RltdDts><AddtlTxInf>64173603135300000N1020180928826609544</AddtlTxInf></TxDtls><AddtlNtryInf>COMPLETE//0000//003//CREDIT</AddtlNtryInf></Ntry><Ntry><Amt Ccy="GBP">17.00</Amt><CdtDbtInd>CRDT</CdtDbtInd><Sts>BOOK</Sts><BookgDt><Dt>2018-09-28</Dt></BookgDt><BkTxCd><Prtry><Cd>SIP UKBA CR 40269</Cd></Prtry></BkTxCd><TxDtls><Refs><EndToEndId>NOREF</EndToEndId><TxId>08173603819818000N</TxId><Prtry><Tp>STO REF</Tp><Ref>0000</Ref></Prtry></Refs><RltdPties><Dbtr><Nm>WHG (INTERNATIONAL</Nm></Dbtr><DbtrAcct><Id><PrtryAcct><Id>60954439080519</Id></PrtryAcct></Id></DbtrAcct><Cdtr><Nm>EMILY MILLETT</Nm></Cdtr><CdtrAcct><Id><PrtryAcct><Id>23008200460816</Id></PrtryAcct></Id></CdtrAcct><Prtry><Tp>554598789</Tp><Pty/></Prtry></RltdPties><RmtInf><Strd><AddtlRmtInf>WHG (INTERNATIONAL554598789</AddtlRmtInf></Strd><Strd><AddtlRmtInf>WHG (INTERNATIONAL//554598789</AddtlRmtInf></Strd></RmtInf><RltdDts><TxDtTm>2018-09-28T17:36:04</TxDtTm></RltdDts><AddtlTxInf>08173603819818000N1020180928826609544</AddtlTxInf></TxDtls><AddtlNtryInf>COMPLETE//0000//003//CREDIT</AddtlNtryInf></Ntry><Ntry><Amt Ccy="GBP">22.50</Amt><CdtDbtInd>CRDT</CdtDbtInd><Sts>BOOK</Sts><BookgDt><Dt>2018-09-28</Dt></BookgDt><BkTxCd><Prtry><Cd>SIP UKBA CR 40269</Cd></Prtry></BkTxCd><TxDtls><Refs><EndToEndId>NOREF</EndToEndId><TxId>34173605418077000N</TxId><Prtry><Tp>STO REF</Tp><Ref>0000</Ref></Prtry></Refs><RltdPties><Dbtr><Nm>WHG (INTERNATIONAL</Nm></Dbtr><DbtrAcct><Id><PrtryAcct><Id>60954439080519</Id></PrtryAcct></Id></DbtrAcct><Cdtr><Nm>ADRIAN FLOWERS</Nm></Cdtr><CdtrAcct><Id><PrtryAcct><Id>23008200467880</Id></PrtryAcct></Id></CdtrAcct><Prtry><Tp>554594289</Tp><Pty/></Prtry></RltdPties><RmtInf><Strd><AddtlRmtInf>WHG (INTERNATIONAL554594289</AddtlRmtInf></Strd><Strd><AddtlRmtInf>WHG (INTERNATIONAL//554594289</AddtlRmtInf></Strd></RmtInf><RltdDts><TxDtTm>2018-09-28T17:36:05</TxDtTm></RltdDts><AddtlTxInf>34173605418077000N1020180928826609544</AddtlTxInf></TxDtls><AddtlNtryInf>COMPLETE//0000//003//CREDIT</AddtlNtryInf></Ntry><Ntry><Amt Ccy="GBP">11.00</Amt><CdtDbtInd>CRDT</CdtDbtInd><Sts>BOOK</Sts><BookgDt><Dt>2018-09-28</Dt></BookgDt><BkTxCd><Prtry><Cd>SIP UKBA CR 40269</Cd></Prtry></BkTxCd><TxDtls><Refs><EndToEndId>NOREF</EndToEndId><TxId>19173605692234000N</TxId><Prtry><Tp>STO REF</Tp><Ref>0000</Ref></Prtry></Refs><RltdPties><Dbtr><Nm>WHG (INTERNATIONAL</Nm></Dbtr><DbtrAcct><Id><PrtryAcct><Id>60954439080519</Id></PrtryAcct></Id></DbtrAcct><Cdtr><Nm>DAVID CATT</Nm></Cdtr><CdtrAcct><Id><PrtryAcct><Id>23008200468117</Id></PrtryAcct></Id></CdtrAcct><Prtry><Tp>554600542</Tp><Pty/></Prtry></RltdPties><RmtInf><Strd><AddtlRmtInf>WHG (INTERNATIONAL554600542</AddtlRmtInf></Strd><Strd><AddtlRmtInf>WHG (INTERNATIONAL//554600542</AddtlRmtInf></Strd></RmtInf><RltdDts><TxDtTm>2018-09-28T17:36:06</TxDtTm></RltdDts><AddtlTxInf>19173605692234000N1020180928826609544</AddtlTxInf></TxDtls><AddtlNtryInf>COMPLETE//0000//003//CREDIT</AddtlNtryInf></Ntry><Ntry><Amt Ccy="GBP">33.00</Amt><CdtDbtInd>CRDT</CdtDbtInd><Sts>BOOK</Sts><BookgDt><Dt>2018-09-28</Dt></BookgDt><BkTxCd><Prtry><Cd>SIP UKBA CR 40269</Cd></Prtry></BkTxCd><TxDtls><Refs><EndToEndId>NOREF</EndToEndId><TxId>22173605805722000N</TxId><Prtry><Tp>STO REF</Tp><Ref>0000</Ref></Prtry></Refs><RltdPties><Dbtr><Nm>WHG (INTERNATIONAL</Nm></Dbtr><DbtrAcct><Id><PrtryAcct><Id>60954439080519</Id></PrtryAcct></Id></DbtrAcct><Cdtr><Nm>LEIGH HENDERSON</Nm></Cdtr><CdtrAcct><Id><PrtryAcct><Id>23008200468598</Id></PrtryAcct></Id></CdtrAcct><Prtry><Tp>554602263</Tp><Pty/></Prtry></RltdPties><RmtInf><Strd><AddtlRmtInf>WHG (INTERNATIONAL554602263</AddtlRmtInf></Strd><Strd><AddtlRmtInf>WHG (INTERNATIONAL//554602263</AddtlRmtInf></Strd></RmtInf><RltdDts><TxDtTm>2018-09-28T17:36:06</TxDtTm></RltdDts><AddtlTxInf>22173605805722000N1020180928826609544</AddtlTxInf></TxDtls><AddtlNtryInf>COMPLETE//0000//003//CREDIT</AddtlNtryInf></Ntry><Ntry><Amt Ccy="GBP">12.00</Amt><CdtDbtInd>CRDT</CdtDbtInd><Sts>BOOK</Sts><BookgDt><Dt>2018-09-28</Dt></BookgDt><BkTxCd><Prtry><Cd>SIP UKBA CR 40269</Cd></Prtry></BkTxCd><TxDtls><Refs><EndToEndId>NOREF</EndToEndId><TxId>180928174133411823</TxId></Refs><RltdPties><Dbtr><Nm>Chris Hagen</Nm></Dbtr><DbtrAcct><Id><PrtryAcct><Id>87373770291963</Id></PrtryAcct></Id></DbtrAcct><Cdtr><Nm>CHRIS HAGEN</Nm></Cdtr><CdtrAcct><Id><PrtryAcct><Id>23008200044651</Id></PrtryAcct></Id></CdtrAcct><Prtry><Tp>ARRO</Tp><Pty/></Prtry></RltdPties><RmtInf><Strd><AddtlRmtInf>NO REF</AddtlRmtInf></Strd><Strd><AddtlRmtInf>Chris Hagen//ARRO</AddtlRmtInf></Strd></RmtInf><RltdDts><TxDtTm>2018-09-28T17:41:30</TxDtTm></RltdDts><AddtlTxInf>1809281741334118231020180928826873737</AddtlTxInf></TxDtls><AddtlNtryInf>COMPLETE//0000//003//CREDIT</AddtlNtryInf></Ntry><Ntry><Amt Ccy="GBP">1.00</Amt><CdtDbtInd>CRDT</CdtDbtInd><Sts>BOOK</Sts><BookgDt><Dt>2018-09-28</Dt></BookgDt><BkTxCd><Prtry><Cd>SIP UKBA CR 40269</Cd></Prtry></BkTxCd><TxDtls><Refs><EndToEndId>NOREF</EndToEndId><TxId>180928174219371076</TxId></Refs><RltdPties><Dbtr><Nm>Charlotte Foster</Nm></Dbtr><DbtrAcct><Id><PrtryAcct><Id>30982330184868</Id></PrtryAcct></Id></DbtrAcct><Cdtr><Nm>Mr Marty mitchell</Nm></Cdtr><CdtrAcct><Id><PrtryAcct><Id>23008200389306</Id></PrtryAcct></Id></CdtrAcct></RltdPties><RmtInf><Strd><AddtlRmtInf>NO REF</AddtlRmtInf></Strd><Strd><AddtlRmtInf>Charlotte Foster//</AddtlRmtInf></Strd></RmtInf><RltdDts><TxDtTm>2018-09-28T17:42:16</TxDtTm></RltdDts><AddtlTxInf>1809281742193710761020180928826309823</AddtlTxInf></TxDtls><AddtlNtryInf>COMPLETE//0000//003//CREDIT</AddtlNtryInf></Ntry><Ntry><Amt Ccy="GBP">7.00</Amt><CdtDbtInd>CRDT</CdtDbtInd><Sts>BOOK</Sts><BookgDt><Dt>2018-09-28</Dt></BookgDt><BkTxCd><Prtry><Cd>SIP UKBA CR 40269</Cd></Prtry></BkTxCd><TxDtls><Refs><EndToEndId>NOREF</EndToEndId><TxId>P7V5I3R1AM0H76BQ5S</TxId></Refs><RltdPties><Dbtr><Nm>Adam Klem</Nm><PstlAdr><AdrLine>11 St Marys Crescent, NW4 4LJ</AdrLine><Ctry/></PstlAdr></Dbtr><DbtrAcct><Id><PrtryAcct><Id>04000496423136</Id></PrtryAcct></Id></DbtrAcct><Cdtr><Nm>Adam Klem</Nm></Cdtr><CdtrAcct><Id><PrtryAcct><Id>23008200166319</Id></PrtryAcct></Id></CdtrAcct><Prtry><Tp>Invoice</Tp><Pty/></Prtry></RltdPties><RmtInf><Strd><AddtlRmtInf>NO REF</AddtlRmtInf></Strd><Strd><AddtlRmtInf>Adam Klem//Invoice</AddtlRmtInf></Strd></RmtInf><RltdDts><TxDtTm>2018-09-28T17:43:44</TxDtTm></RltdDts><AddtlTxInf>P7V5I3R1AM0H76BQ5S1020180928826040004</AddtlTxInf></TxDtls><AddtlNtryInf>COMPLETE//0000//003//CREDIT</AddtlNtryInf></Ntry><Ntry><Amt Ccy="GBP">450.00</Amt><CdtDbtInd>CRDT</CdtDbtInd><Sts>BOOK</Sts><BookgDt><Dt>2018-09-28</Dt></BookgDt><BkTxCd><Prtry><Cd>SIP UKBA CR 40269</Cd></Prtry></BkTxCd><TxDtls><Refs><EndToEndId>NOREF</EndToEndId><TxId>RP4659985595920900</TxId></Refs><RltdPties><Dbtr><Nm>THE PREM SUP GRP</Nm></Dbtr><DbtrAcct><Id><PrtryAcct><Id>20592393525201</Id></PrtryAcct></Id></DbtrAcct><Cdtr><Nm>COSTER CONTENT LTD</Nm></Cdtr><CdtrAcct><Id><PrtryAcct><Id>23008200221244</Id></PrtryAcct></Id></CdtrAcct><Prtry><Tp>TPSG PROCUREMENT</Tp><Pty/></Prtry></RltdPties><RmtInf><Strd><AddtlRmtInf>NO REF</AddtlRmtInf></Strd><Strd><AddtlRmtInf>THE PREM SUP GRP//TPSG PROCUREMENT</AddtlRmtInf></Strd></RmtInf><RltdDts><TxDtTm>2018-09-28T17:47:21</TxDtTm></RltdDts><AddtlTxInf>RP46599855959209001020180928826200026</AddtlTxInf></TxDtls><AddtlNtryInf>COMPLETE//0000//003//CREDIT</AddtlNtryInf></Ntry><Ntry><Amt Ccy="GBP">10.00</Amt><CdtDbtInd>CRDT</CdtDbtInd><Sts>BOOK</Sts><BookgDt><Dt>2018-09-28</Dt></BookgDt><BkTxCd><Prtry><Cd>SIP UKBA CR 40269</Cd></Prtry></BkTxCd><TxDtls><Refs><EndToEndId>D</EndToEndId><TxId>18174818301830000N</TxId><Prtry><Tp>STO REF</Tp><Ref>0000</Ref></Prtry></Refs><RltdPties><Dbtr><Nm>WOODLEY KES</Nm></Dbtr><DbtrAcct><Id><PrtryAcct><Id>60093577681541</Id></PrtryAcct></Id></DbtrAcct><Cdtr><Nm>PROBLEM</Nm></Cdtr><CdtrAcct><Id><PrtryAcct><Id>23008200355687</Id></PrtryAcct></Id></CdtrAcct><Prtry><Tp>D</Tp><Pty/></Prtry></RltdPties><RmtInf><Strd><AddtlRmtInf>WOODLEY KES       D                 VIA MOBILE - LVP</AddtlRmtInf></Strd><Strd><AddtlRmtInf>WOODLEY KES//D</AddtlRmtInf></Strd></RmtInf><RltdDts><TxDtTm>2018-09-28T17:48:18</TxDtTm></RltdDts><AddtlTxInf>18174818301830000N1020180928826600935</AddtlTxInf></TxDtls><AddtlNtryInf>COMPLETE//0000//003//CREDIT</AddtlNtryInf></Ntry><Ntry><Amt Ccy="GBP">1.00</Amt><CdtDbtInd>CRDT</CdtDbtInd><Sts>BOOK</Sts><BookgDt><Dt>2018-09-28</Dt></BookgDt><BkTxCd><Prtry><Cd>SIP UKBA CR 40269</Cd></Prtry></BkTxCd><TxDtls><Refs><EndToEndId>00156481632BBFQTJT</EndToEndId><TxId>00156481632BBFQTJT</TxId></Refs><RltdPties><Dbtr><Nm>DEBORAH MILLS</Nm></Dbtr><DbtrAcct><Id><PrtryAcct><Id>09013602157382</Id></PrtryAcct></Id></DbtrAcct><Cdtr><Nm>SIMON MILLS</Nm></Cdtr><CdtrAcct><Id><PrtryAcct><Id>23008200231360</Id></PrtryAcct></Id></CdtrAcct><Prtry><Tp>Bank of Mum</Tp><Pty/></Prtry></RltdPties><RmtInf><Strd><AddtlRmtInf>NO REF</AddtlRmtInf></Strd><Strd><AddtlRmtInf>DEBORAH MILLS//Bank of Mum</AddtlRmtInf></Strd></RmtInf><RltdDts><TxDtTm>2018-09-28T17:53:04</TxDtTm></RltdDts><AddtlTxInf>00156481632BBFQTJT1020180928826090136</AddtlTxInf></TxDtls><AddtlNtryInf>COMPLETE//0000//003//CREDIT</AddtlNtryInf></Ntry><Ntry><Amt Ccy="GBP">98.00</Amt><CdtDbtInd>CRDT</CdtDbtInd><Sts>BOOK</Sts><BookgDt><Dt>2018-09-28</Dt></BookgDt><BkTxCd><Prtry><Cd>SIP UKBA CR 40269</Cd></Prtry></BkTxCd><TxDtls><Refs><EndToEndId>NOREF</EndToEndId><TxId>RP4659985596825000</TxId></Refs><RltdPties><Dbtr><Nm>WILKINSON J C</Nm></Dbtr><DbtrAcct><Id><PrtryAcct><Id>20995660036226</Id></PrtryAcct></Id></DbtrAcct><Cdtr><Nm>DEAN</Nm></Cdtr><CdtrAcct><Id><PrtryAcct><Id>23008200413281</Id></PrtryAcct></Id></CdtrAcct><Prtry><Tp>JADES</Tp><Pty/></Prtry></RltdPties><RmtInf><Strd><AddtlRmtInf>NO REF</AddtlRmtInf></Strd><Strd><AddtlRmtInf>WILKINSON J C//JADES</AddtlRmtInf></Strd></RmtInf><RltdDts><TxDtTm>2018-09-28T17:55:07</TxDtTm></RltdDts><AddtlTxInf>RP46599855968250001020180928826200026</AddtlTxInf></TxDtls><AddtlNtryInf>COMPLETE//0000//003//CREDIT</AddtlNtryInf></Ntry></Ntfctn></BkToCstmrDbtCdtNtfctnV01></Document>