<?xml version="1.0" encoding="UTF-8"?><Document xmlns:xsi="http://www.w3.org/2001/XMLSchema-instance" xmlns="urn:iso:std:iso:20022:tech:xsd:camt.054.001.01"><BkToCstmrDbtCdtNtfctnV01><GrpHdr><MsgId>80309K//13428</MsgId><CreDtTm>2018-09-28T03:30:00</CreDtTm></GrpHdr><Ntfctn><Id>80309K//13428//1</Id><CreDtTm>2018-09-28T03:30:00</CreDtTm><Acct><Id><PrtryAcct><Id>20594233939774</Id></PrtryAcct></Id><Ccy>GBP</Ccy></Acct><TxsSummry><TtlNtries><NbOfNtries>9</NbOfNtries><Sum>2636.41</Sum></TtlNtries><TtlCdtNtries><NbOfNtries>9</NbOfNtries><Sum>2636.41</Sum></TtlCdtNtries><TtlDbtNtries><NbOfNtries>0</NbOfNtries><Sum>0.00</Sum></TtlDbtNtries></TxsSummry><Ntry><Amt Ccy="GBP">0.01</Amt><CdtDbtInd>CRDT</CdtDbtInd><Sts>BOOK</Sts><BookgDt><Dt>2018-09-28</Dt></BookgDt><BkTxCd><Prtry><Cd>SIP UKBA CR 40269</Cd></Prtry></BkTxCd><TxDtls><Refs><EndToEndId>PPRD00000000AQPWNM</EndToEndId><TxId>PPRD00000000AQPWNM</TxId></Refs><RltdPties><Dbtr><Nm>PAYPAL CODE 9171</Nm><PstlAdr><AdrLine>2211 N 1st Street San Jose CA 95131</AdrLine><Ctry/></PstlAdr></Dbtr><DbtrAcct><Id><PrtryAcct><Id>23526285010101</Id></PrtryAcct></Id></DbtrAcct><Cdtr><Nm>Ayaan Raza</Nm><PstlAdr><AdrLine>Flat 9 Mourne House</AdrLine><Ctry/></PstlAdr></Cdtr><CdtrAcct><Id><PrtryAcct><Id>23008200472395</Id></PrtryAcct></Id></CdtrAcct><Prtry><Tp>PAYPAL CODE 9171</Tp><Pty/></Prtry></RltdPties><RmtInf><Strd><RfrdDocInf><RfrdDocTp><Prtry>002</Prtry></RfrdDocTp></RfrdDocInf><AddtlRmtInf>NO REF</AddtlRmtInf></Strd><Strd><AddtlRmtInf>PAYPAL CODE 9171//PAYPAL CODE 9171</AddtlRmtInf></Strd></RmtInf><RltdDts><TxDtTm>2018-09-28T03:04:11</TxDtTm></RltdDts><AddtlTxInf>PPRD00000000AQPWNM1020180928826235262</AddtlTxInf></TxDtls><AddtlNtryInf>COMPLETE//0000//003//CREDIT</AddtlNtryInf></Ntry><Ntry><Amt Ccy="GBP">108.86</Amt><CdtDbtInd>CRDT</CdtDbtInd><Sts>BOOK</Sts><BookgDt><Dt>2018-09-28</Dt></BookgDt><BkTxCd><Prtry><Cd>FDP UKBA CR 40269</Cd></Prtry></BkTxCd><TxDtls><Refs><EndToEndId>NOREF</EndToEndId><TxId>26023410980177000N</TxId><Prtry><Tp>STO REF</Tp><Ref>0000</Ref></Prtry></Refs><RltdPties><Dbtr><Nm>CAREERMAKERS RECRU</Nm></Dbtr><DbtrAcct><Id><PrtryAcct><Id>01014218085407</Id></PrtryAcct></Id></DbtrAcct><Cdtr><Nm>ANDREEA-NICOLETA</Nm></Cdtr><CdtrAcct><Id><PrtryAcct><Id>23008200423900</Id></PrtryAcct></Id></CdtrAcct><Prtry><Tp>01014218085407</Tp><Pty/></Prtry></RltdPties><RmtInf><Strd><AddtlRmtInf>01014218085407</AddtlRmtInf></Strd><Strd><AddtlRmtInf>CAREERMAKERS RECRU//01014218085407</AddtlRmtInf></Strd></RmtInf><RltdDts><TxDtTm>2018-09-28T03:04:45</TxDtTm></RltdDts><AddtlTxInf>26023410980177000N4020180928826010142</AddtlTxInf></TxDtls><AddtlNtryInf>COMPLETE//0000//003//CREDIT</AddtlNtryInf></Ntry><Ntry><Amt Ccy="GBP">108.86</Amt><CdtDbtInd>CRDT</CdtDbtInd><Sts>BOOK</Sts><BookgDt><Dt>2018-09-28</Dt></BookgDt><BkTxCd><Prtry><Cd>FDP UKBA CR 40269</Cd></Prtry></BkTxCd><TxDtls><Refs><EndToEndId>NOREF</EndToEndId><TxId>31023410980558000N</TxId><Prtry><Tp>STO REF</Tp><Ref>0000</Ref></Prtry></Refs><RltdPties><Dbtr><Nm>CAREERMAKERS RECRU</Nm></Dbtr><DbtrAcct><Id><PrtryAcct><Id>01014218085407</Id></PrtryAcct></Id></DbtrAcct><Cdtr><Nm>ALEXANDRU-VLADUT</Nm></Cdtr><CdtrAcct><Id><PrtryAcct><Id>23008200423900</Id></PrtryAcct></Id></CdtrAcct><Prtry><Tp>01014218085407</Tp><Pty/></Prtry></RltdPties><RmtInf><Strd><AddtlRmtInf>01014218085407</AddtlRmtInf></Strd><Strd><AddtlRmtInf>CAREERMAKERS RECRU//01014218085407</AddtlRmtInf></Strd></RmtInf><RltdDts><TxDtTm>2018-09-28T03:05:27</TxDtTm></RltdDts><AddtlTxInf>31023410980558000N4020180928826010142</AddtlTxInf></TxDtls><AddtlNtryInf>COMPLETE//0000//003//CREDIT</AddtlNtryInf></Ntry><Ntry><Amt Ccy="GBP">0.01</Amt><CdtDbtInd>CRDT</CdtDbtInd><Sts>BOOK</Sts><BookgDt><Dt>2018-09-28</Dt></BookgDt><BkTxCd><Prtry><Cd>SIP UKBA CR 40269</Cd></Prtry></BkTxCd><TxDtls><Refs><EndToEndId>PPRD00000000AQPWZG</EndToEndId><TxId>PPRD00000000AQPWZG</TxId></Refs><RltdPties><Dbtr><Nm>PAYPAL CODE 7950</Nm><PstlAdr><AdrLine>2211 N 1st Street San Jose CA 95131</AdrLine><Ctry/></PstlAdr></Dbtr><DbtrAcct><Id><PrtryAcct><Id>23526285010101</Id></PrtryAcct></Id></DbtrAcct><Cdtr><Nm>Ganesh Mallya</Nm><PstlAdr><AdrLine>38 Sidney Road</AdrLine><Ctry/></PstlAdr></Cdtr><CdtrAcct><Id><PrtryAcct><Id>23008200472395</Id></PrtryAcct></Id></CdtrAcct><Prtry><Tp>PAYPAL CODE 7950</Tp><Pty/></Prtry></RltdPties><RmtInf><Strd><RfrdDocInf><RfrdDocTp><Prtry>002</Prtry></RfrdDocTp></RfrdDocInf><AddtlRmtInf>NO REF</AddtlRmtInf></Strd><Strd><AddtlRmtInf>PAYPAL CODE 7950//PAYPAL CODE 7950</AddtlRmtInf></Strd></RmtInf><RltdDts><TxDtTm>2018-09-28T03:15:09</TxDtTm></RltdDts><AddtlTxInf>PPRD00000000AQPWZG1020180928826235262</AddtlTxInf></TxDtls><AddtlNtryInf>COMPLETE//0000//003//CREDIT</AddtlNtryInf></Ntry><Ntry><Amt Ccy="GBP">207.54</Amt><CdtDbtInd>CRDT</CdtDbtInd><Sts>BOOK</Sts><BookgDt><Dt>2018-09-28</Dt></BookgDt><BkTxCd><Prtry><Cd>FDP UKBA CR 40269</Cd></Prtry></BkTxCd><TxDtls><Refs><EndToEndId>NO REF</EndToEndId><TxId>MF041339613BBE1800</TxId></Refs><RltdPties><Dbtr><Nm>TAI MA S LTD SW</Nm></Dbtr><DbtrAcct><Id><PrtryAcct><Id>20157003797341</Id></PrtryAcct></Id></DbtrAcct><Cdtr><Nm>IONUT IVANOV</Nm></Cdtr><CdtrAcct><Id><PrtryAcct><Id>23008200212212</Id></PrtryAcct></Id></CdtrAcct><Prtry><Tp>NO REF</Tp><Pty/></Prtry></RltdPties><RmtInf><Strd><RfrdDocInf><RfrdDocTp><Prtry>002</Prtry></RfrdDocTp></RfrdDocInf><AddtlRmtInf>NO REF</AddtlRmtInf></Strd><Strd><AddtlRmtInf>TAI MA S LTD SW//NO REF</AddtlRmtInf></Strd></RmtInf><RltdDts><TxDtTm>2018-09-28T03:19:58</TxDtTm></RltdDts><AddtlTxInf>MF041339613BBE18004020180928826200026</AddtlTxInf></TxDtls><AddtlNtryInf>COMPLETE//0000//003//CREDIT</AddtlNtryInf></Ntry><Ntry><Amt Ccy="GBP">186.58</Amt><CdtDbtInd>CRDT</CdtDbtInd><Sts>BOOK</Sts><BookgDt><Dt>2018-09-28</Dt></BookgDt><BkTxCd><Prtry><Cd>FDP UKBA CR 40269</Cd></Prtry></BkTxCd><TxDtls><Refs><EndToEndId>RECON</EndToEndId><TxId>27023522707165000N</TxId><Prtry><Tp>STO REF</Tp><Ref>0000</Ref></Prtry></Refs><RltdPties><Dbtr><Nm>RECON SERVICES LTD</Nm></Dbtr><DbtrAcct><Id><PrtryAcct><Id>55611768489293</Id></PrtryAcct></Id></DbtrAcct><Cdtr><Nm>NEIL MUSSARD</Nm></Cdtr><CdtrAcct><Id><PrtryAcct><Id>23008200089043</Id></PrtryAcct></Id></CdtrAcct><Prtry><Tp>RECON</Tp><Pty/></Prtry></RltdPties><RmtInf><Strd><AddtlRmtInf>RECON SERVICES LTDRECON             VIA ONLINE - PYMT</AddtlRmtInf></Strd><Strd><AddtlRmtInf>RECON SERVICES LTD//RECON</AddtlRmtInf></Strd></RmtInf><RltdDts><TxDtTm>2018-09-28T03:21:28</TxDtTm></RltdDts><AddtlTxInf>27023522707165000N4020180928826556117</AddtlTxInf></TxDtls><AddtlNtryInf>COMPLETE//0000//003//CREDIT</AddtlNtryInf></Ntry><Ntry><Amt Ccy="GBP">150.00</Amt><CdtDbtInd>CRDT</CdtDbtInd><Sts>BOOK</Sts><BookgDt><Dt>2018-09-28</Dt></BookgDt><BkTxCd><Prtry><Cd>SIP UKBA CR 40269</Cd></Prtry></BkTxCd><TxDtls><Refs><EndToEndId>NOREF</EndToEndId><TxId>100000000391031634</TxId></Refs><RltdPties><Dbtr><Nm>A Ogden</Nm></Dbtr><DbtrAcct><Id><PrtryAcct><Id>11060310804866</Id></PrtryAcct></Id></DbtrAcct><Cdtr><Nm>MR JAMIE QUICK</Nm></Cdtr><CdtrAcct><Id><PrtryAcct><Id>23008200165900</Id></PrtryAcct></Id></CdtrAcct><Prtry><Tp>ARRO</Tp><Pty/></Prtry></RltdPties><RmtInf><Strd><AddtlRmtInf>NO REF</AddtlRmtInf></Strd><Strd><AddtlRmtInf>A Ogden//ARRO</AddtlRmtInf></Strd></RmtInf><RltdDts><TxDtTm>2018-09-28T03:25:00</TxDtTm></RltdDts><AddtlTxInf>1000000003910316341020180928826110603</AddtlTxInf></TxDtls><AddtlNtryInf>COMPLETE//0000//003//CREDIT</AddtlNtryInf></Ntry><Ntry><Amt Ccy="GBP">1782.50</Amt><CdtDbtInd>CRDT</CdtDbtInd><Sts>BOOK</Sts><BookgDt><Dt>2018-09-28</Dt></BookgDt><BkTxCd><Prtry><Cd>FDP UKBA CR 40269</Cd></Prtry></BkTxCd><TxDtls><Refs><EndToEndId>JMC Recruitment</EndToEndId><TxId>MF017739613ADBEA00</TxId></Refs><RltdPties><Dbtr><Nm>JMCRS LTD GBP</Nm></Dbtr><DbtrAcct><Id><PrtryAcct><Id>20829443717275</Id></PrtryAcct></Id></DbtrAcct><Cdtr><Nm>SIVES ENGINEERING</Nm></Cdtr><CdtrAcct><Id><PrtryAcct><Id>23008200042812</Id></PrtryAcct></Id></CdtrAcct><Prtry><Tp>JMC Recruitment</Tp><Pty/></Prtry></RltdPties><RmtInf><Strd><RfrdDocInf><RfrdDocTp><Prtry>002</Prtry></RfrdDocTp></RfrdDocInf><AddtlRmtInf>NO REF</AddtlRmtInf></Strd><Strd><AddtlRmtInf>JMCRS LTD GBP//JMC Recruitment</AddtlRmtInf></Strd></RmtInf><RltdDts><TxDtTm>2018-09-28T03:25:35</TxDtTm></RltdDts><AddtlTxInf>MF017739613ADBEA004020180928826200000</AddtlTxInf></TxDtls><AddtlNtryInf>COMPLETE//0000//003//CREDIT</AddtlNtryInf></Ntry><Ntry><Amt Ccy="GBP">92.05</Amt><CdtDbtInd>CRDT</CdtDbtInd><Sts>BOOK</Sts><BookgDt><Dt>2018-09-28</Dt></BookgDt><BkTxCd><Prtry><Cd>FDP UKBA CR 40269</Cd></Prtry></BkTxCd><TxDtls><Refs><EndToEndId>NO REF</EndToEndId><TxId>MF036739613BBE1800</TxId></Refs><RltdPties><Dbtr><Nm>TAI MA S LTD SW</Nm></Dbtr><DbtrAcct><Id><PrtryAcct><Id>20157003797341</Id></PrtryAcct></Id></DbtrAcct><Cdtr><Nm>IMBRE A P</Nm></Cdtr><CdtrAcct><Id><PrtryAcct><Id>23008200153087</Id></PrtryAcct></Id></CdtrAcct><Prtry><Tp>NO REF</Tp><Pty/></Prtry></RltdPties><RmtInf><Strd><RfrdDocInf><RfrdDocTp><Prtry>002</Prtry></RfrdDocTp></RfrdDocInf><AddtlRmtInf>NO REF</AddtlRmtInf></Strd><Strd><AddtlRmtInf>TAI MA S LTD SW//NO REF</AddtlRmtInf></Strd></RmtInf><RltdDts><TxDtTm>2018-09-28T03:27:05</TxDtTm></RltdDts><AddtlTxInf>MF036739613BBE18004020180928826200026</AddtlTxInf></TxDtls><AddtlNtryInf>COMPLETE//0000//003//CREDIT</AddtlNtryInf></Ntry></Ntfctn></BkToCstmrDbtCdtNtfctnV01></Document>