<?xml version="1.0" encoding="UTF-8"?><Document xmlns:xsi="http://www.w3.org/2001/XMLSchema-instance" xmlns="urn:iso:std:iso:20022:tech:xsd:camt.054.001.01"><BkToCstmrDbtCdtNtfctnV01><GrpHdr><MsgId>80309K//13453</MsgId><CreDtTm>2018-09-28T16:00:00</CreDtTm></GrpHdr><Ntfctn><Id>80309K//13453//1</Id><CreDtTm>2018-09-28T16:00:00</CreDtTm><Acct><Id><PrtryAcct><Id>20594233939774</Id></PrtryAcct></Id><Ccy>GBP</Ccy></Acct><TxsSummry><TtlNtries><NbOfNtries>17</NbOfNtries><Sum>3399.49</Sum></TtlNtries><TtlCdtNtries><NbOfNtries>17</NbOfNtries><Sum>3399.49</Sum></TtlCdtNtries><TtlDbtNtries><NbOfNtries>0</NbOfNtries><Sum>0.00</Sum></TtlDbtNtries></TxsSummry><Ntry><Amt Ccy="GBP">0.01</Amt><CdtDbtInd>CRDT</CdtDbtInd><Sts>BOOK</Sts><BookgDt><Dt>2018-09-28</Dt></BookgDt><BkTxCd><Prtry><Cd>SIP UKBA CR 40269</Cd></Prtry></BkTxCd><TxDtls><Refs><EndToEndId>PPRD00000000AQVB0U</EndToEndId><TxId>PPRD00000000AQVB0U</TxId></Refs><RltdPties><Dbtr><Nm>PAYPAL CODE 1653</Nm><PstlAdr><AdrLine>2211 N 1st Street San Jose CA 95131</AdrLine><Ctry/></PstlAdr></Dbtr><DbtrAcct><Id><PrtryAcct><Id>23526285010101</Id></PrtryAcct></Id></DbtrAcct><Cdtr><Nm>Dipak Mohan</Nm><PstlAdr><AdrLine>31 Oakslade Drive</AdrLine><Ctry/></PstlAdr></Cdtr><CdtrAcct><Id><PrtryAcct><Id>23008200473669</Id></PrtryAcct></Id></CdtrAcct><Prtry><Tp>PAYPAL CODE 1653</Tp><Pty/></Prtry></RltdPties><RmtInf><Strd><RfrdDocInf><RfrdDocTp><Prtry>002</Prtry></RfrdDocTp></RfrdDocInf><AddtlRmtInf>NO REF</AddtlRmtInf></Strd><Strd><AddtlRmtInf>PAYPAL CODE 1653//PAYPAL CODE 1653</AddtlRmtInf></Strd></RmtInf><RltdDts><TxDtTm>2018-09-28T15:31:53</TxDtTm></RltdDts><AddtlTxInf>PPRD00000000AQVB0U1020180928826235262</AddtlTxInf></TxDtls><AddtlNtryInf>COMPLETE//0000//002//CREDIT</AddtlNtryInf></Ntry><Ntry><Amt Ccy="GBP">350.00</Amt><CdtDbtInd>CRDT</CdtDbtInd><Sts>BOOK</Sts><BookgDt><Dt>2018-09-28</Dt></BookgDt><BkTxCd><Prtry><Cd>SIP UKBA CR 40269</Cd></Prtry></BkTxCd><TxDtls><Refs><EndToEndId>BUS HUB</EndToEndId><TxId>21153224341308000N</TxId><Prtry><Tp>STO REF</Tp><Ref>0000</Ref></Prtry></Refs><RltdPties><Dbtr><Nm>PFLANZ ZB</Nm></Dbtr><DbtrAcct><Id><PrtryAcct><Id>52102011156449</Id></PrtryAcct></Id></DbtrAcct><Cdtr><Nm>BUSINESS HUB</Nm></Cdtr><CdtrAcct><Id><PrtryAcct><Id>23008200042298</Id></PrtryAcct></Id></CdtrAcct><Prtry><Tp>BUS HUB</Tp><Pty/></Prtry></RltdPties><RmtInf><Strd><AddtlRmtInf>PFLANZ ZB         BUS HUB           VIA ONLINE - PYMT</AddtlRmtInf></Strd><Strd><AddtlRmtInf>PFLANZ ZB//BUS HUB</AddtlRmtInf></Strd></RmtInf><RltdDts><TxDtTm>2018-09-28T15:32:24</TxDtTm></RltdDts><AddtlTxInf>21153224341308000N1020180928826521020</AddtlTxInf></TxDtls><AddtlNtryInf>COMPLETE//0000//002//CREDIT</AddtlNtryInf></Ntry><Ntry><Amt Ccy="GBP">20.00</Amt><CdtDbtInd>CRDT</CdtDbtInd><Sts>BOOK</Sts><BookgDt><Dt>2018-09-28</Dt></BookgDt><BkTxCd><Prtry><Cd>SIP UKBA CR 40269</Cd></Prtry></BkTxCd><TxDtls><Refs><EndToEndId>NOREF</EndToEndId><TxId>04195523335211F8SW</TxId><Prtry><Tp>STO REF</Tp><Ref>0000</Ref></Prtry></Refs><RltdPties><Dbtr><Nm>SKRILL LIMITED</Nm><PstlAdr><AdrLine>LONDON</AdrLine><Ctry/></PstlAdr></Dbtr><DbtrAcct><Id><PrtryAcct><Id>40486563717002</Id></PrtryAcct></Id></DbtrAcct><Cdtr><Nm>VASILKA ATANASOVA</Nm></Cdtr><CdtrAcct><Id><PrtryAcct><Id>23008200473106</Id></PrtryAcct></Id></CdtrAcct><Prtry><Tp>TRN2498624216</Tp><Pty/></Prtry></RltdPties><RmtInf><Strd><AddtlRmtInf>NO REF</AddtlRmtInf></Strd><Strd><AddtlRmtInf>SKRILL LIMITED//TRN2498624216</AddtlRmtInf></Strd></RmtInf><RltdDts><TxDtTm>2018-09-28T15:33:46</TxDtTm></RltdDts><AddtlTxInf>04195523335211F8SW1020180928826400530</AddtlTxInf></TxDtls><AddtlNtryInf>COMPLETE//0000//002//CREDIT</AddtlNtryInf></Ntry><Ntry><Amt Ccy="GBP">100.00</Amt><CdtDbtInd>CRDT</CdtDbtInd><Sts>BOOK</Sts><BookgDt><Dt>2018-09-28</Dt></BookgDt><BkTxCd><Prtry><Cd>SIP UKBA CR 40269</Cd></Prtry></BkTxCd><TxDtls><Refs><EndToEndId>NOREF</EndToEndId><TxId>71494841535202F6SW</TxId><Prtry><Tp>STO REF</Tp><Ref>0000</Ref></Prtry></Refs><RltdPties><Dbtr><Nm>SKRILL LIMITED</Nm><PstlAdr><AdrLine>LONDON</AdrLine><Ctry/></PstlAdr></Dbtr><DbtrAcct><Id><PrtryAcct><Id>40486563717002</Id></PrtryAcct></Id></DbtrAcct><Cdtr><Nm>JACK SAMUEL MARTIN</Nm></Cdtr><CdtrAcct><Id><PrtryAcct><Id>23008200385646</Id></PrtryAcct></Id></CdtrAcct><Prtry><Tp>TRN2498611470</Tp><Pty/></Prtry></RltdPties><RmtInf><Strd><AddtlRmtInf>NO REF</AddtlRmtInf></Strd><Strd><AddtlRmtInf>SKRILL LIMITED//TRN2498611470</AddtlRmtInf></Strd></RmtInf><RltdDts><TxDtTm>2018-09-28T15:35:28</TxDtTm></RltdDts><AddtlTxInf>71494841535202F6SW1020180928826400530</AddtlTxInf></TxDtls><AddtlNtryInf>COMPLETE//0000//002//CREDIT</AddtlNtryInf></Ntry><Ntry><Amt Ccy="GBP">15.00</Amt><CdtDbtInd>CRDT</CdtDbtInd><Sts>BOOK</Sts><BookgDt><Dt>2018-09-28</Dt></BookgDt><BkTxCd><Prtry><Cd>SIP UKBA CR 40269</Cd></Prtry></BkTxCd><TxDtls><Refs><EndToEndId>NOREF</EndToEndId><TxId>600000000392750984</TxId></Refs><RltdPties><Dbtr><Nm>F Russell-Morgan</Nm></Dbtr><DbtrAcct><Id><PrtryAcct><Id>30928665553460</Id></PrtryAcct></Id></DbtrAcct><Cdtr><Nm>L</Nm></Cdtr><CdtrAcct><Id><PrtryAcct><Id>23008200249168</Id></PrtryAcct></Id></CdtrAcct><Prtry><Tp>PLAY</Tp><Pty/></Prtry></RltdPties><RmtInf><Strd><AddtlRmtInf>NO REF</AddtlRmtInf></Strd><Strd><AddtlRmtInf>F Russell-Morgan//PLAY</AddtlRmtInf></Strd></RmtInf><RltdDts><TxDtTm>2018-09-28T15:37:45</TxDtTm></RltdDts><AddtlTxInf>6000000003927509841020180928826309286</AddtlTxInf></TxDtls><AddtlNtryInf>COMPLETE//0000//002//CREDIT</AddtlNtryInf></Ntry><Ntry><Amt Ccy="GBP">188.00</Amt><CdtDbtInd>CRDT</CdtDbtInd><Sts>BOOK</Sts><BookgDt><Dt>2018-09-28</Dt></BookgDt><BkTxCd><Prtry><Cd>SIP UKBA CR 40269</Cd></Prtry></BkTxCd><TxDtls><Refs><EndToEndId>NOREF</EndToEndId><TxId>29154015286309000N</TxId><Prtry><Tp>STO REF</Tp><Ref>0000</Ref></Prtry></Refs><RltdPties><Dbtr><Nm>DIRECT VALETING LT</Nm></Dbtr><DbtrAcct><Id><PrtryAcct><Id>54102730853737</Id></PrtryAcct></Id></DbtrAcct><Cdtr><Nm>MR L  CONNOLLY</Nm></Cdtr><CdtrAcct><Id><PrtryAcct><Id>23008200343320</Id></PrtryAcct></Id></CdtrAcct><Prtry><Tp>DIRECT VALETING</Tp><Pty/></Prtry></RltdPties><RmtInf><Strd><AddtlRmtInf>DIRECT VALETING</AddtlRmtInf></Strd><Strd><AddtlRmtInf>DIRECT VALETING LT//DIRECT VALETING</AddtlRmtInf></Strd></RmtInf><RltdDts><TxDtTm>2018-09-28T15:40:15</TxDtTm></RltdDts><AddtlTxInf>29154015286309000N1020180928826541027</AddtlTxInf></TxDtls><AddtlNtryInf>COMPLETE//0000//002//CREDIT</AddtlNtryInf></Ntry><Ntry><Amt Ccy="GBP">430.00</Amt><CdtDbtInd>CRDT</CdtDbtInd><Sts>BOOK</Sts><BookgDt><Dt>2018-09-28</Dt></BookgDt><BkTxCd><Prtry><Cd>SIP UKBA CR 40269</Cd></Prtry></BkTxCd><TxDtls><Refs><EndToEndId>00151046632BBHGHLN</EndToEndId><TxId>00151046632BBHGHLN</TxId></Refs><RltdPties><Dbtr><Nm>ST. IVES SCAFFOLDING SOLUTIONS LIMITED</Nm></Dbtr><DbtrAcct><Id><PrtryAcct><Id>09012891147827</Id></PrtryAcct></Id></DbtrAcct><Cdtr><Nm>GORDON CAVE</Nm></Cdtr><CdtrAcct><Id><PrtryAcct><Id>23008200341224</Id></PrtryAcct></Id></CdtrAcct><Prtry><Tp>ST. IVES SCAFFOLDI</Tp><Pty/></Prtry></RltdPties><RmtInf><Strd><AddtlRmtInf>NO REF</AddtlRmtInf></Strd><Strd><AddtlRmtInf>ST. IVES SCAFFOLDI//ST. IVES SCAFFOLDI</AddtlRmtInf></Strd></RmtInf><RltdDts><TxDtTm>2018-09-28T15:45:08</TxDtTm></RltdDts><AddtlTxInf>00151046632BBHGHLN1020180928826090128</AddtlTxInf></TxDtls><AddtlNtryInf>COMPLETE//0000//002//CREDIT</AddtlNtryInf></Ntry><Ntry><Amt Ccy="GBP">40.00</Amt><CdtDbtInd>CRDT</CdtDbtInd><Sts>BOOK</Sts><BookgDt><Dt>2018-09-28</Dt></BookgDt><BkTxCd><Prtry><Cd>SIP UKBA CR 40269</Cd></Prtry></BkTxCd><TxDtls><Refs><EndToEndId>NOREF</EndToEndId><TxId>600000000392754515</TxId></Refs><RltdPties><Dbtr><Nm>S Rogan</Nm></Dbtr><DbtrAcct><Id><PrtryAcct><Id>11057800580709</Id></PrtryAcct></Id></DbtrAcct><Cdtr><Nm>GLEN KNIGHT</Nm></Cdtr><CdtrAcct><Id><PrtryAcct><Id>23008200091564</Id></PrtryAcct></Id></CdtrAcct><Prtry><Tp>ANSWER TO LIFE</Tp><Pty/></Prtry></RltdPties><RmtInf><Strd><AddtlRmtInf>NO REF</AddtlRmtInf></Strd><Strd><AddtlRmtInf>S Rogan//ANSWER TO LIFE</AddtlRmtInf></Strd></RmtInf><RltdDts><TxDtTm>2018-09-28T15:45:16</TxDtTm></RltdDts><AddtlTxInf>6000000003927545151020180928826110578</AddtlTxInf></TxDtls><AddtlNtryInf>COMPLETE//0000//002//CREDIT</AddtlNtryInf></Ntry><Ntry><Amt Ccy="GBP">277.32</Amt><CdtDbtInd>CRDT</CdtDbtInd><Sts>BOOK</Sts><BookgDt><Dt>2018-09-28</Dt></BookgDt><BkTxCd><Prtry><Cd>SIP UKBA CR 40269</Cd></Prtry></BkTxCd><TxDtls><Refs><EndToEndId>NOREF</EndToEndId><TxId>RP4679962532716300</TxId></Refs><RltdPties><Dbtr><Nm>SYDE SCRA ME LTD</Nm></Dbtr><DbtrAcct><Id><PrtryAcct><Id>20055730403466</Id></PrtryAcct></Id></DbtrAcct><Cdtr><Nm>DANIEL SANTEA</Nm></Cdtr><CdtrAcct><Id><PrtryAcct><Id>23008200444376</Id></PrtryAcct></Id></CdtrAcct><Prtry><Tp>ND52FLN</Tp><Pty/></Prtry></RltdPties><RmtInf><Strd><AddtlRmtInf>NO REF</AddtlRmtInf></Strd><Strd><AddtlRmtInf>SYDE SCRA ME LTD//ND52FLN</AddtlRmtInf></Strd></RmtInf><RltdDts><TxDtTm>2018-09-28T15:47:10</TxDtTm></RltdDts><AddtlTxInf>RP46799625327163001020180928826200026</AddtlTxInf></TxDtls><AddtlNtryInf>COMPLETE//0000//002//CREDIT</AddtlNtryInf></Ntry><Ntry><Amt Ccy="GBP">583.16</Amt><CdtDbtInd>CRDT</CdtDbtInd><Sts>BOOK</Sts><BookgDt><Dt>2018-09-28</Dt></BookgDt><BkTxCd><Prtry><Cd>SIP UKBA CR 40269</Cd></Prtry></BkTxCd><TxDtls><Refs><EndToEndId>NOREF</EndToEndId><TxId>36154749207470000N</TxId><Prtry><Tp>STO REF</Tp><Ref>0000</Ref></Prtry></Refs><RltdPties><Dbtr><Nm>BAR 2064 LIMITED</Nm></Dbtr><DbtrAcct><Id><PrtryAcct><Id>50000020658370</Id></PrtryAcct></Id></DbtrAcct><Cdtr><Nm>MR FEDERICO FRANCI</Nm></Cdtr><CdtrAcct><Id><PrtryAcct><Id>23008200313768</Id></PrtryAcct></Id></CdtrAcct><Prtry><Tp>BAR 2064 LIMITED</Tp><Pty/></Prtry></RltdPties><RmtInf><Strd><AddtlRmtInf>BAR 2064 LIMITED</AddtlRmtInf></Strd><Strd><AddtlRmtInf>BAR 2064 LIMITED//BAR 2064 LIMITED</AddtlRmtInf></Strd></RmtInf><RltdDts><TxDtTm>2018-09-28T15:47:49</TxDtTm></RltdDts><AddtlTxInf>36154749207470000N1020180928826500000</AddtlTxInf></TxDtls><AddtlNtryInf>COMPLETE//0000//002//CREDIT</AddtlNtryInf></Ntry><Ntry><Amt Ccy="GBP">31.00</Amt><CdtDbtInd>CRDT</CdtDbtInd><Sts>BOOK</Sts><BookgDt><Dt>2018-09-28</Dt></BookgDt><BkTxCd><Prtry><Cd>SIP UKBA CR 40269</Cd></Prtry></BkTxCd><TxDtls><Refs><EndToEndId>NOREF</EndToEndId><TxId>PZT6KIQKVU5MQSDSBD</TxId></Refs><RltdPties><Dbtr><Nm>Jiang Zhang</Nm><PstlAdr><AdrLine>2-1, G3 8SW</AdrLine><Ctry/></PstlAdr></Dbtr><DbtrAcct><Id><PrtryAcct><Id>04000443163149</Id></PrtryAcct></Id></DbtrAcct><Cdtr><Nm>lilian gao</Nm></Cdtr><CdtrAcct><Id><PrtryAcct><Id>23008200184476</Id></PrtryAcct></Id></CdtrAcct><Prtry><Tp>gao</Tp><Pty/></Prtry></RltdPties><RmtInf><Strd><AddtlRmtInf>NO REF</AddtlRmtInf></Strd><Strd><AddtlRmtInf>Jiang Zhang//gao</AddtlRmtInf></Strd></RmtInf><RltdDts><TxDtTm>2018-09-28T15:49:40</TxDtTm></RltdDts><AddtlTxInf>PZT6KIQKVU5MQSDSBD1020180928826040004</AddtlTxInf></TxDtls><AddtlNtryInf>COMPLETE//0000//002//CREDIT</AddtlNtryInf></Ntry><Ntry><Amt Ccy="GBP">35.00</Amt><CdtDbtInd>CRDT</CdtDbtInd><Sts>BOOK</Sts><BookgDt><Dt>2018-09-28</Dt></BookgDt><BkTxCd><Prtry><Cd>SIP UKBA CR 40269</Cd></Prtry></BkTxCd><TxDtls><Refs><EndToEndId>PPWD00000000AQVIE6</EndToEndId><TxId>PPWD00000000AQVIE6</TxId></Refs><RltdPties><Dbtr><Nm>PayPal</Nm><PstlAdr><AdrLine>2211 N 1st Street San Jose CA 95131</AdrLine><Ctry/></PstlAdr></Dbtr><DbtrAcct><Id><PrtryAcct><Id>23526278959595</Id></PrtryAcct></Id></DbtrAcct><Cdtr><Nm>Mark Jones</Nm><PstlAdr><AdrLine>7 Lockwood Drive</AdrLine><Ctry/></PstlAdr></Cdtr><CdtrAcct><Id><PrtryAcct><Id>23008200473267</Id></PrtryAcct></Id></CdtrAcct><Prtry><Tp>PPWDL4VK22ALFGL9PC</Tp><Pty/></Prtry></RltdPties><RmtInf><Strd><RfrdDocInf><RfrdDocTp><Prtry>002</Prtry></RfrdDocTp></RfrdDocInf><AddtlRmtInf>NO REF</AddtlRmtInf></Strd><Strd><AddtlRmtInf>PayPal//PPWDL4VK22ALFGL9PC</AddtlRmtInf></Strd></RmtInf><RltdDts><TxDtTm>2018-09-28T15:52:42</TxDtTm></RltdDts><AddtlTxInf>PPWD00000000AQVIE61020180928826235262</AddtlTxInf></TxDtls><AddtlNtryInf>COMPLETE//0000//002//CREDIT</AddtlNtryInf></Ntry><Ntry><Amt Ccy="GBP">60.00</Amt><CdtDbtInd>CRDT</CdtDbtInd><Sts>BOOK</Sts><BookgDt><Dt>2018-09-28</Dt></BookgDt><BkTxCd><Prtry><Cd>SIP UKBA CR 40269</Cd></Prtry></BkTxCd><TxDtls><Refs><EndToEndId>MONEY</EndToEndId><TxId>22155253426011000R</TxId><Prtry><Tp>STO REF</Tp><Ref>0000</Ref></Prtry></Refs><RltdPties><Dbtr><Nm>KAYE SD</Nm></Dbtr><DbtrAcct><Id><PrtryAcct><Id>16203510136290</Id></PrtryAcct></Id></DbtrAcct><Cdtr><Nm>NATASHA KAYE</Nm></Cdtr><CdtrAcct><Id><PrtryAcct><Id>23008200425868</Id></PrtryAcct></Id></CdtrAcct><Prtry><Tp>MONEY</Tp><Pty/></Prtry></RltdPties><RmtInf><Strd><AddtlRmtInf>KAYE SD           MONEY             VIA MOBILE - LVP</AddtlRmtInf></Strd><Strd><AddtlRmtInf>KAYE SD//MONEY</AddtlRmtInf></Strd></RmtInf><RltdDts><TxDtTm>2018-09-28T15:52:53</TxDtTm></RltdDts><AddtlTxInf>22155253426011000R1020180928826162035</AddtlTxInf></TxDtls><AddtlNtryInf>COMPLETE//0000//002//CREDIT</AddtlNtryInf></Ntry><Ntry><Amt Ccy="GBP">500.00</Amt><CdtDbtInd>CRDT</CdtDbtInd><Sts>BOOK</Sts><BookgDt><Dt>2018-09-28</Dt></BookgDt><BkTxCd><Prtry><Cd>SIP UKBA CR 40269</Cd></Prtry></BkTxCd><TxDtls><Refs><EndToEndId>NOREF</EndToEndId><TxId>200000000391375624</TxId></Refs><RltdPties><DbtrAcct><Id><PrtryAcct><Id>11018500524942</Id></PrtryAcct></Id></DbtrAcct><CdtrAcct><Id><PrtryAcct><Id>23008200466471</Id></PrtryAcct></Id></CdtrAcct><Prtry><Tp>from halifax ac</Tp><Pty/></Prtry></RltdPties><RmtInf><Strd><AddtlRmtInf>NO REF</AddtlRmtInf></Strd><Strd><AddtlRmtInf>110185 00524942//from halifax ac</AddtlRmtInf></Strd></RmtInf><RltdDts><TxDtTm>2018-09-28T15:53:12</TxDtTm></RltdDts><AddtlTxInf>2000000003913756241020180928826110185</AddtlTxInf></TxDtls><AddtlNtryInf>COMPLETE//0000//002//CREDIT</AddtlNtryInf></Ntry><Ntry><Amt Ccy="GBP">700.00</Amt><CdtDbtInd>CRDT</CdtDbtInd><Sts>BOOK</Sts><BookgDt><Dt>2018-09-28</Dt></BookgDt><BkTxCd><Prtry><Cd>SIP UKBA CR 40269</Cd></Prtry></BkTxCd><TxDtls><Refs><EndToEndId>NOREF</EndToEndId><TxId>FP18271O11842227</TxId></Refs><RltdPties><Dbtr><Nm>Katanda Samuel</Nm></Dbtr><DbtrAcct><Id><PrtryAcct><Id>07024631140709</Id></PrtryAcct></Id></DbtrAcct><Cdtr><Nm>ARRO DAVID</Nm></Cdtr><CdtrAcct><Id><PrtryAcct><Id>23008200472858</Id></PrtryAcct></Id></CdtrAcct><Prtry><Tp>TICKET PAYMENT</Tp><Pty/></Prtry></RltdPties><RmtInf><Strd><AddtlRmtInf>NO REF</AddtlRmtInf></Strd><Strd><AddtlRmtInf>Katanda Samuel//TICKET PAYMENT</AddtlRmtInf></Strd></RmtInf><RltdDts><TxDtTm>2018-09-28T15:54:38</TxDtTm></RltdDts><AddtlTxInf>FP18271O11842227  1020180928826070246</AddtlTxInf></TxDtls><AddtlNtryInf>COMPLETE//0000//002//CREDIT</AddtlNtryInf></Ntry><Ntry><Amt Ccy="GBP">30.00</Amt><CdtDbtInd>CRDT</CdtDbtInd><Sts>BOOK</Sts><BookgDt><Dt>2018-09-28</Dt></BookgDt><BkTxCd><Prtry><Cd>SIP UKBA CR 40269</Cd></Prtry></BkTxCd><TxDtls><Refs><EndToEndId>NOREF</EndToEndId><TxId>180928155914630690</TxId></Refs><RltdPties><Dbtr><Nm>Karyn Irwin</Nm></Dbtr><DbtrAcct><Id><PrtryAcct><Id>77707702028268</Id></PrtryAcct></Id></DbtrAcct><Cdtr><Nm>Miss amanda Burridge</Nm></Cdtr><CdtrAcct><Id><PrtryAcct><Id>23008200045369</Id></PrtryAcct></Id></CdtrAcct><Prtry><Tp>CASH</Tp><Pty/></Prtry></RltdPties><RmtInf><Strd><AddtlRmtInf>NO REF</AddtlRmtInf></Strd><Strd><AddtlRmtInf>Karyn Irwin//CASH</AddtlRmtInf></Strd></RmtInf><RltdDts><TxDtTm>2018-09-28T15:59:11</TxDtTm></RltdDts><AddtlTxInf>1809281559146306901020180928826777077</AddtlTxInf></TxDtls><AddtlNtryInf>COMPLETE//0000//002//CREDIT</AddtlNtryInf></Ntry><Ntry><Amt Ccy="GBP">40.00</Amt><CdtDbtInd>CRDT</CdtDbtInd><Sts>BOOK</Sts><BookgDt><Dt>2018-09-28</Dt></BookgDt><BkTxCd><Prtry><Cd>SIP UKBA CR 40269</Cd></Prtry></BkTxCd><TxDtls><Refs><EndToEndId>NOREF</EndToEndId><TxId>RP4679962534635500</TxId></Refs><RltdPties><Dbtr><Nm>WHITE CHRISTOPHE</Nm></Dbtr><DbtrAcct><Id><PrtryAcct><Id>20709483520781</Id></PrtryAcct></Id></DbtrAcct><Cdtr><Nm>CHRISTOPHER WHITE</Nm></Cdtr><CdtrAcct><Id><PrtryAcct><Id>23008200292739</Id></PrtryAcct></Id></CdtrAcct><Prtry><Tp>MONEY</Tp><Pty/></Prtry></RltdPties><RmtInf><Strd><AddtlRmtInf>NO REF</AddtlRmtInf></Strd><Strd><AddtlRmtInf>WHITE CHRISTOPHE//MONEY</AddtlRmtInf></Strd></RmtInf><RltdDts><TxDtTm>2018-09-28T15:59:20</TxDtTm></RltdDts><AddtlTxInf>RP46799625346355001020180928826200026</AddtlTxInf></TxDtls><AddtlNtryInf>COMPLETE//0000//002//CREDIT</AddtlNtryInf></Ntry></Ntfctn></BkToCstmrDbtCdtNtfctnV01></Document>