<?xml version="1.0" encoding="UTF-8"?><Document xmlns:xsi="http://www.w3.org/2001/XMLSchema-instance" xmlns="urn:iso:std:iso:20022:tech:xsd:camt.054.001.01"><BkToCstmrDbtCdtNtfctnV01><GrpHdr><MsgId>80309K//13002</MsgId><CreDtTm>2018-09-18T08:30:00</CreDtTm></GrpHdr><Ntfctn><Id>80309K//13002//1</Id><CreDtTm>2018-09-18T08:30:00</CreDtTm><Acct><Id><PrtryAcct><Id>20594233939774</Id></PrtryAcct></Id><Ccy>GBP</Ccy></Acct><TxsSummry><TtlNtries><NbOfNtries>7</NbOfNtries><Sum>2316.00</Sum></TtlNtries><TtlCdtNtries><NbOfNtries>7</NbOfNtries><Sum>2316.00</Sum></TtlCdtNtries><TtlDbtNtries><NbOfNtries>0</NbOfNtries><Sum>0.00</Sum></TtlDbtNtries></TxsSummry><Ntry><Amt Ccy="GBP">30.00</Amt><CdtDbtInd>CRDT</CdtDbtInd><Sts>BOOK</Sts><BookgDt><Dt>2018-09-18</Dt></BookgDt><BkTxCd><Prtry><Cd>SIP UKBA CR 40269</Cd></Prtry></BkTxCd><TxDtls><Refs><EndToEndId>NOREF</EndToEndId><TxId>084094747080819001</TxId><Prtry><Tp>STO REF</Tp><Ref>0000</Ref></Prtry></Refs><RltdPties><Dbtr><Nm>Dowling A E</Nm></Dbtr><DbtrAcct><Id><PrtryAcct><Id>40191011417630</Id></PrtryAcct></Id></DbtrAcct><Cdtr><Nm>Justin edginton</Nm></Cdtr><CdtrAcct><Id><PrtryAcct><Id>23008200355021</Id></PrtryAcct></Id></CdtrAcct><Prtry><Tp>Car</Tp><Pty/></Prtry></RltdPties><RmtInf><Strd><AddtlRmtInf>NO REF</AddtlRmtInf></Strd><Strd><AddtlRmtInf>Dowling A E//Car</AddtlRmtInf></Strd></RmtInf><RltdDts><TxDtTm>2018-09-18T08:07:47</TxDtTm></RltdDts><AddtlTxInf>0840947470808190011020180918826401910</AddtlTxInf></TxDtls><AddtlNtryInf>COMPLETE//0000//001//CREDIT</AddtlNtryInf></Ntry><Ntry><Amt Ccy="GBP">400.00</Amt><CdtDbtInd>CRDT</CdtDbtInd><Sts>BOOK</Sts><BookgDt><Dt>2018-09-18</Dt></BookgDt><BkTxCd><Prtry><Cd>DCA UKBA CR 40269</Cd></Prtry></BkTxCd><TxDtls><Refs><EndToEndId>NOREF</EndToEndId><TxId>000000013591082401</TxId><Prtry><Tp>STO REF</Tp><Ref>0000</Ref></Prtry></Refs><RltdPties><Dbtr><Nm>DICKSON R B</Nm></Dbtr><DbtrAcct><Id><PrtryAcct><Id>20553483449645</Id></PrtryAcct></Id></DbtrAcct><Cdtr><Nm>CASH INVS</Nm></Cdtr><CdtrAcct><Id><PrtryAcct><Id>23008200043324</Id></PrtryAcct></Id></CdtrAcct><Prtry><Tp>CASH INVS</Tp><Pty/></Prtry></RltdPties><RmtInf><Strd><AddtlRmtInf>NO REF</AddtlRmtInf></Strd><Strd><AddtlRmtInf>DICKSON R B//CASH INVS</AddtlRmtInf></Strd></RmtInf><RltdDts><TxDtTm>2018-09-18T08:11:00</TxDtTm></RltdDts><AddtlTxInf>0000000135910824015020180918826205534</AddtlTxInf></TxDtls><AddtlNtryInf>COMPLETE//0000//001//CREDIT</AddtlNtryInf></Ntry><Ntry><Amt Ccy="GBP">500.00</Amt><CdtDbtInd>CRDT</CdtDbtInd><Sts>BOOK</Sts><BookgDt><Dt>2018-09-18</Dt></BookgDt><BkTxCd><Prtry><Cd>SIP UKBA CR 40269</Cd></Prtry></BkTxCd><TxDtls><Refs><EndToEndId>STARLING-0ZLW5NP718OK214JMX</EndToEndId><TxId>0ZLW5NP718OK214JMX</TxId></Refs><RltdPties><Dbtr><Nm>Ali  Kamran</Nm></Dbtr><DbtrAcct><Id><PrtryAcct><Id>60837163368674</Id></PrtryAcct></Id></DbtrAcct><Cdtr><Nm>Ali Kamran</Nm></Cdtr><CdtrAcct><Id><PrtryAcct><Id>23008200386714</Id></PrtryAcct></Id></CdtrAcct><Prtry><Tp>From A Kamran</Tp><Pty/></Prtry></RltdPties><RmtInf><Strd><AddtlRmtInf>NO REF</AddtlRmtInf></Strd><Strd><AddtlRmtInf>Ali  Kamran//From A Kamran</AddtlRmtInf></Strd></RmtInf><RltdDts><TxDtTm>2018-09-18T08:14:00</TxDtTm></RltdDts><AddtlTxInf>0ZLW5NP718OK214JMX1020180918826608371</AddtlTxInf></TxDtls><AddtlNtryInf>COMPLETE//0000//001//CREDIT</AddtlNtryInf></Ntry><Ntry><Amt Ccy="GBP">81.00</Amt><CdtDbtInd>CRDT</CdtDbtInd><Sts>BOOK</Sts><BookgDt><Dt>2018-09-18</Dt></BookgDt><BkTxCd><Prtry><Cd>SIP UKBA CR 40269</Cd></Prtry></BkTxCd><TxDtls><Refs><EndToEndId>NOREF</EndToEndId><TxId>35082021239882000N</TxId><Prtry><Tp>STO REF</Tp><Ref>0000</Ref></Prtry></Refs><RltdPties><Dbtr><Nm>LEE WATTS</Nm><PstlAdr><AdrLine>APS COTTONS CENTRE SE1 2QG</AdrLine><Ctry/></PstlAdr></Dbtr><DbtrAcct><Id><PrtryAcct><Id>08719944977757</Id></PrtryAcct></Id></DbtrAcct><Cdtr><Nm>ARRO</Nm></Cdtr><CdtrAcct><Id><PrtryAcct><Id>23008200011145</Id></PrtryAcct></Id></CdtrAcct><Prtry><Tp>ARRO</Tp><Pty/></Prtry></RltdPties><RmtInf><Strd><AddtlRmtInf>ARRO</AddtlRmtInf></Strd><Strd><AddtlRmtInf>LEE WATTS//ARRO</AddtlRmtInf></Strd></RmtInf><RltdDts><TxDtTm>2018-09-18T08:20:21</TxDtTm></RltdDts><AddtlTxInf>35082021239882000N1020180918826087199</AddtlTxInf></TxDtls><AddtlNtryInf>COMPLETE//0000//001//CREDIT</AddtlNtryInf></Ntry><Ntry><Amt Ccy="GBP">5.00</Amt><CdtDbtInd>CRDT</CdtDbtInd><Sts>BOOK</Sts><BookgDt><Dt>2018-09-18</Dt></BookgDt><BkTxCd><Prtry><Cd>SIP UKBA CR 40269</Cd></Prtry></BkTxCd><TxDtls><Refs><EndToEndId>NOREF</EndToEndId><TxId>300000000393326804</TxId></Refs><RltdPties><Dbtr><Nm>C Sambrook</Nm></Dbtr><DbtrAcct><Id><PrtryAcct><Id>30162022720968</Id></PrtryAcct></Id></DbtrAcct><Cdtr><Nm>PAYMENT</Nm></Cdtr><CdtrAcct><Id><PrtryAcct><Id>23008200080333</Id></PrtryAcct></Id></CdtrAcct><Prtry><Tp>PAYMENT</Tp><Pty/></Prtry></RltdPties><RmtInf><Strd><AddtlRmtInf>NO REF</AddtlRmtInf></Strd><Strd><AddtlRmtInf>C Sambrook//PAYMENT</AddtlRmtInf></Strd></RmtInf><RltdDts><TxDtTm>2018-09-18T08:20:27</TxDtTm></RltdDts><AddtlTxInf>3000000003933268041020180918826301620</AddtlTxInf></TxDtls><AddtlNtryInf>COMPLETE//0000//001//CREDIT</AddtlNtryInf></Ntry><Ntry><Amt Ccy="GBP">300.00</Amt><CdtDbtInd>CRDT</CdtDbtInd><Sts>BOOK</Sts><BookgDt><Dt>2018-09-18</Dt></BookgDt><BkTxCd><Prtry><Cd>DCA UKBA CR 40269</Cd></Prtry></BkTxCd><TxDtls><Refs><EndToEndId>NOREF</EndToEndId><TxId>000000013591182401</TxId><Prtry><Tp>STO REF</Tp><Ref>6607</Ref></Prtry></Refs><RltdPties><Dbtr><Nm>M WATEGHA</Nm></Dbtr><DbtrAcct><Id><PrtryAcct><Id>20035373152596</Id></PrtryAcct></Id></DbtrAcct><Cdtr><Nm>ATTIA WATEGHA</Nm></Cdtr><CdtrAcct><Id><PrtryAcct><Id>23008200313567</Id></PrtryAcct></Id></CdtrAcct><Prtry><Tp>EXPENSE</Tp><Pty/></Prtry></RltdPties><RmtInf><Strd><AddtlRmtInf>NO REF</AddtlRmtInf></Strd><Strd><AddtlRmtInf>M WATEGHA//EXPENSE</AddtlRmtInf></Strd></RmtInf><RltdDts><TxDtTm>2018-09-18T08:22:05</TxDtTm></RltdDts><AddtlTxInf>0000000135911824015020180918826200353</AddtlTxInf></TxDtls><AddtlNtryInf>COMPLETE//0000//001//CREDIT</AddtlNtryInf></Ntry><Ntry><Amt Ccy="GBP">1000.00</Amt><CdtDbtInd>CRDT</CdtDbtInd><Sts>BOOK</Sts><BookgDt><Dt>2018-09-18</Dt></BookgDt><BkTxCd><Prtry><Cd>SIP UKBA CR 40269</Cd></Prtry></BkTxCd><TxDtls><Refs><EndToEndId>MRS F O ABIMBOLA</EndToEndId><TxId>04082343851012000R</TxId><Prtry><Tp>STO REF</Tp><Ref>0000</Ref></Prtry></Refs><RltdPties><Dbtr><Nm>ABIMBOLA E/ T</Nm></Dbtr><DbtrAcct><Id><PrtryAcct><Id>16192211114238</Id></PrtryAcct></Id></DbtrAcct><Cdtr><Nm>EXPORT SOLUTION</Nm></Cdtr><CdtrAcct><Id><PrtryAcct><Id>23008200044254</Id></PrtryAcct></Id></CdtrAcct><Prtry><Tp>MRS F O ABIMBOLA</Tp><Pty/></Prtry></RltdPties><RmtInf><Strd><AddtlRmtInf>ABIMBOLA E/ T     MRS F O ABIMBOLA  VIA MOBILE - PYMT</AddtlRmtInf></Strd><Strd><AddtlRmtInf>ABIMBOLA E/ T//MRS F O ABIMBOLA</AddtlRmtInf></Strd></RmtInf><RltdDts><TxDtTm>2018-09-18T08:23:44</TxDtTm></RltdDts><AddtlTxInf>04082343851012000R1020180918826161922</AddtlTxInf></TxDtls><AddtlNtryInf>COMPLETE//0000//001//CREDIT</AddtlNtryInf></Ntry></Ntfctn></BkToCstmrDbtCdtNtfctnV01></Document>