<?xml version="1.0" encoding="UTF-8"?><Document xmlns:xsi="http://www.w3.org/2001/XMLSchema-instance" xmlns="urn:iso:std:iso:20022:tech:xsd:camt.054.001.01"><BkToCstmrDbtCdtNtfctnV01><GrpHdr><MsgId>80309K//13156</MsgId><CreDtTm>2018-09-21T19:00:00</CreDtTm></GrpHdr><Ntfctn><Id>80309K//13156//1</Id><CreDtTm>2018-09-21T19:00:00</CreDtTm><Acct><Id><PrtryAcct><Id>20594233939774</Id></PrtryAcct></Id><Ccy>GBP</Ccy></Acct><TxsSummry><TtlNtries><NbOfNtries>10</NbOfNtries><Sum>756.50</Sum></TtlNtries><TtlCdtNtries><NbOfNtries>10</NbOfNtries><Sum>756.50</Sum></TtlCdtNtries><TtlDbtNtries><NbOfNtries>0</NbOfNtries><Sum>0.00</Sum></TtlDbtNtries></TxsSummry><Ntry><Amt Ccy="GBP">40.00</Amt><CdtDbtInd>CRDT</CdtDbtInd><Sts>BOOK</Sts><BookgDt><Dt>2018-09-24</Dt></BookgDt><BkTxCd><Prtry><Cd>SIP UKBA CR 40269</Cd></Prtry></BkTxCd><TxDtls><Refs><EndToEndId>NOREF</EndToEndId><TxId>200000000389131620</TxId></Refs><RltdPties><Dbtr><Nm>H Gracey-Shuck</Nm></Dbtr><DbtrAcct><Id><PrtryAcct><Id>30999089550960</Id></PrtryAcct></Id></DbtrAcct><Cdtr><Nm>G BROWN</Nm></Cdtr><CdtrAcct><Id><PrtryAcct><Id>23008200350338</Id></PrtryAcct></Id></CdtrAcct><Prtry><Tp>WORK</Tp><Pty/></Prtry></RltdPties><RmtInf><Strd><AddtlRmtInf>NO REF</AddtlRmtInf></Strd><Strd><AddtlRmtInf>H Gracey-Shuck//WORK</AddtlRmtInf></Strd></RmtInf><RltdDts><TxDtTm>2018-09-21T18:33:23</TxDtTm></RltdDts><AddtlTxInf>2000000003891316201020180921826309990</AddtlTxInf></TxDtls><AddtlNtryInf>COMPLETE//0000//003//CREDIT</AddtlNtryInf></Ntry><Ntry><Amt Ccy="GBP">10.00</Amt><CdtDbtInd>CRDT</CdtDbtInd><Sts>BOOK</Sts><BookgDt><Dt>2018-09-24</Dt></BookgDt><BkTxCd><Prtry><Cd>SIP UKBA CR 40269</Cd></Prtry></BkTxCd><TxDtls><Refs><EndToEndId>NOREF</EndToEndId><TxId>POK3NF0UBAOND3TDNP</TxId></Refs><RltdPties><Dbtr><Nm>Marius Borca</Nm><PstlAdr><AdrLine>87 Masterman Road, E6 3NW</AdrLine><Ctry/></PstlAdr></Dbtr><DbtrAcct><Id><PrtryAcct><Id>04000448786713</Id></PrtryAcct></Id></DbtrAcct><Cdtr><Nm>Rebel MIAH</Nm></Cdtr><CdtrAcct><Id><PrtryAcct><Id>23008200305367</Id></PrtryAcct></Id></CdtrAcct></RltdPties><RmtInf><Strd><AddtlRmtInf>NO REF</AddtlRmtInf></Strd><Strd><AddtlRmtInf>Marius Borca//</AddtlRmtInf></Strd></RmtInf><RltdDts><TxDtTm>2018-09-21T18:35:45</TxDtTm></RltdDts><AddtlTxInf>POK3NF0UBAOND3TDNP1020180921826040004</AddtlTxInf></TxDtls><AddtlNtryInf>COMPLETE//0000//003//CREDIT</AddtlNtryInf></Ntry><Ntry><Amt Ccy="GBP">15.00</Amt><CdtDbtInd>CRDT</CdtDbtInd><Sts>BOOK</Sts><BookgDt><Dt>2018-09-24</Dt></BookgDt><BkTxCd><Prtry><Cd>SIP UKBA CR 40269</Cd></Prtry></BkTxCd><TxDtls><Refs><EndToEndId>NOREF</EndToEndId><TxId>PPCDUMWMR36GL408A9</TxId></Refs><RltdPties><Dbtr><Nm>Marius Borca</Nm><PstlAdr><AdrLine>87 Masterman Road, E6 3NW</AdrLine><Ctry/></PstlAdr></Dbtr><DbtrAcct><Id><PrtryAcct><Id>04000448786713</Id></PrtryAcct></Id></DbtrAcct><Cdtr><Nm>Universal Connect</Nm></Cdtr><CdtrAcct><Id><PrtryAcct><Id>23008200040599</Id></PrtryAcct></Id></CdtrAcct></RltdPties><RmtInf><Strd><AddtlRmtInf>NO REF</AddtlRmtInf></Strd><Strd><AddtlRmtInf>Marius Borca//</AddtlRmtInf></Strd></RmtInf><RltdDts><TxDtTm>2018-09-21T18:37:11</TxDtTm></RltdDts><AddtlTxInf>PPCDUMWMR36GL408A91020180921826040004</AddtlTxInf></TxDtls><AddtlNtryInf>COMPLETE//0000//003//CREDIT</AddtlNtryInf></Ntry><Ntry><Amt Ccy="GBP">11.00</Amt><CdtDbtInd>CRDT</CdtDbtInd><Sts>BOOK</Sts><BookgDt><Dt>2018-09-24</Dt></BookgDt><BkTxCd><Prtry><Cd>SIP UKBA CR 40269</Cd></Prtry></BkTxCd><TxDtls><Refs><EndToEndId>PPWD00000000AP5H4G</EndToEndId><TxId>PPWD00000000AP5H4G</TxId></Refs><RltdPties><Dbtr><Nm>PayPal</Nm><PstlAdr><AdrLine>2211 N 1st Street San Jose CA 95131</AdrLine><Ctry/></PstlAdr></Dbtr><DbtrAcct><Id><PrtryAcct><Id>23526278959595</Id></PrtryAcct></Id></DbtrAcct><Cdtr><Nm>Nicholas Jones</Nm><PstlAdr><AdrLine>56, HAROLD STREET</AdrLine><Ctry/></PstlAdr></Cdtr><CdtrAcct><Id><PrtryAcct><Id>23008200351123</Id></PrtryAcct></Id></CdtrAcct><Prtry><Tp>PPWDL4D422AL9PAZ7Q</Tp><Pty/></Prtry></RltdPties><RmtInf><Strd><RfrdDocInf><RfrdDocTp><Prtry>002</Prtry></RfrdDocTp></RfrdDocInf><AddtlRmtInf>NO REF</AddtlRmtInf></Strd><Strd><AddtlRmtInf>PayPal//PPWDL4D422AL9PAZ7Q</AddtlRmtInf></Strd></RmtInf><RltdDts><TxDtTm>2018-09-21T18:38:21</TxDtTm></RltdDts><AddtlTxInf>PPWD00000000AP5H4G1020180921826235262</AddtlTxInf></TxDtls><AddtlNtryInf>COMPLETE//0000//003//CREDIT</AddtlNtryInf></Ntry><Ntry><Amt Ccy="GBP">1.50</Amt><CdtDbtInd>CRDT</CdtDbtInd><Sts>BOOK</Sts><BookgDt><Dt>2018-09-24</Dt></BookgDt><BkTxCd><Prtry><Cd>SIP UKBA CR 40269</Cd></Prtry></BkTxCd><TxDtls><Refs><EndToEndId>NOREF</EndToEndId><TxId>300000000394449153</TxId></Refs><RltdPties><Dbtr><Nm>S Sidhu</Nm></Dbtr><DbtrAcct><Id><PrtryAcct><Id>11000111108075</Id></PrtryAcct></Id></DbtrAcct><Cdtr><Nm>SANJAY SIDHU</Nm></Cdtr><CdtrAcct><Id><PrtryAcct><Id>23008200433902</Id></PrtryAcct></Id></CdtrAcct><Prtry><Tp>SANJAY</Tp><Pty/></Prtry></RltdPties><RmtInf><Strd><AddtlRmtInf>NO REF</AddtlRmtInf></Strd><Strd><AddtlRmtInf>S Sidhu//SANJAY</AddtlRmtInf></Strd></RmtInf><RltdDts><TxDtTm>2018-09-21T18:39:06</TxDtTm></RltdDts><AddtlTxInf>3000000003944491531020180921826110001</AddtlTxInf></TxDtls><AddtlNtryInf>COMPLETE//0000//003//CREDIT</AddtlNtryInf></Ntry><Ntry><Amt Ccy="GBP">9.00</Amt><CdtDbtInd>CRDT</CdtDbtInd><Sts>BOOK</Sts><BookgDt><Dt>2018-09-24</Dt></BookgDt><BkTxCd><Prtry><Cd>SIP UKBA CR 40269</Cd></Prtry></BkTxCd><TxDtls><Refs><EndToEndId>DAD</EndToEndId><TxId>39184240220856000N</TxId><Prtry><Tp>STO REF</Tp><Ref>0000</Ref></Prtry></Refs><RltdPties><Dbtr><Nm>LARNDER-SMITH SA</Nm></Dbtr><DbtrAcct><Id><PrtryAcct><Id>55502864581667</Id></PrtryAcct></Id></DbtrAcct><Cdtr><Nm>CORY LARNDER-SMITH</Nm></Cdtr><CdtrAcct><Id><PrtryAcct><Id>23008200246431</Id></PrtryAcct></Id></CdtrAcct><Prtry><Tp>DAD</Tp><Pty/></Prtry></RltdPties><RmtInf><Strd><AddtlRmtInf>LARNDER-SMITH SA  DAD               VIA MOBILE - PYMT</AddtlRmtInf></Strd><Strd><AddtlRmtInf>LARNDER-SMITH SA//DAD</AddtlRmtInf></Strd></RmtInf><RltdDts><TxDtTm>2018-09-21T18:42:40</TxDtTm></RltdDts><AddtlTxInf>39184240220856000N1020180921826555028</AddtlTxInf></TxDtls><AddtlNtryInf>COMPLETE//0000//003//CREDIT</AddtlNtryInf></Ntry><Ntry><Amt Ccy="GBP">500.00</Amt><CdtDbtInd>CRDT</CdtDbtInd><Sts>BOOK</Sts><BookgDt><Dt>2018-09-24</Dt></BookgDt><BkTxCd><Prtry><Cd>SIP UKBA CR 40269</Cd></Prtry></BkTxCd><TxDtls><Refs><EndToEndId>NOREF</EndToEndId><TxId>100000000389144795</TxId></Refs><RltdPties><Dbtr><Nm>Chryson Limited</Nm></Dbtr><DbtrAcct><Id><PrtryAcct><Id>80066406006715</Id></PrtryAcct></Id></DbtrAcct><Cdtr><Nm>DAVID DRIVER</Nm></Cdtr><CdtrAcct><Id><PrtryAcct><Id>23008200083441</Id></PrtryAcct></Id></CdtrAcct><Prtry><Tp>MARKETING FEES</Tp><Pty/></Prtry></RltdPties><RmtInf><Strd><AddtlRmtInf>NO REF</AddtlRmtInf></Strd><Strd><AddtlRmtInf>Chryson Limited//MARKETING FEES</AddtlRmtInf></Strd></RmtInf><RltdDts><TxDtTm>2018-09-21T18:47:47</TxDtTm></RltdDts><AddtlTxInf>1000000003891447951020180921826800664</AddtlTxInf></TxDtls><AddtlNtryInf>COMPLETE//0000//003//CREDIT</AddtlNtryInf></Ntry><Ntry><Amt Ccy="GBP">10.00</Amt><CdtDbtInd>CRDT</CdtDbtInd><Sts>BOOK</Sts><BookgDt><Dt>2018-09-24</Dt></BookgDt><BkTxCd><Prtry><Cd>SIP UKBA CR 40269</Cd></Prtry></BkTxCd><TxDtls><Refs><EndToEndId>NOREF</EndToEndId><TxId>300000000394452065</TxId></Refs><RltdPties><Dbtr><Nm>J Kennedy</Nm></Dbtr><DbtrAcct><Id><PrtryAcct><Id>30987556518968</Id></PrtryAcct></Id></DbtrAcct><Cdtr><Nm>PAISLEY WILKINS</Nm></Cdtr><CdtrAcct><Id><PrtryAcct><Id>23008200314532</Id></PrtryAcct></Id></CdtrAcct><Prtry><Tp>SISTER</Tp><Pty/></Prtry></RltdPties><RmtInf><Strd><AddtlRmtInf>NO REF</AddtlRmtInf></Strd><Strd><AddtlRmtInf>J Kennedy//SISTER</AddtlRmtInf></Strd></RmtInf><RltdDts><TxDtTm>2018-09-21T18:49:31</TxDtTm></RltdDts><AddtlTxInf>3000000003944520651020180921826309875</AddtlTxInf></TxDtls><AddtlNtryInf>COMPLETE//0000//003//CREDIT</AddtlNtryInf></Ntry><Ntry><Amt Ccy="GBP">18.00</Amt><CdtDbtInd>CRDT</CdtDbtInd><Sts>BOOK</Sts><BookgDt><Dt>2018-09-24</Dt></BookgDt><BkTxCd><Prtry><Cd>SIP UKBA CR 40269</Cd></Prtry></BkTxCd><TxDtls><Refs><EndToEndId>NOREF</EndToEndId><TxId>300000000394454466</TxId></Refs><RltdPties><Dbtr><Nm>A Buckland</Nm></Dbtr><DbtrAcct><Id><PrtryAcct><Id>30948349550968</Id></PrtryAcct></Id></DbtrAcct><Cdtr><Nm>AMANDA BUCKLAND</Nm></Cdtr><CdtrAcct><Id><PrtryAcct><Id>23008200109647</Id></PrtryAcct></Id></CdtrAcct><Prtry><Tp>GOING OUT CASH</Tp><Pty/></Prtry></RltdPties><RmtInf><Strd><AddtlRmtInf>NO REF</AddtlRmtInf></Strd><Strd><AddtlRmtInf>A Buckland//GOING OUT CASH</AddtlRmtInf></Strd></RmtInf><RltdDts><TxDtTm>2018-09-21T18:58:22</TxDtTm></RltdDts><AddtlTxInf>3000000003944544661020180921826309483</AddtlTxInf></TxDtls><AddtlNtryInf>COMPLETE//0000//003//CREDIT</AddtlNtryInf></Ntry><Ntry><Amt Ccy="GBP">142.00</Amt><CdtDbtInd>CRDT</CdtDbtInd><Sts>BOOK</Sts><BookgDt><Dt>2018-09-24</Dt></BookgDt><BkTxCd><Prtry><Cd>SIP UKBA CR 40269</Cd></Prtry></BkTxCd><TxDtls><Refs><EndToEndId>ADVSTAFF</EndToEndId><TxId>29185942247245000N</TxId><Prtry><Tp>STO REF</Tp><Ref>0000</Ref></Prtry></Refs><RltdPties><Dbtr><Nm>ADVANCED STAFFING</Nm></Dbtr><DbtrAcct><Id><PrtryAcct><Id>52215228637585</Id></PrtryAcct></Id></DbtrAcct><Cdtr><Nm>GAVIN COLLIER</Nm></Cdtr><CdtrAcct><Id><PrtryAcct><Id>23008200026031</Id></PrtryAcct></Id></CdtrAcct><Prtry><Tp>ADVSTAFF</Tp><Pty/></Prtry></RltdPties><RmtInf><Strd><AddtlRmtInf>ADVANCED STAFFING ADVSTAFF          VIA MOBILE - LVP</AddtlRmtInf></Strd><Strd><AddtlRmtInf>ADVANCED STAFFING//ADVSTAFF</AddtlRmtInf></Strd></RmtInf><RltdDts><TxDtTm>2018-09-21T18:59:42</TxDtTm></RltdDts><AddtlTxInf>29185942247245000N1020180921826522152</AddtlTxInf></TxDtls><AddtlNtryInf>COMPLETE//0000//003//CREDIT</AddtlNtryInf></Ntry></Ntfctn></BkToCstmrDbtCdtNtfctnV01></Document>