<?xml version="1.0" encoding="UTF-8"?><Document xmlns:xsi="http://www.w3.org/2001/XMLSchema-instance" xmlns="urn:iso:std:iso:20022:tech:xsd:camt.054.001.01"><BkToCstmrDbtCdtNtfctnV01><GrpHdr><MsgId>80309K//13521</MsgId><CreDtTm>2018-09-30T11:00:00</CreDtTm></GrpHdr><Ntfctn><Id>80309K//13521//1</Id><CreDtTm>2018-09-30T11:00:00</CreDtTm><Acct><Id><PrtryAcct><Id>20594233939774</Id></PrtryAcct></Id><Ccy>GBP</Ccy></Acct><TxsSummry><TtlNtries><NbOfNtries>3</NbOfNtries><Sum>1810.72</Sum></TtlNtries><TtlCdtNtries><NbOfNtries>3</NbOfNtries><Sum>1810.72</Sum></TtlCdtNtries><TtlDbtNtries><NbOfNtries>0</NbOfNtries><Sum>0.00</Sum></TtlDbtNtries></TxsSummry><Ntry><Amt Ccy="GBP">10.71</Amt><CdtDbtInd>CRDT</CdtDbtInd><Sts>BOOK</Sts><BookgDt><Dt>2018-10-01</Dt></BookgDt><BkTxCd><Prtry><Cd>SIP UKBA CR 40269</Cd></Prtry></BkTxCd><TxDtls><Refs><EndToEndId>PPWD00000000AR840C</EndToEndId><TxId>PPWD00000000AR840C</TxId></Refs><RltdPties><Dbtr><Nm>PayPal</Nm><PstlAdr><AdrLine>2211 N 1st Street San Jose CA 95131</AdrLine><Ctry/></PstlAdr></Dbtr><DbtrAcct><Id><PrtryAcct><Id>23526278959595</Id></PrtryAcct></Id></DbtrAcct><Cdtr><Nm>Rachel Best</Nm><PstlAdr><AdrLine>6 Park Road</AdrLine><Ctry/></PstlAdr></Cdtr><CdtrAcct><Id><PrtryAcct><Id>23008200291026</Id></PrtryAcct></Id></CdtrAcct><Prtry><Tp>PPWDL54522ALE6VZT4</Tp><Pty/></Prtry></RltdPties><RmtInf><Strd><RfrdDocInf><RfrdDocTp><Prtry>002</Prtry></RfrdDocTp></RfrdDocInf><AddtlRmtInf>NO REF</AddtlRmtInf></Strd><Strd><AddtlRmtInf>PayPal//PPWDL54522ALE6VZT4</AddtlRmtInf></Strd></RmtInf><RltdDts><TxDtTm>2018-09-30T10:45:54</TxDtTm></RltdDts><AddtlTxInf>PPWD00000000AR840C1020180930826235262</AddtlTxInf></TxDtls><AddtlNtryInf>COMPLETE//0000//003//CREDIT</AddtlNtryInf></Ntry><Ntry><Amt Ccy="GBP">1800.00</Amt><CdtDbtInd>CRDT</CdtDbtInd><Sts>BOOK</Sts><BookgDt><Dt>2018-10-01</Dt></BookgDt><BkTxCd><Prtry><Cd>SIP UKBA CR 40269</Cd></Prtry></BkTxCd><TxDtls><Refs><EndToEndId>NOREF</EndToEndId><TxId>022625126401039001</TxId><Prtry><Tp>STO REF</Tp><Ref>0000</Ref></Prtry></Refs><RltdPties><Dbtr><Nm>Cunningham I</Nm></Dbtr><DbtrAcct><Id><PrtryAcct><Id>40191514283570</Id></PrtryAcct></Id></DbtrAcct><Cdtr><Nm>SERENA</Nm></Cdtr><CdtrAcct><Id><PrtryAcct><Id>23008200284973</Id></PrtryAcct></Id></CdtrAcct><Prtry><Tp>POPPY</Tp><Pty/></Prtry></RltdPties><RmtInf><Strd><AddtlRmtInf>NO REF</AddtlRmtInf></Strd><Strd><AddtlRmtInf>Cunningham I//POPPY</AddtlRmtInf></Strd></RmtInf><RltdDts><TxDtTm>2018-09-30T10:46:21</TxDtTm></RltdDts><AddtlTxInf>0226251264010390011020180930826401915</AddtlTxInf></TxDtls><AddtlNtryInf>COMPLETE//0000//003//CREDIT</AddtlNtryInf></Ntry><Ntry><Amt Ccy="GBP">0.01</Amt><CdtDbtInd>CRDT</CdtDbtInd><Sts>BOOK</Sts><BookgDt><Dt>2018-10-01</Dt></BookgDt><BkTxCd><Prtry><Cd>SIP UKBA CR 40269</Cd></Prtry></BkTxCd><TxDtls><Refs><EndToEndId>PPRD00000000AR86VE</EndToEndId><TxId>PPRD00000000AR86VE</TxId></Refs><RltdPties><Dbtr><Nm>PAYPAL CODE 9198</Nm><PstlAdr><AdrLine>2211 N 1st Street San Jose CA 95131</AdrLine><Ctry/></PstlAdr></Dbtr><DbtrAcct><Id><PrtryAcct><Id>23526285010101</Id></PrtryAcct></Id></DbtrAcct><Cdtr><Nm>Luke Draper</Nm><PstlAdr><AdrLine>16 Lambourne Close</AdrLine><Ctry/></PstlAdr></Cdtr><CdtrAcct><Id><PrtryAcct><Id>23008200475889</Id></PrtryAcct></Id></CdtrAcct><Prtry><Tp>PAYPAL CODE 9198</Tp><Pty/></Prtry></RltdPties><RmtInf><Strd><RfrdDocInf><RfrdDocTp><Prtry>002</Prtry></RfrdDocTp></RfrdDocInf><AddtlRmtInf>NO REF</AddtlRmtInf></Strd><Strd><AddtlRmtInf>PAYPAL CODE 9198//PAYPAL CODE 9198</AddtlRmtInf></Strd></RmtInf><RltdDts><TxDtTm>2018-09-30T10:46:39</TxDtTm></RltdDts><AddtlTxInf>PPRD00000000AR86VE1020180930826235262</AddtlTxInf></TxDtls><AddtlNtryInf>COMPLETE//0000//003//CREDIT</AddtlNtryInf></Ntry></Ntfctn></BkToCstmrDbtCdtNtfctnV01></Document>