<?xml version="1.0" encoding="UTF-8"?><Document xmlns:xsi="http://www.w3.org/2001/XMLSchema-instance" xmlns="urn:iso:std:iso:20022:tech:xsd:camt.054.001.01"><BkToCstmrDbtCdtNtfctnV01><GrpHdr><MsgId>80309K//13304</MsgId><CreDtTm>2018-09-25T08:30:00</CreDtTm></GrpHdr><Ntfctn><Id>80309K//13304//1</Id><CreDtTm>2018-09-25T08:30:00</CreDtTm><Acct><Id><PrtryAcct><Id>20594233939774</Id></PrtryAcct></Id><Ccy>GBP</Ccy></Acct><TxsSummry><TtlNtries><NbOfNtries>7</NbOfNtries><Sum>505.00</Sum></TtlNtries><TtlCdtNtries><NbOfNtries>7</NbOfNtries><Sum>505.00</Sum></TtlCdtNtries><TtlDbtNtries><NbOfNtries>0</NbOfNtries><Sum>0.00</Sum></TtlDbtNtries></TxsSummry><Ntry><Amt Ccy="GBP">30.00</Amt><CdtDbtInd>CRDT</CdtDbtInd><Sts>BOOK</Sts><BookgDt><Dt>2018-09-25</Dt></BookgDt><BkTxCd><Prtry><Cd>SIP UKBA CR 40269</Cd></Prtry></BkTxCd><TxDtls><Refs><EndToEndId>NOREF</EndToEndId><TxId>600000000391339739</TxId></Refs><RltdPties><Dbtr><Nm>E Docherty</Nm></Dbtr><DbtrAcct><Id><PrtryAcct><Id>77210434337960</Id></PrtryAcct></Id></DbtrAcct><Cdtr><Nm>JAMES NEW</Nm></Cdtr><CdtrAcct><Id><PrtryAcct><Id>23008200089440</Id></PrtryAcct></Id></CdtrAcct><Prtry><Tp>LONDON</Tp><Pty/></Prtry></RltdPties><RmtInf><Strd><AddtlRmtInf>NO REF</AddtlRmtInf></Strd><Strd><AddtlRmtInf>E Docherty//LONDON</AddtlRmtInf></Strd></RmtInf><RltdDts><TxDtTm>2018-09-25T08:00:38</TxDtTm></RltdDts><AddtlTxInf>6000000003913397391020180925826772104</AddtlTxInf></TxDtls><AddtlNtryInf>COMPLETE//0000//001//CREDIT</AddtlNtryInf></Ntry><Ntry><Amt Ccy="GBP">20.00</Amt><CdtDbtInd>CRDT</CdtDbtInd><Sts>BOOK</Sts><BookgDt><Dt>2018-09-25</Dt></BookgDt><BkTxCd><Prtry><Cd>SIP UKBA CR 40269</Cd></Prtry></BkTxCd><TxDtls><Refs><EndToEndId>NOREF</EndToEndId><TxId>200000000389960589</TxId></Refs><RltdPties><Dbtr><Nm>F Margerison</Nm></Dbtr><DbtrAcct><Id><PrtryAcct><Id>77220435021968</Id></PrtryAcct></Id></DbtrAcct><Cdtr><Nm>SUE</Nm></Cdtr><CdtrAcct><Id><PrtryAcct><Id>23008200126075</Id></PrtryAcct></Id></CdtrAcct><Prtry><Tp>FIN</Tp><Pty/></Prtry></RltdPties><RmtInf><Strd><AddtlRmtInf>NO REF</AddtlRmtInf></Strd><Strd><AddtlRmtInf>F Margerison//FIN</AddtlRmtInf></Strd></RmtInf><RltdDts><TxDtTm>2018-09-25T08:09:05</TxDtTm></RltdDts><AddtlTxInf>2000000003899605891020180925826772204</AddtlTxInf></TxDtls><AddtlNtryInf>COMPLETE//0000//001//CREDIT</AddtlNtryInf></Ntry><Ntry><Amt Ccy="GBP">5.00</Amt><CdtDbtInd>CRDT</CdtDbtInd><Sts>BOOK</Sts><BookgDt><Dt>2018-09-25</Dt></BookgDt><BkTxCd><Prtry><Cd>SIP UKBA CR 40269</Cd></Prtry></BkTxCd><TxDtls><Refs><EndToEndId>NOREF</EndToEndId><TxId>400000000396424639</TxId></Refs><RltdPties><Dbtr><Nm>C Sambrook</Nm></Dbtr><DbtrAcct><Id><PrtryAcct><Id>30162022720968</Id></PrtryAcct></Id></DbtrAcct><Cdtr><Nm>PAYMENT</Nm></Cdtr><CdtrAcct><Id><PrtryAcct><Id>23008200080333</Id></PrtryAcct></Id></CdtrAcct><Prtry><Tp>PAYMENT</Tp><Pty/></Prtry></RltdPties><RmtInf><Strd><AddtlRmtInf>NO REF</AddtlRmtInf></Strd><Strd><AddtlRmtInf>C Sambrook//PAYMENT</AddtlRmtInf></Strd></RmtInf><RltdDts><TxDtTm>2018-09-25T08:09:38</TxDtTm></RltdDts><AddtlTxInf>4000000003964246391020180925826301620</AddtlTxInf></TxDtls><AddtlNtryInf>COMPLETE//0000//001//CREDIT</AddtlNtryInf></Ntry><Ntry><Amt Ccy="GBP">30.00</Amt><CdtDbtInd>CRDT</CdtDbtInd><Sts>BOOK</Sts><BookgDt><Dt>2018-09-25</Dt></BookgDt><BkTxCd><Prtry><Cd>SIP UKBA CR 40269</Cd></Prtry></BkTxCd><TxDtls><Refs><EndToEndId>NOREF</EndToEndId><TxId>CBBPI0812222369798</TxId></Refs><RltdPties><Dbtr><Nm>MARY GASKIN</Nm></Dbtr><DbtrAcct><Id><PrtryAcct><Id>82693450543353</Id></PrtryAcct></Id></DbtrAcct><Cdtr><Nm>Mum</Nm></Cdtr><CdtrAcct><Id><PrtryAcct><Id>23008200350230</Id></PrtryAcct></Id></CdtrAcct><Prtry><Tp>Mum</Tp><Pty/></Prtry></RltdPties><RmtInf><Strd><RfrdDocInf><RfrdDocTp><Prtry>002</Prtry></RfrdDocTp></RfrdDocInf><AddtlRmtInf>NO REF</AddtlRmtInf></Strd><Strd><AddtlRmtInf>MARY GASKIN//Mum</AddtlRmtInf></Strd></RmtInf><RltdDts><TxDtTm>2018-09-25T08:12:23</TxDtTm></RltdDts><AddtlTxInf>CBBPI08122223697981020180925826826934</AddtlTxInf></TxDtls><AddtlNtryInf>COMPLETE//0000//001//CREDIT</AddtlNtryInf></Ntry><Ntry><Amt Ccy="GBP">21.00</Amt><CdtDbtInd>CRDT</CdtDbtInd><Sts>BOOK</Sts><BookgDt><Dt>2018-09-25</Dt></BookgDt><BkTxCd><Prtry><Cd>SIP UKBA CR 40269</Cd></Prtry></BkTxCd><TxDtls><Refs><EndToEndId>NOREF</EndToEndId><TxId>49983440028057F7SW</TxId><Prtry><Tp>STO REF</Tp><Ref>0000</Ref></Prtry></Refs><RltdPties><Dbtr><Nm>MR SHANE MCCARTNEY</Nm><PstlAdr><AdrLine>243 MORLAND ROAD;SHEFFIELD;UNITED;</AdrLine><AdrLine>KINGDOM S14 1TH</AdrLine><Ctry/></PstlAdr></Dbtr><DbtrAcct><Id><PrtryAcct><Id>40642010990558</Id></PrtryAcct></Id></DbtrAcct><Cdtr><Nm>MR SHANE MCCARTNEY</Nm></Cdtr><CdtrAcct><Id><PrtryAcct><Id>23008200187227</Id></PrtryAcct></Id></CdtrAcct></RltdPties><RmtInf><Strd><AddtlRmtInf>NO REF</AddtlRmtInf></Strd><Strd><AddtlRmtInf>MR SHANE MCCARTNEY//</AddtlRmtInf></Strd></RmtInf><RltdDts><TxDtTm>2018-09-25T08:20:06</TxDtTm></RltdDts><AddtlTxInf>49983440028057F7SW1020180925826400250</AddtlTxInf></TxDtls><AddtlNtryInf>COMPLETE//0000//001//CREDIT</AddtlNtryInf></Ntry><Ntry><Amt Ccy="GBP">300.00</Amt><CdtDbtInd>CRDT</CdtDbtInd><Sts>BOOK</Sts><BookgDt><Dt>2018-09-25</Dt></BookgDt><BkTxCd><Prtry><Cd>SIP UKBA CR 40269</Cd></Prtry></BkTxCd><TxDtls><Refs><EndToEndId>NOREF</EndToEndId><TxId>665166444280529001</TxId><Prtry><Tp>STO REF</Tp><Ref>0000</Ref></Prtry></Refs><RltdPties><Dbtr><Nm>Emmott DJ&amp;AJ</Nm></Dbtr><DbtrAcct><Id><PrtryAcct><Id>40251012892049</Id></PrtryAcct></Id></DbtrAcct><Cdtr><Nm>Ascent Creation</Nm></Cdtr><CdtrAcct><Id><PrtryAcct><Id>23008200084715</Id></PrtryAcct></Id></CdtrAcct><Prtry><Tp>ASLA05001491</Tp><Pty/></Prtry></RltdPties><RmtInf><Strd><AddtlRmtInf>NO REF</AddtlRmtInf></Strd><Strd><AddtlRmtInf>Emmott DJ&amp;AJ//ASLA05001491</AddtlRmtInf></Strd></RmtInf><RltdDts><TxDtTm>2018-09-25T08:24:45</TxDtTm></RltdDts><AddtlTxInf>6651664442805290011020180925826402510</AddtlTxInf></TxDtls><AddtlNtryInf>COMPLETE//0000//001//CREDIT</AddtlNtryInf></Ntry><Ntry><Amt Ccy="GBP">99.00</Amt><CdtDbtInd>CRDT</CdtDbtInd><Sts>BOOK</Sts><BookgDt><Dt>2018-09-25</Dt></BookgDt><BkTxCd><Prtry><Cd>SIP UKBA CR 40269</Cd></Prtry></BkTxCd><TxDtls><Refs><EndToEndId>HARISH RACING</EndToEndId><TxId>28082605540651000R</TxId><Prtry><Tp>STO REF</Tp><Ref>0000</Ref></Prtry></Refs><RltdPties><Dbtr><Nm>AGGARWAL H</Nm></Dbtr><DbtrAcct><Id><PrtryAcct><Id>16251010159841</Id></PrtryAcct></Id></DbtrAcct><Cdtr><Nm>AMBLESIDE</Nm></Cdtr><CdtrAcct><Id><PrtryAcct><Id>23008200224434</Id></PrtryAcct></Id></CdtrAcct><Prtry><Tp>HARISH RACING</Tp><Pty/></Prtry></RltdPties><RmtInf><Strd><AddtlRmtInf>AGGARWAL H        HARISH RACING     VIA MOBILE - LVP</AddtlRmtInf></Strd><Strd><AddtlRmtInf>AGGARWAL H//HARISH RACING</AddtlRmtInf></Strd></RmtInf><RltdDts><TxDtTm>2018-09-25T08:26:05</TxDtTm></RltdDts><AddtlTxInf>28082605540651000R1020180925826162510</AddtlTxInf></TxDtls><AddtlNtryInf>COMPLETE//0000//001//CREDIT</AddtlNtryInf></Ntry></Ntfctn></BkToCstmrDbtCdtNtfctnV01></Document>