<?xml version="1.0" encoding="UTF-8"?><Document xmlns:xsi="http://www.w3.org/2001/XMLSchema-instance" xmlns="urn:iso:std:iso:20022:tech:xsd:camt.054.001.01"><BkToCstmrDbtCdtNtfctnV01><GrpHdr><MsgId>80309K//12451</MsgId><CreDtTm>2018-09-05T13:00:00</CreDtTm></GrpHdr><Ntfctn><Id>80309K//12451//1</Id><CreDtTm>2018-09-05T13:00:00</CreDtTm><Acct><Id><PrtryAcct><Id>20594233939774</Id></PrtryAcct></Id><Ccy>GBP</Ccy></Acct><TxsSummry><TtlNtries><NbOfNtries>5</NbOfNtries><Sum>595.74</Sum></TtlNtries><TtlCdtNtries><NbOfNtries>5</NbOfNtries><Sum>595.74</Sum></TtlCdtNtries><TtlDbtNtries><NbOfNtries>0</NbOfNtries><Sum>0.00</Sum></TtlDbtNtries></TxsSummry><Ntry><Amt Ccy="GBP">20.00</Amt><CdtDbtInd>CRDT</CdtDbtInd><Sts>BOOK</Sts><BookgDt><Dt>2018-09-05</Dt></BookgDt><BkTxCd><Prtry><Cd>SIP UKBA CR 40269</Cd></Prtry></BkTxCd><TxDtls><Refs><EndToEndId>NOREF</EndToEndId><TxId>RP4679960663543600</TxId></Refs><RltdPties><Dbtr><Nm>INOCULAND LTD</Nm></Dbtr><DbtrAcct><Id><PrtryAcct><Id>20217893671046</Id></PrtryAcct></Id></DbtrAcct><Cdtr><Nm>MR ASHLEY ROYDEN</Nm></Cdtr><CdtrAcct><Id><PrtryAcct><Id>23008200367222</Id></PrtryAcct></Id></CdtrAcct><Prtry><Tp>ASHLE REFUND PHONE</Tp><Pty/></Prtry></RltdPties><RmtInf><Strd><AddtlRmtInf>NO REF</AddtlRmtInf></Strd><Strd><AddtlRmtInf>INOCULAND LTD//ASHLE REFUND PHONE</AddtlRmtInf></Strd></RmtInf><RltdDts><TxDtTm>2018-09-05T12:34:07</TxDtTm></RltdDts><AddtlTxInf>RP46799606635436001020180905826200026</AddtlTxInf></TxDtls><AddtlNtryInf>COMPLETE//0000//001//CREDIT</AddtlNtryInf></Ntry><Ntry><Amt Ccy="GBP">25.00</Amt><CdtDbtInd>CRDT</CdtDbtInd><Sts>BOOK</Sts><BookgDt><Dt>2018-09-05</Dt></BookgDt><BkTxCd><Prtry><Cd>SIP UKBA CR 40269</Cd></Prtry></BkTxCd><TxDtls><Refs><EndToEndId>PPWD00000000AKZKDU</EndToEndId><TxId>PPWD00000000AKZKDU</TxId></Refs><RltdPties><Dbtr><Nm>PayPal</Nm><PstlAdr><AdrLine>2211 N 1st Street San Jose CA 95131</AdrLine><Ctry/></PstlAdr></Dbtr><DbtrAcct><Id><PrtryAcct><Id>23526278959595</Id></PrtryAcct></Id></DbtrAcct><Cdtr><Nm>British Wear</Nm><PstlAdr><AdrLine>18 morley road</AdrLine><Ctry/></PstlAdr></Cdtr><CdtrAcct><Id><PrtryAcct><Id>23008200421785</Id></PrtryAcct></Id></CdtrAcct><Prtry><Tp>PPWDL45SJ2AKTJUTVC</Tp><Pty/></Prtry></RltdPties><RmtInf><Strd><RfrdDocInf><RfrdDocTp><Prtry>002</Prtry></RfrdDocTp></RfrdDocInf><AddtlRmtInf>NO REF</AddtlRmtInf></Strd><Strd><AddtlRmtInf>PayPal//PPWDL45SJ2AKTJUTVC</AddtlRmtInf></Strd></RmtInf><RltdDts><TxDtTm>2018-09-05T12:36:22</TxDtTm></RltdDts><AddtlTxInf>PPWD00000000AKZKDU1020180905826235262</AddtlTxInf></TxDtls><AddtlNtryInf>COMPLETE//0000//001//CREDIT</AddtlNtryInf></Ntry><Ntry><Amt Ccy="GBP">450.00</Amt><CdtDbtInd>CRDT</CdtDbtInd><Sts>BOOK</Sts><BookgDt><Dt>2018-09-05</Dt></BookgDt><BkTxCd><Prtry><Cd>SIP UKBA CR 40269</Cd></Prtry></BkTxCd><TxDtls><Refs><EndToEndId>NOREF</EndToEndId><TxId>RP4679960664505300</TxId></Refs><RltdPties><Dbtr><Nm>OSUKAH UN</Nm></Dbtr><DbtrAcct><Id><PrtryAcct><Id>20465700970271</Id></PrtryAcct></Id></DbtrAcct><Cdtr><Nm>JEDIDIAH GLOBAL LO</Nm></Cdtr><CdtrAcct><Id><PrtryAcct><Id>23008200032558</Id></PrtryAcct></Id></CdtrAcct><Prtry><Tp>JAMES AIRFREIGHT</Tp><Pty/></Prtry></RltdPties><RmtInf><Strd><AddtlRmtInf>NO REF</AddtlRmtInf></Strd><Strd><AddtlRmtInf>OSUKAH UN//JAMES AIRFREIGHT</AddtlRmtInf></Strd></RmtInf><RltdDts><TxDtTm>2018-09-05T12:43:19</TxDtTm></RltdDts><AddtlTxInf>RP46799606645053001020180905826200026</AddtlTxInf></TxDtls><AddtlNtryInf>COMPLETE//0000//001//CREDIT</AddtlNtryInf></Ntry><Ntry><Amt Ccy="GBP">0.74</Amt><CdtDbtInd>CRDT</CdtDbtInd><Sts>BOOK</Sts><BookgDt><Dt>2018-09-05</Dt></BookgDt><BkTxCd><Prtry><Cd>SIP UKBA CR 40269</Cd></Prtry></BkTxCd><TxDtls><Refs><EndToEndId>NOREF</EndToEndId><TxId>100000000384530462</TxId></Refs><RltdPties><Dbtr><Nm>J Quick</Nm></Dbtr><DbtrAcct><Id><PrtryAcct><Id>11060212085861</Id></PrtryAcct></Id></DbtrAcct><Cdtr><Nm>JAMIE ARRO</Nm></Cdtr><CdtrAcct><Id><PrtryAcct><Id>23008200165900</Id></PrtryAcct></Id></CdtrAcct><Prtry><Tp>MONEY</Tp><Pty/></Prtry></RltdPties><RmtInf><Strd><AddtlRmtInf>NO REF</AddtlRmtInf></Strd><Strd><AddtlRmtInf>J Quick//MONEY</AddtlRmtInf></Strd></RmtInf><RltdDts><TxDtTm>2018-09-05T12:49:16</TxDtTm></RltdDts><AddtlTxInf>1000000003845304621020180905826110602</AddtlTxInf></TxDtls><AddtlNtryInf>COMPLETE//0000//001//CREDIT</AddtlNtryInf></Ntry><Ntry><Amt Ccy="GBP">100.00</Amt><CdtDbtInd>CRDT</CdtDbtInd><Sts>BOOK</Sts><BookgDt><Dt>2018-09-05</Dt></BookgDt><BkTxCd><Prtry><Cd>SIP UKBA CR 40269</Cd></Prtry></BkTxCd><TxDtls><Refs><EndToEndId>NOREF</EndToEndId><TxId>000000000127296570</TxId></Refs><RltdPties><Dbtr><Nm>MRS J A HESLINGTON</Nm></Dbtr><DbtrAcct><Id><PrtryAcct><Id>08924910240067</Id></PrtryAcct></Id></DbtrAcct><Cdtr><Nm>MATTHEW BURTON</Nm></Cdtr><CdtrAcct><Id><PrtryAcct><Id>23008200320610</Id></PrtryAcct></Id></CdtrAcct><Prtry><Tp>JEN</Tp><Pty/></Prtry></RltdPties><RmtInf><Strd><AddtlRmtInf>NO REF</AddtlRmtInf></Strd><Strd><AddtlRmtInf>MRS J A HESLINGTON//JEN</AddtlRmtInf></Strd></RmtInf><RltdDts><TxDtTm>2018-09-05T12:50:59</TxDtTm></RltdDts><AddtlTxInf>0000000001272965701020180905826089249</AddtlTxInf></TxDtls><AddtlNtryInf>COMPLETE//0000//001//CREDIT</AddtlNtryInf></Ntry></Ntfctn></BkToCstmrDbtCdtNtfctnV01></Document>