<?xml version="1.0" encoding="UTF-8"?><Document xmlns:xsi="http://www.w3.org/2001/XMLSchema-instance" xmlns="urn:iso:std:iso:20022:tech:xsd:camt.054.001.01"><BkToCstmrDbtCdtNtfctnV01><GrpHdr><MsgId>80309K//12851</MsgId><CreDtTm>2018-09-14T17:00:00</CreDtTm></GrpHdr><Ntfctn><Id>80309K//12851//1</Id><CreDtTm>2018-09-14T17:00:00</CreDtTm><Acct><Id><PrtryAcct><Id>20594233939774</Id></PrtryAcct></Id><Ccy>GBP</Ccy></Acct><TxsSummry><TtlNtries><NbOfNtries>11</NbOfNtries><Sum>2129.63</Sum></TtlNtries><TtlCdtNtries><NbOfNtries>11</NbOfNtries><Sum>2129.63</Sum></TtlCdtNtries><TtlDbtNtries><NbOfNtries>0</NbOfNtries><Sum>0.00</Sum></TtlDbtNtries></TxsSummry><Ntry><Amt Ccy="GBP">600.00</Amt><CdtDbtInd>CRDT</CdtDbtInd><Sts>BOOK</Sts><BookgDt><Dt>2018-09-14</Dt></BookgDt><BkTxCd><Prtry><Cd>SIP UKBA CR 40269</Cd></Prtry></BkTxCd><TxDtls><Refs><EndToEndId>NOREF</EndToEndId><TxId>RP4659984558828800</TxId></Refs><RltdPties><Dbtr><Nm>SECURE FM LTD</Nm></Dbtr><DbtrAcct><Id><PrtryAcct><Id>20454550932698</Id></PrtryAcct></Id></DbtrAcct><Cdtr><Nm>RELIEF SECURE</Nm></Cdtr><CdtrAcct><Id><PrtryAcct><Id>23008200017980</Id></PrtryAcct></Id></CdtrAcct><Prtry><Tp>INV</Tp><Pty/></Prtry></RltdPties><RmtInf><Strd><AddtlRmtInf>NO REF</AddtlRmtInf></Strd><Strd><AddtlRmtInf>SECURE FM LTD//INV</AddtlRmtInf></Strd></RmtInf><RltdDts><TxDtTm>2018-09-14T16:31:34</TxDtTm></RltdDts><AddtlTxInf>RP46599845588288001020180914826200026</AddtlTxInf></TxDtls><AddtlNtryInf>COMPLETE//0000//002//CREDIT</AddtlNtryInf></Ntry><Ntry><Amt Ccy="GBP">550.00</Amt><CdtDbtInd>CRDT</CdtDbtInd><Sts>BOOK</Sts><BookgDt><Dt>2018-09-14</Dt></BookgDt><BkTxCd><Prtry><Cd>SIP UKBA CR 40269</Cd></Prtry></BkTxCd><TxDtls><Refs><EndToEndId>NOREF</EndToEndId><TxId>RP4659984559022900</TxId></Refs><RltdPties><Dbtr><Nm>SECURE FM LTD</Nm></Dbtr><DbtrAcct><Id><PrtryAcct><Id>20454550932698</Id></PrtryAcct></Id></DbtrAcct><Cdtr><Nm>HI-QUALITY SERVICE</Nm></Cdtr><CdtrAcct><Id><PrtryAcct><Id>23008200348132</Id></PrtryAcct></Id></CdtrAcct><Prtry><Tp>INVOICE</Tp><Pty/></Prtry></RltdPties><RmtInf><Strd><AddtlRmtInf>NO REF</AddtlRmtInf></Strd><Strd><AddtlRmtInf>SECURE FM LTD//INVOICE</AddtlRmtInf></Strd></RmtInf><RltdDts><TxDtTm>2018-09-14T16:33:32</TxDtTm></RltdDts><AddtlTxInf>RP46599845590229001020180914826200026</AddtlTxInf></TxDtls><AddtlNtryInf>COMPLETE//0000//002//CREDIT</AddtlNtryInf></Ntry><Ntry><Amt Ccy="GBP">147.11</Amt><CdtDbtInd>CRDT</CdtDbtInd><Sts>BOOK</Sts><BookgDt><Dt>2018-09-14</Dt></BookgDt><BkTxCd><Prtry><Cd>DCA UKBA CR 40269</Cd></Prtry></BkTxCd><TxDtls><Refs><EndToEndId>NOREF</EndToEndId><TxId>000000013573839801</TxId><Prtry><Tp>STO REF</Tp><Ref>0000</Ref></Prtry></Refs><RltdPties><Dbtr><Nm>HAYS SPECIALIST RE</Nm></Dbtr><DbtrAcct><Id><PrtryAcct><Id>20355083326896</Id></PrtryAcct></Id></DbtrAcct><Cdtr><Nm>KAZEEM ANIMASHAUN</Nm></Cdtr><CdtrAcct><Id><PrtryAcct><Id>23008200200738</Id></PrtryAcct></Id></CdtrAcct></RltdPties><RmtInf><Strd><AddtlRmtInf>NO REF</AddtlRmtInf></Strd><Strd><AddtlRmtInf>HAYS SPECIALIST RE//</AddtlRmtInf></Strd></RmtInf><RltdDts><TxDtTm>2018-09-14T16:41:36</TxDtTm></RltdDts><AddtlTxInf>0000000135738398015020180914826203550</AddtlTxInf></TxDtls><AddtlNtryInf>COMPLETE//0000//002//CREDIT</AddtlNtryInf></Ntry><Ntry><Amt Ccy="GBP">149.35</Amt><CdtDbtInd>CRDT</CdtDbtInd><Sts>BOOK</Sts><BookgDt><Dt>2018-09-14</Dt></BookgDt><BkTxCd><Prtry><Cd>SIP UKBA CR 40269</Cd></Prtry></BkTxCd><TxDtls><Refs><EndToEndId>00151037632BBHLKQQ</EndToEndId><TxId>00151037632BBHLKQQ</TxId></Refs><RltdPties><Dbtr><Nm>KYLE THOMAS</Nm></Dbtr><DbtrAcct><Id><PrtryAcct><Id>09012827849788</Id></PrtryAcct></Id></DbtrAcct><Cdtr><Nm>CLAIRE</Nm></Cdtr><CdtrAcct><Id><PrtryAcct><Id>23008200248775</Id></PrtryAcct></Id></CdtrAcct><Prtry><Tp>Claire</Tp><Pty/></Prtry></RltdPties><RmtInf><Strd><AddtlRmtInf>NO REF</AddtlRmtInf></Strd><Strd><AddtlRmtInf>KYLE THOMAS//Claire</AddtlRmtInf></Strd></RmtInf><RltdDts><TxDtTm>2018-09-14T16:43:15</TxDtTm></RltdDts><AddtlTxInf>00151037632BBHLKQQ1020180914826090128</AddtlTxInf></TxDtls><AddtlNtryInf>COMPLETE//0000//002//CREDIT</AddtlNtryInf></Ntry><Ntry><Amt Ccy="GBP">14.00</Amt><CdtDbtInd>CRDT</CdtDbtInd><Sts>BOOK</Sts><BookgDt><Dt>2018-09-14</Dt></BookgDt><BkTxCd><Prtry><Cd>DCA UKBA CR 40269</Cd></Prtry></BkTxCd><TxDtls><Refs><EndToEndId>NOREF</EndToEndId><TxId>000000013574113801</TxId><Prtry><Tp>STO REF</Tp><Ref>0000</Ref></Prtry></Refs><RltdPties><Dbtr><Nm>23732400778704</Nm></Dbtr><DbtrAcct><Id><PrtryAcct><Id>20594243787346</Id></PrtryAcct></Id></DbtrAcct><Cdtr><Nm>23008200100030</Nm></Cdtr><CdtrAcct><Id><PrtryAcct><Id>20594233939774</Id></PrtryAcct></Id></CdtrAcct><Prtry><Tp>RTN</Tp><Pty/></Prtry></RltdPties><RmtInf><Strd><AddtlRmtInf>NO REF</AddtlRmtInf></Strd><Strd><AddtlRmtInf>23732400778704//RTN</AddtlRmtInf></Strd></RmtInf><RltdDts><TxDtTm>2018-09-14T16:46:50</TxDtTm></RltdDts><AddtlTxInf>0000000135741138015020180914826205942</AddtlTxInf></TxDtls><AddtlNtryInf>COMPLETE//0000//002//CREDIT</AddtlNtryInf></Ntry><Ntry><Amt Ccy="GBP">1.00</Amt><CdtDbtInd>CRDT</CdtDbtInd><Sts>BOOK</Sts><BookgDt><Dt>2018-09-14</Dt></BookgDt><BkTxCd><Prtry><Cd>DCA UKBA CR 40269</Cd></Prtry></BkTxCd><TxDtls><Refs><EndToEndId>NOREF</EndToEndId><TxId>000000013574113901</TxId><Prtry><Tp>STO REF</Tp><Ref>0000</Ref></Prtry></Refs><RltdPties><Dbtr><Nm>23732400778704</Nm></Dbtr><DbtrAcct><Id><PrtryAcct><Id>20594243787346</Id></PrtryAcct></Id></DbtrAcct><Cdtr><Nm>23008200100030</Nm></Cdtr><CdtrAcct><Id><PrtryAcct><Id>20594233939774</Id></PrtryAcct></Id></CdtrAcct><Prtry><Tp>RTN</Tp><Pty/></Prtry></RltdPties><RmtInf><Strd><AddtlRmtInf>NO REF</AddtlRmtInf></Strd><Strd><AddtlRmtInf>23732400778704//RTN</AddtlRmtInf></Strd></RmtInf><RltdDts><TxDtTm>2018-09-14T16:46:50</TxDtTm></RltdDts><AddtlTxInf>0000000135741139015020180914826205942</AddtlTxInf></TxDtls><AddtlNtryInf>COMPLETE//0000//002//CREDIT</AddtlNtryInf></Ntry><Ntry><Amt Ccy="GBP">20.50</Amt><CdtDbtInd>CRDT</CdtDbtInd><Sts>BOOK</Sts><BookgDt><Dt>2018-09-14</Dt></BookgDt><BkTxCd><Prtry><Cd>SIP UKBA CR 40269</Cd></Prtry></BkTxCd><TxDtls><Refs><EndToEndId>NOREF</EndToEndId><TxId>848457617461419001</TxId><Prtry><Tp>STO REF</Tp><Ref>0000</Ref></Prtry></Refs><RltdPties><Dbtr><Nm>FRANCIS S</Nm></Dbtr><DbtrAcct><Id><PrtryAcct><Id>40100081670549</Id></PrtryAcct></Id></DbtrAcct><Cdtr><Nm>Problem</Nm></Cdtr><CdtrAcct><Id><PrtryAcct><Id>23008200355687</Id></PrtryAcct></Id></CdtrAcct><Prtry><Tp>Money</Tp><Pty/></Prtry></RltdPties><RmtInf><Strd><AddtlRmtInf>NO REF</AddtlRmtInf></Strd><Strd><AddtlRmtInf>FRANCIS S//Money</AddtlRmtInf></Strd></RmtInf><RltdDts><TxDtTm>2018-09-14T16:47:17</TxDtTm></RltdDts><AddtlTxInf>8484576174614190011020180914826401000</AddtlTxInf></TxDtls><AddtlNtryInf>COMPLETE//0000//002//CREDIT</AddtlNtryInf></Ntry><Ntry><Amt Ccy="GBP">34.75</Amt><CdtDbtInd>CRDT</CdtDbtInd><Sts>BOOK</Sts><BookgDt><Dt>2018-09-14</Dt></BookgDt><BkTxCd><Prtry><Cd>SIP UKBA CR 40269</Cd></Prtry></BkTxCd><TxDtls><Refs><EndToEndId>5000000614zPOBAB998</EndToEndId><TxId>DF0000006424803900</TxId></Refs><RltdPties><Dbtr><Nm>TSE Malta LP</Nm><PstlAdr><AdrLine>57/63 Line Wall RoadGibraltarEC4N 8</AdrLine><AdrLine>AF</AdrLine><Ctry/></PstlAdr></Dbtr><DbtrAcct><Id><PrtryAcct><Id>20364763140148</Id></PrtryAcct></Id></DbtrAcct><Cdtr><Nm>Andrew L</Nm></Cdtr><CdtrAcct><Id><PrtryAcct><Id>23008200443880</Id></PrtryAcct></Id></CdtrAcct><Prtry><Tp>/PAYER ACC/POBAB99</Tp><Pty/></Prtry></RltdPties><RmtInf><Strd><AddtlRmtInf>/PAYER ACC/POBAB998/-90066835130</AddtlRmtInf></Strd><Strd><AddtlRmtInf>TSE Malta LP///PAYER ACC/POBAB99</AddtlRmtInf></Strd></RmtInf><RltdDts><TxDtTm>2018-09-14T16:50:23</TxDtTm></RltdDts><AddtlTxInf>DF00000064248039001020180914826200000</AddtlTxInf></TxDtls><AddtlNtryInf>COMPLETE//0000//002//CREDIT</AddtlNtryInf></Ntry><Ntry><Amt Ccy="GBP">385.00</Amt><CdtDbtInd>CRDT</CdtDbtInd><Sts>BOOK</Sts><BookgDt><Dt>2018-09-14</Dt></BookgDt><BkTxCd><Prtry><Cd>SIP UKBA CR 40269</Cd></Prtry></BkTxCd><TxDtls><Refs><EndToEndId>NOREF</EndToEndId><TxId>FP18257O19623200</TxId></Refs><RltdPties><Dbtr><Nm>Chana Pavanjeet</Nm></Dbtr><DbtrAcct><Id><PrtryAcct><Id>07024641340277</Id></PrtryAcct></Id></DbtrAcct><Cdtr><Nm>MYIDTRAVEL</Nm></Cdtr><CdtrAcct><Id><PrtryAcct><Id>23008200373702</Id></PrtryAcct></Id></CdtrAcct><Prtry><Tp>JTVOUCH2000</Tp><Pty/></Prtry></RltdPties><RmtInf><Strd><AddtlRmtInf>NO REF</AddtlRmtInf></Strd><Strd><AddtlRmtInf>Chana Pavanjeet//JTVOUCH2000</AddtlRmtInf></Strd></RmtInf><RltdDts><TxDtTm>2018-09-14T16:50:34</TxDtTm></RltdDts><AddtlTxInf>FP18257O19623200  1020180914826070246</AddtlTxInf></TxDtls><AddtlNtryInf>COMPLETE//0000//002//CREDIT</AddtlNtryInf></Ntry><Ntry><Amt Ccy="GBP">27.92</Amt><CdtDbtInd>CRDT</CdtDbtInd><Sts>BOOK</Sts><BookgDt><Dt>2018-09-14</Dt></BookgDt><BkTxCd><Prtry><Cd>SIP UKBA CR 40269</Cd></Prtry></BkTxCd><TxDtls><Refs><EndToEndId>5000000614zPOBACBY6</EndToEndId><TxId>DF0000006424923700</TxId></Refs><RltdPties><Dbtr><Nm>TSE Malta LP</Nm><PstlAdr><AdrLine>57/63 Line Wall RoadGibraltarEC4N 8</AdrLine><AdrLine>AF</AdrLine><Ctry/></PstlAdr></Dbtr><DbtrAcct><Id><PrtryAcct><Id>20364763140148</Id></PrtryAcct></Id></DbtrAcct><Cdtr><Nm>Louise  Crawford</Nm></Cdtr><CdtrAcct><Id><PrtryAcct><Id>23008200443946</Id></PrtryAcct></Id></CdtrAcct><Prtry><Tp>/PAYER ACC/POBACBY</Tp><Pty/></Prtry></RltdPties><RmtInf><Strd><AddtlRmtInf>/PAYER ACC/POBACBY6/-90066835199</AddtlRmtInf></Strd><Strd><AddtlRmtInf>TSE Malta LP///PAYER ACC/POBACBY</AddtlRmtInf></Strd></RmtInf><RltdDts><TxDtTm>2018-09-14T16:55:43</TxDtTm></RltdDts><AddtlTxInf>DF00000064249237001020180914826200000</AddtlTxInf></TxDtls><AddtlNtryInf>COMPLETE//0000//002//CREDIT</AddtlNtryInf></Ntry><Ntry><Amt Ccy="GBP">200.00</Amt><CdtDbtInd>CRDT</CdtDbtInd><Sts>BOOK</Sts><BookgDt><Dt>2018-09-14</Dt></BookgDt><BkTxCd><Prtry><Cd>SIP UKBA CR 40269</Cd></Prtry></BkTxCd><TxDtls><Refs><EndToEndId>NOREF</EndToEndId><TxId>600000000388535573</TxId></Refs><RltdPties><Dbtr><Nm>Chryson Limited</Nm></Dbtr><DbtrAcct><Id><PrtryAcct><Id>80066406006715</Id></PrtryAcct></Id></DbtrAcct><Cdtr><Nm>DAVID DRIVER</Nm></Cdtr><CdtrAcct><Id><PrtryAcct><Id>23008200083441</Id></PrtryAcct></Id></CdtrAcct><Prtry><Tp>marketing fees</Tp><Pty/></Prtry></RltdPties><RmtInf><Strd><AddtlRmtInf>NO REF</AddtlRmtInf></Strd><Strd><AddtlRmtInf>Chryson Limited//marketing fees</AddtlRmtInf></Strd></RmtInf><RltdDts><TxDtTm>2018-09-14T16:56:08</TxDtTm></RltdDts><AddtlTxInf>6000000003885355731020180914826800664</AddtlTxInf></TxDtls><AddtlNtryInf>COMPLETE//0000//002//CREDIT</AddtlNtryInf></Ntry></Ntfctn></BkToCstmrDbtCdtNtfctnV01></Document>