<?xml version="1.0" encoding="UTF-8"?><Document xmlns:xsi="http://www.w3.org/2001/XMLSchema-instance" xmlns="urn:iso:std:iso:20022:tech:xsd:camt.054.001.01"><BkToCstmrDbtCdtNtfctnV01><GrpHdr><MsgId>80309K//13541</MsgId><CreDtTm>2018-09-30T21:00:00</CreDtTm></GrpHdr><Ntfctn><Id>80309K//13541//1</Id><CreDtTm>2018-09-30T21:00:00</CreDtTm><Acct><Id><PrtryAcct><Id>20594233939774</Id></PrtryAcct></Id><Ccy>GBP</Ccy></Acct><TxsSummry><TtlNtries><NbOfNtries>4</NbOfNtries><Sum>409.68</Sum></TtlNtries><TtlCdtNtries><NbOfNtries>4</NbOfNtries><Sum>409.68</Sum></TtlCdtNtries><TtlDbtNtries><NbOfNtries>0</NbOfNtries><Sum>0.00</Sum></TtlDbtNtries></TxsSummry><Ntry><Amt Ccy="GBP">75.00</Amt><CdtDbtInd>CRDT</CdtDbtInd><Sts>BOOK</Sts><BookgDt><Dt>2018-10-01</Dt></BookgDt><BkTxCd><Prtry><Cd>SIP UKBA CR 40269</Cd></Prtry></BkTxCd><TxDtls><Refs><EndToEndId>NOREF</EndToEndId><TxId>RP4659985740772200</TxId></Refs><RltdPties><Dbtr><Nm>GANIYU S</Nm></Dbtr><DbtrAcct><Id><PrtryAcct><Id>20122663867552</Id></PrtryAcct></Id></DbtrAcct><Cdtr><Nm>LESLEY MIJNHIJMER</Nm></Cdtr><CdtrAcct><Id><PrtryAcct><Id>23008200065987</Id></PrtryAcct></Id></CdtrAcct><Prtry><Tp>LEND</Tp><Pty/></Prtry></RltdPties><RmtInf><Strd><AddtlRmtInf>NO REF</AddtlRmtInf></Strd><Strd><AddtlRmtInf>GANIYU S//LEND</AddtlRmtInf></Strd></RmtInf><RltdDts><TxDtTm>2018-09-30T20:30:45</TxDtTm></RltdDts><AddtlTxInf>RP46599857407722001020180930826200026</AddtlTxInf></TxDtls><AddtlNtryInf>COMPLETE//0000//003//CREDIT</AddtlNtryInf></Ntry><Ntry><Amt Ccy="GBP">5.00</Amt><CdtDbtInd>CRDT</CdtDbtInd><Sts>BOOK</Sts><BookgDt><Dt>2018-10-01</Dt></BookgDt><BkTxCd><Prtry><Cd>SIP UKBA CR 40269</Cd></Prtry></BkTxCd><TxDtls><Refs><EndToEndId>PPWD00000000ARCTBG</EndToEndId><TxId>PPWD00000000ARCTBG</TxId></Refs><RltdPties><Dbtr><Nm>PayPal</Nm><PstlAdr><AdrLine>2211 N 1st Street San Jose CA 95131</AdrLine><Ctry/></PstlAdr></Dbtr><DbtrAcct><Id><PrtryAcct><Id>23526278959595</Id></PrtryAcct></Id></DbtrAcct><Cdtr><Nm>robert ward</Nm><PstlAdr><AdrLine>5/1 medwin house south</AdrLine><Ctry/></PstlAdr></Cdtr><CdtrAcct><Id><PrtryAcct><Id>23008200199584</Id></PrtryAcct></Id></CdtrAcct><Prtry><Tp>PPWDL56R22ALH7KSY6</Tp><Pty/></Prtry></RltdPties><RmtInf><Strd><RfrdDocInf><RfrdDocTp><Prtry>002</Prtry></RfrdDocTp></RfrdDocInf><AddtlRmtInf>NO REF</AddtlRmtInf></Strd><Strd><AddtlRmtInf>PayPal//PPWDL56R22ALH7KSY6</AddtlRmtInf></Strd></RmtInf><RltdDts><TxDtTm>2018-09-30T20:33:46</TxDtTm></RltdDts><AddtlTxInf>PPWD00000000ARCTBG1020180930826235262</AddtlTxInf></TxDtls><AddtlNtryInf>COMPLETE//0000//003//CREDIT</AddtlNtryInf></Ntry><Ntry><Amt Ccy="GBP">1.00</Amt><CdtDbtInd>CRDT</CdtDbtInd><Sts>BOOK</Sts><BookgDt><Dt>2018-10-01</Dt></BookgDt><BkTxCd><Prtry><Cd>DCA UKBA CR 40269</Cd></Prtry></BkTxCd><TxDtls><Refs><EndToEndId>NOREF</EndToEndId><TxId>000000013711423701</TxId><Prtry><Tp>STO REF</Tp><Ref>2117</Ref></Prtry></Refs><RltdPties><Dbtr><Nm>PEDRO PINTO</Nm></Dbtr><DbtrAcct><Id><PrtryAcct><Id>20035373152596</Id></PrtryAcct></Id></DbtrAcct><Cdtr><Nm>PEDRO PINTO</Nm></Cdtr><CdtrAcct><Id><PrtryAcct><Id>23008200167342</Id></PrtryAcct></Id></CdtrAcct><Prtry><Tp>FROM PEDRO PINTO</Tp><Pty/></Prtry></RltdPties><RmtInf><Strd><AddtlRmtInf>NO REF</AddtlRmtInf></Strd><Strd><AddtlRmtInf>PEDRO PINTO//FROM PEDRO PINTO</AddtlRmtInf></Strd></RmtInf><RltdDts><TxDtTm>2018-09-30T20:47:49</TxDtTm></RltdDts><AddtlTxInf>0000000137114237015020180930826200353</AddtlTxInf></TxDtls><AddtlNtryInf>COMPLETE//0000//003//CREDIT</AddtlNtryInf></Ntry><Ntry><Amt Ccy="GBP">328.68</Amt><CdtDbtInd>CRDT</CdtDbtInd><Sts>BOOK</Sts><BookgDt><Dt>2018-10-01</Dt></BookgDt><BkTxCd><Prtry><Cd>SIP UKBA CR 40269</Cd></Prtry></BkTxCd><TxDtls><Refs><EndToEndId>NOREF</EndToEndId><TxId>06205732651284000N</TxId><Prtry><Tp>STO REF</Tp><Ref>0000</Ref></Prtry></Refs><RltdPties><Dbtr><Nm>MIDDLETON AJ</Nm></Dbtr><DbtrAcct><Id><PrtryAcct><Id>01090258028404</Id></PrtryAcct></Id></DbtrAcct><Cdtr><Nm>JULIE CALLABY</Nm></Cdtr><CdtrAcct><Id><PrtryAcct><Id>23008200477025</Id></PrtryAcct></Id></CdtrAcct></RltdPties><RmtInf><Strd><AddtlRmtInf>MIDDLETON AJ</AddtlRmtInf></Strd><Strd><AddtlRmtInf>MIDDLETON AJ//</AddtlRmtInf></Strd></RmtInf><RltdDts><TxDtTm>2018-09-30T20:57:33</TxDtTm></RltdDts><AddtlTxInf>06205732651284000N1020180930826010902</AddtlTxInf></TxDtls><AddtlNtryInf>COMPLETE//0000//003//CREDIT</AddtlNtryInf></Ntry></Ntfctn></BkToCstmrDbtCdtNtfctnV01></Document>