<?xml version="1.0" encoding="UTF-8"?><Document xmlns:xsi="http://www.w3.org/2001/XMLSchema-instance" xmlns="urn:iso:std:iso:20022:tech:xsd:camt.054.001.01"><BkToCstmrDbtCdtNtfctnV01><GrpHdr><MsgId>80309K//13208</MsgId><CreDtTm>2018-09-23T01:30:00</CreDtTm></GrpHdr><Ntfctn><Id>80309K//13208//1</Id><CreDtTm>2018-09-23T01:30:00</CreDtTm><Acct><Id><PrtryAcct><Id>20594233939774</Id></PrtryAcct></Id><Ccy>GBP</Ccy></Acct><TxsSummry><TtlNtries><NbOfNtries>1</NbOfNtries><Sum>300.00</Sum></TtlNtries><TtlCdtNtries><NbOfNtries>1</NbOfNtries><Sum>300.00</Sum></TtlCdtNtries><TtlDbtNtries><NbOfNtries>0</NbOfNtries><Sum>0.00</Sum></TtlDbtNtries></TxsSummry><Ntry><Amt Ccy="GBP">300.00</Amt><CdtDbtInd>CRDT</CdtDbtInd><Sts>BOOK</Sts><BookgDt><Dt>2018-09-24</Dt></BookgDt><BkTxCd><Prtry><Cd>SIP UKBA CR 40269</Cd></Prtry></BkTxCd><TxDtls><Refs><EndToEndId>NOREF</EndToEndId><TxId>RP4679962027205200</TxId></Refs><RltdPties><Dbtr><Nm>ARCHIBONG S</Nm></Dbtr><DbtrAcct><Id><PrtryAcct><Id>20274890570176</Id></PrtryAcct></Id></DbtrAcct><Cdtr><Nm>MR O OLOWOOKERE</Nm></Cdtr><CdtrAcct><Id><PrtryAcct><Id>23008200442296</Id></PrtryAcct></Id></CdtrAcct><Prtry><Tp>SHARON</Tp><Pty/></Prtry></RltdPties><RmtInf><Strd><AddtlRmtInf>NO REF</AddtlRmtInf></Strd><Strd><AddtlRmtInf>ARCHIBONG S//SHARON</AddtlRmtInf></Strd></RmtInf><RltdDts><TxDtTm>2018-09-23T01:23:04</TxDtTm></RltdDts><AddtlTxInf>RP46799620272052001020180923826200026</AddtlTxInf></TxDtls><AddtlNtryInf>COMPLETE//0000//003//CREDIT</AddtlNtryInf></Ntry></Ntfctn></BkToCstmrDbtCdtNtfctnV01></Document>