<?xml version="1.0" encoding="UTF-8"?><Document xmlns:xsi="http://www.w3.org/2001/XMLSchema-instance" xmlns="urn:iso:std:iso:20022:tech:xsd:camt.054.001.01"><BkToCstmrDbtCdtNtfctnV01><GrpHdr><MsgId>80309K//12732</MsgId><CreDtTm>2018-09-12T00:00:00</CreDtTm></GrpHdr><Ntfctn><Id>80309K//12732//1</Id><CreDtTm>2018-09-12T00:00:00</CreDtTm><Acct><Id><PrtryAcct><Id>20594233939774</Id></PrtryAcct></Id><Ccy>GBP</Ccy></Acct><TxsSummry><TtlNtries><NbOfNtries>2</NbOfNtries><Sum>204.00</Sum></TtlNtries><TtlCdtNtries><NbOfNtries>2</NbOfNtries><Sum>204.00</Sum></TtlCdtNtries><TtlDbtNtries><NbOfNtries>0</NbOfNtries><Sum>0.00</Sum></TtlDbtNtries></TxsSummry><Ntry><Amt Ccy="GBP">200.00</Amt><CdtDbtInd>CRDT</CdtDbtInd><Sts>BOOK</Sts><BookgDt><Dt>2018-09-12</Dt></BookgDt><BkTxCd><Prtry><Cd>SIP UKBA CR 40269</Cd></Prtry></BkTxCd><TxDtls><Refs><EndToEndId>NOREF</EndToEndId><TxId>100000000386324474</TxId></Refs><RltdPties><Dbtr><Nm>S Kareem</Nm></Dbtr><DbtrAcct><Id><PrtryAcct><Id>77910917521060</Id></PrtryAcct></Id></DbtrAcct><Cdtr><Nm>ADEKUNLE ADEYEMI</Nm></Cdtr><CdtrAcct><Id><PrtryAcct><Id>23008200237729</Id></PrtryAcct></Id></CdtrAcct><Prtry><Tp>BALANCE</Tp><Pty/></Prtry></RltdPties><RmtInf><Strd><AddtlRmtInf>NO REF</AddtlRmtInf></Strd><Strd><AddtlRmtInf>S Kareem//BALANCE</AddtlRmtInf></Strd></RmtInf><RltdDts><TxDtTm>2018-09-11T23:37:28</TxDtTm></RltdDts><AddtlTxInf>1000000003863244741020180911826779109</AddtlTxInf></TxDtls><AddtlNtryInf>COMPLETE//0000//003//CREDIT</AddtlNtryInf></Ntry><Ntry><Amt Ccy="GBP">4.00</Amt><CdtDbtInd>CRDT</CdtDbtInd><Sts>BOOK</Sts><BookgDt><Dt>2018-09-12</Dt></BookgDt><BkTxCd><Prtry><Cd>SIP UKBA CR 40269</Cd></Prtry></BkTxCd><TxDtls><Refs><EndToEndId>NOREF</EndToEndId><TxId>200000000386318276</TxId></Refs><RltdPties><Dbtr><Nm>A Large</Nm></Dbtr><DbtrAcct><Id><PrtryAcct><Id>11066400174326</Id></PrtryAcct></Id></DbtrAcct><Cdtr><Nm>ANNE-MARIE LARGE</Nm></Cdtr><CdtrAcct><Id><PrtryAcct><Id>23008200427226</Id></PrtryAcct></Id></CdtrAcct><Prtry><Tp>ARRO</Tp><Pty/></Prtry></RltdPties><RmtInf><Strd><AddtlRmtInf>NO REF</AddtlRmtInf></Strd><Strd><AddtlRmtInf>A Large//ARRO</AddtlRmtInf></Strd></RmtInf><RltdDts><TxDtTm>2018-09-11T23:56:59</TxDtTm></RltdDts><AddtlTxInf>2000000003863182761020180911826110664</AddtlTxInf></TxDtls><AddtlNtryInf>COMPLETE//0000//003//CREDIT</AddtlNtryInf></Ntry></Ntfctn></BkToCstmrDbtCdtNtfctnV01></Document>