<?xml version="1.0" encoding="UTF-8"?><Document xmlns:xsi="http://www.w3.org/2001/XMLSchema-instance" xmlns="urn:iso:std:iso:20022:tech:xsd:camt.054.001.01"><BkToCstmrDbtCdtNtfctnV01><GrpHdr><MsgId>80309K//13231</MsgId><CreDtTm>2018-09-23T16:00:00</CreDtTm></GrpHdr><Ntfctn><Id>80309K//13231//1</Id><CreDtTm>2018-09-23T16:00:00</CreDtTm><Acct><Id><PrtryAcct><Id>20594233939774</Id></PrtryAcct></Id><Ccy>GBP</Ccy></Acct><TxsSummry><TtlNtries><NbOfNtries>7</NbOfNtries><Sum>466.44</Sum></TtlNtries><TtlCdtNtries><NbOfNtries>7</NbOfNtries><Sum>466.44</Sum></TtlCdtNtries><TtlDbtNtries><NbOfNtries>0</NbOfNtries><Sum>0.00</Sum></TtlDbtNtries></TxsSummry><Ntry><Amt Ccy="GBP">20.00</Amt><CdtDbtInd>CRDT</CdtDbtInd><Sts>BOOK</Sts><BookgDt><Dt>2018-09-24</Dt></BookgDt><BkTxCd><Prtry><Cd>SIP UKBA CR 40269</Cd></Prtry></BkTxCd><TxDtls><Refs><EndToEndId>NOREF</EndToEndId><TxId>300000000394755897</TxId></Refs><RltdPties><Dbtr><Nm>Q Demiri</Nm></Dbtr><DbtrAcct><Id><PrtryAcct><Id>77912947697568</Id></PrtryAcct></Id></DbtrAcct><Cdtr><Nm>ERION DEMIRI</Nm></Cdtr><CdtrAcct><Id><PrtryAcct><Id>23008200199089</Id></PrtryAcct></Id></CdtrAcct><Prtry><Tp>TV</Tp><Pty/></Prtry></RltdPties><RmtInf><Strd><AddtlRmtInf>NO REF</AddtlRmtInf></Strd><Strd><AddtlRmtInf>Q Demiri//TV</AddtlRmtInf></Strd></RmtInf><RltdDts><TxDtTm>2018-09-23T15:32:11</TxDtTm></RltdDts><AddtlTxInf>3000000003947558971020180923826779129</AddtlTxInf></TxDtls><AddtlNtryInf>COMPLETE//0000//003//CREDIT</AddtlNtryInf></Ntry><Ntry><Amt Ccy="GBP">220.00</Amt><CdtDbtInd>CRDT</CdtDbtInd><Sts>BOOK</Sts><BookgDt><Dt>2018-09-24</Dt></BookgDt><BkTxCd><Prtry><Cd>SIP UKBA CR 40269</Cd></Prtry></BkTxCd><TxDtls><Refs><EndToEndId>NOREF</EndToEndId><TxId>RP4659985152290200</TxId></Refs><RltdPties><Dbtr><Nm>BROWN R</Nm></Dbtr><DbtrAcct><Id><PrtryAcct><Id>20258530994235</Id></PrtryAcct></Id></DbtrAcct><Cdtr><Nm>BAEMMS LTD</Nm></Cdtr><CdtrAcct><Id><PrtryAcct><Id>23008200223303</Id></PrtryAcct></Id></CdtrAcct><Prtry><Tp>R J BROWN</Tp><Pty/></Prtry></RltdPties><RmtInf><Strd><AddtlRmtInf>NO REF</AddtlRmtInf></Strd><Strd><AddtlRmtInf>BROWN R//R J BROWN</AddtlRmtInf></Strd></RmtInf><RltdDts><TxDtTm>2018-09-23T15:39:36</TxDtTm></RltdDts><AddtlTxInf>RP46599851522902001020180923826200026</AddtlTxInf></TxDtls><AddtlNtryInf>COMPLETE//0000//003//CREDIT</AddtlNtryInf></Ntry><Ntry><Amt Ccy="GBP">40.00</Amt><CdtDbtInd>CRDT</CdtDbtInd><Sts>BOOK</Sts><BookgDt><Dt>2018-09-24</Dt></BookgDt><BkTxCd><Prtry><Cd>SIP UKBA CR 40269</Cd></Prtry></BkTxCd><TxDtls><Refs><EndToEndId>NOREF</EndToEndId><TxId>600000000390826723</TxId></Refs><RltdPties><Dbtr><Nm>K Eccles</Nm></Dbtr><DbtrAcct><Id><PrtryAcct><Id>30719862294768</Id></PrtryAcct></Id></DbtrAcct><Cdtr><Nm>KATIE ECCLES</Nm></Cdtr><CdtrAcct><Id><PrtryAcct><Id>23008200446554</Id></PrtryAcct></Id></CdtrAcct></RltdPties><RmtInf><Strd><AddtlRmtInf>NO REF</AddtlRmtInf></Strd><Strd><AddtlRmtInf>K Eccles//</AddtlRmtInf></Strd></RmtInf><RltdDts><TxDtTm>2018-09-23T15:45:22</TxDtTm></RltdDts><AddtlTxInf>6000000003908267231020180923826307198</AddtlTxInf></TxDtls><AddtlNtryInf>COMPLETE//0000//003//CREDIT</AddtlNtryInf></Ntry><Ntry><Amt Ccy="GBP">131.43</Amt><CdtDbtInd>CRDT</CdtDbtInd><Sts>BOOK</Sts><BookgDt><Dt>2018-09-24</Dt></BookgDt><BkTxCd><Prtry><Cd>SIP UKBA CR 40269</Cd></Prtry></BkTxCd><TxDtls><Refs><EndToEndId>PPWD00000000APIVQO</EndToEndId><TxId>PPWD00000000APIVQO</TxId></Refs><RltdPties><Dbtr><Nm>PayPal</Nm><PstlAdr><AdrLine>2211 N 1st Street San Jose CA 95131</AdrLine><Ctry/></PstlAdr></Dbtr><DbtrAcct><Id><PrtryAcct><Id>23526278959595</Id></PrtryAcct></Id></DbtrAcct><Cdtr><Nm>Ashley Graven</Nm><PstlAdr><AdrLine>5 5 Coral House</AdrLine><Ctry/></PstlAdr></Cdtr><CdtrAcct><Id><PrtryAcct><Id>23008200289248</Id></PrtryAcct></Id></CdtrAcct><Prtry><Tp>PPWDL5HDJ2ALAXCGDN</Tp><Pty/></Prtry></RltdPties><RmtInf><Strd><RfrdDocInf><RfrdDocTp><Prtry>002</Prtry></RfrdDocTp></RfrdDocInf><AddtlRmtInf>NO REF</AddtlRmtInf></Strd><Strd><AddtlRmtInf>PayPal//PPWDL5HDJ2ALAXCGDN</AddtlRmtInf></Strd></RmtInf><RltdDts><TxDtTm>2018-09-23T15:45:55</TxDtTm></RltdDts><AddtlTxInf>PPWD00000000APIVQO1020180923826235262</AddtlTxInf></TxDtls><AddtlNtryInf>COMPLETE//0000//003//CREDIT</AddtlNtryInf></Ntry><Ntry><Amt Ccy="GBP">20.00</Amt><CdtDbtInd>CRDT</CdtDbtInd><Sts>BOOK</Sts><BookgDt><Dt>2018-09-24</Dt></BookgDt><BkTxCd><Prtry><Cd>SIP UKBA CR 40269</Cd></Prtry></BkTxCd><TxDtls><Refs><EndToEndId>NOREF</EndToEndId><TxId>300000000394758303</TxId></Refs><RltdPties><Dbtr><Nm>J Leonard-Logan</Nm></Dbtr><DbtrAcct><Id><PrtryAcct><Id>11086600041059</Id></PrtryAcct></Id></DbtrAcct><Cdtr><Nm>JJ LEONARD</Nm></Cdtr><CdtrAcct><Id><PrtryAcct><Id>23008200298291</Id></PrtryAcct></Id></CdtrAcct></RltdPties><RmtInf><Strd><AddtlRmtInf>NO REF</AddtlRmtInf></Strd><Strd><AddtlRmtInf>J Leonard-Logan//</AddtlRmtInf></Strd></RmtInf><RltdDts><TxDtTm>2018-09-23T15:46:49</TxDtTm></RltdDts><AddtlTxInf>3000000003947583031020180923826110866</AddtlTxInf></TxDtls><AddtlNtryInf>COMPLETE//0000//003//CREDIT</AddtlNtryInf></Ntry><Ntry><Amt Ccy="GBP">35.00</Amt><CdtDbtInd>CRDT</CdtDbtInd><Sts>BOOK</Sts><BookgDt><Dt>2018-09-24</Dt></BookgDt><BkTxCd><Prtry><Cd>SIP UKBA CR 40269</Cd></Prtry></BkTxCd><TxDtls><Refs><EndToEndId>NOREF</EndToEndId><TxId>FP18266O06286106</TxId></Refs><RltdPties><Dbtr><Nm>Kartashova Inna</Nm></Dbtr><DbtrAcct><Id><PrtryAcct><Id>07043616042039</Id></PrtryAcct></Id></DbtrAcct><Cdtr><Nm>INNA KARTASHOVA</Nm></Cdtr><CdtrAcct><Id><PrtryAcct><Id>23008200038954</Id></PrtryAcct></Id></CdtrAcct><Prtry><Tp>OTR MY ARRO ACC</Tp><Pty/></Prtry></RltdPties><RmtInf><Strd><AddtlRmtInf>NO REF</AddtlRmtInf></Strd><Strd><AddtlRmtInf>Kartashova Inna//OTR MY ARRO ACC</AddtlRmtInf></Strd></RmtInf><RltdDts><TxDtTm>2018-09-23T15:47:45</TxDtTm></RltdDts><AddtlTxInf>FP18266O06286106  1020180923826070436</AddtlTxInf></TxDtls><AddtlNtryInf>COMPLETE//0000//003//CREDIT</AddtlNtryInf></Ntry><Ntry><Amt Ccy="GBP">0.01</Amt><CdtDbtInd>CRDT</CdtDbtInd><Sts>BOOK</Sts><BookgDt><Dt>2018-09-24</Dt></BookgDt><BkTxCd><Prtry><Cd>SIP UKBA CR 40269</Cd></Prtry></BkTxCd><TxDtls><Refs><EndToEndId>PPRD00000000APIX9I</EndToEndId><TxId>PPRD00000000APIX9I</TxId></Refs><RltdPties><Dbtr><Nm>PAYPAL CODE 7419</Nm><PstlAdr><AdrLine>2211 N 1st Street San Jose CA 95131</AdrLine><Ctry/></PstlAdr></Dbtr><DbtrAcct><Id><PrtryAcct><Id>23526285010101</Id></PrtryAcct></Id></DbtrAcct><Cdtr><Nm>Robert Fairbairn</Nm><PstlAdr><AdrLine>11 Gun Avenue</AdrLine><Ctry/></PstlAdr></Cdtr><CdtrAcct><Id><PrtryAcct><Id>23008200462036</Id></PrtryAcct></Id></CdtrAcct><Prtry><Tp>PAYPAL CODE 7419</Tp><Pty/></Prtry></RltdPties><RmtInf><Strd><RfrdDocInf><RfrdDocTp><Prtry>002</Prtry></RfrdDocTp></RfrdDocInf><AddtlRmtInf>NO REF</AddtlRmtInf></Strd><Strd><AddtlRmtInf>PAYPAL CODE 7419//PAYPAL CODE 7419</AddtlRmtInf></Strd></RmtInf><RltdDts><TxDtTm>2018-09-23T15:51:57</TxDtTm></RltdDts><AddtlTxInf>PPRD00000000APIX9I1020180923826235262</AddtlTxInf></TxDtls><AddtlNtryInf>COMPLETE//0000//003//CREDIT</AddtlNtryInf></Ntry></Ntfctn></BkToCstmrDbtCdtNtfctnV01></Document>