<?xml version="1.0" encoding="UTF-8"?><Document xmlns:xsi="http://www.w3.org/2001/XMLSchema-instance" xmlns="urn:iso:std:iso:20022:tech:xsd:camt.054.001.01"><BkToCstmrDbtCdtNtfctnV01><GrpHdr><MsgId>80309K//12803</MsgId><CreDtTm>2018-09-13T16:30:00</CreDtTm></GrpHdr><Ntfctn><Id>80309K//12803//1</Id><CreDtTm>2018-09-13T16:30:00</CreDtTm><Acct><Id><PrtryAcct><Id>20594233939774</Id></PrtryAcct></Id><Ccy>GBP</Ccy></Acct><TxsSummry><TtlNtries><NbOfNtries>10</NbOfNtries><Sum>6196.46</Sum></TtlNtries><TtlCdtNtries><NbOfNtries>10</NbOfNtries><Sum>6196.46</Sum></TtlCdtNtries><TtlDbtNtries><NbOfNtries>0</NbOfNtries><Sum>0.00</Sum></TtlDbtNtries></TxsSummry><Ntry><Amt Ccy="GBP">60.00</Amt><CdtDbtInd>CRDT</CdtDbtInd><Sts>BOOK</Sts><BookgDt><Dt>2018-09-13</Dt></BookgDt><BkTxCd><Prtry><Cd>SIP UKBA CR 40269</Cd></Prtry></BkTxCd><TxDtls><Refs><EndToEndId>VAS</EndToEndId><TxId>57160641393459000N</TxId><Prtry><Tp>STO REF</Tp><Ref>0000</Ref></Prtry></Refs><RltdPties><Dbtr><Nm>VEKARIA VG</Nm></Dbtr><DbtrAcct><Id><PrtryAcct><Id>01309963657791</Id></PrtryAcct></Id></DbtrAcct><Cdtr><Nm>STE HOLMES</Nm></Cdtr><CdtrAcct><Id><PrtryAcct><Id>23008200319008</Id></PrtryAcct></Id></CdtrAcct><Prtry><Tp>VAS</Tp><Pty/></Prtry></RltdPties><RmtInf><Strd><AddtlRmtInf>VEKARIA VG        VAS               VIA MOBILE - LVP</AddtlRmtInf></Strd><Strd><AddtlRmtInf>VEKARIA VG//VAS</AddtlRmtInf></Strd></RmtInf><RltdDts><TxDtTm>2018-09-13T16:06:41</TxDtTm></RltdDts><AddtlTxInf>57160641393459000N1020180913826013099</AddtlTxInf></TxDtls><AddtlNtryInf>COMPLETE//0000//002//CREDIT</AddtlNtryInf></Ntry><Ntry><Amt Ccy="GBP">84.00</Amt><CdtDbtInd>CRDT</CdtDbtInd><Sts>BOOK</Sts><BookgDt><Dt>2018-09-13</Dt></BookgDt><BkTxCd><Prtry><Cd>SIP UKBA CR 40269</Cd></Prtry></BkTxCd><TxDtls><Refs><EndToEndId>NOREF</EndToEndId><TxId>RP4679961298256900</TxId></Refs><RltdPties><Dbtr><Nm>TOWE TRA SER SW</Nm></Dbtr><DbtrAcct><Id><PrtryAcct><Id>20970923222780</Id></PrtryAcct></Id></DbtrAcct><Cdtr><Nm>MISS SHARON SIMPSO</Nm></Cdtr><CdtrAcct><Id><PrtryAcct><Id>23008200289005</Id></PrtryAcct></Id></CdtrAcct><Prtry><Tp>TOWELL INV</Tp><Pty/></Prtry></RltdPties><RmtInf><Strd><AddtlRmtInf>NO REF</AddtlRmtInf></Strd><Strd><AddtlRmtInf>TOWE TRA SER SW//TOWELL INV</AddtlRmtInf></Strd></RmtInf><RltdDts><TxDtTm>2018-09-13T16:08:00</TxDtTm></RltdDts><AddtlTxInf>RP46799612982569001020180913826200026</AddtlTxInf></TxDtls><AddtlNtryInf>COMPLETE//0000//002//CREDIT</AddtlNtryInf></Ntry><Ntry><Amt Ccy="GBP">250.00</Amt><CdtDbtInd>CRDT</CdtDbtInd><Sts>BOOK</Sts><BookgDt><Dt>2018-09-13</Dt></BookgDt><BkTxCd><Prtry><Cd>SIP UKBA CR 40269</Cd></Prtry></BkTxCd><TxDtls><Refs><EndToEndId>KATSOULI</EndToEndId><TxId>26160812512015000N</TxId><Prtry><Tp>STO REF</Tp><Ref>0000</Ref></Prtry></Refs><RltdPties><Dbtr><Nm>KATSOULI I</Nm></Dbtr><DbtrAcct><Id><PrtryAcct><Id>60500637915282</Id></PrtryAcct></Id></DbtrAcct><Cdtr><Nm>TRAVEL SCANNERS(PVT)LTD</Nm></Cdtr><CdtrAcct><Id><PrtryAcct><Id>23008200442791</Id></PrtryAcct></Id></CdtrAcct><Prtry><Tp>KATSOULI</Tp><Pty/></Prtry></RltdPties><RmtInf><Strd><AddtlRmtInf>KATSOULI I        KATSOULI          VIA MOBILE - LVP</AddtlRmtInf></Strd><Strd><AddtlRmtInf>KATSOULI I//KATSOULI</AddtlRmtInf></Strd></RmtInf><RltdDts><TxDtTm>2018-09-13T16:08:12</TxDtTm></RltdDts><AddtlTxInf>26160812512015000N1020180913826605006</AddtlTxInf></TxDtls><AddtlNtryInf>COMPLETE//0000//002//CREDIT</AddtlNtryInf></Ntry><Ntry><Amt Ccy="GBP">600.00</Amt><CdtDbtInd>CRDT</CdtDbtInd><Sts>BOOK</Sts><BookgDt><Dt>2018-09-13</Dt></BookgDt><BkTxCd><Prtry><Cd>SIP UKBA CR 40269</Cd></Prtry></BkTxCd><TxDtls><Refs><EndToEndId>PPWD00000000AN2D52</EndToEndId><TxId>PPWD00000000AN2D52</TxId></Refs><RltdPties><Dbtr><Nm>PayPal</Nm><PstlAdr><AdrLine>2211 N 1st Street San Jose CA 95131</AdrLine><Ctry/></PstlAdr></Dbtr><DbtrAcct><Id><PrtryAcct><Id>23526278959595</Id></PrtryAcct></Id></DbtrAcct><Cdtr><Nm>Muhammad Mansoor-Ul-Hasan</Nm><PstlAdr><AdrLine>Boulton Road Handsworth</AdrLine><Ctry/></PstlAdr></Cdtr><CdtrAcct><Id><PrtryAcct><Id>23008200213229</Id></PrtryAcct></Id></CdtrAcct><Prtry><Tp>PPWDL4KM22AKXXWD8N</Tp><Pty/></Prtry></RltdPties><RmtInf><Strd><RfrdDocInf><RfrdDocTp><Prtry>002</Prtry></RfrdDocTp></RfrdDocInf><AddtlRmtInf>NO REF</AddtlRmtInf></Strd><Strd><AddtlRmtInf>PayPal//PPWDL4KM22AKXXWD8N</AddtlRmtInf></Strd></RmtInf><RltdDts><TxDtTm>2018-09-13T16:09:33</TxDtTm></RltdDts><AddtlTxInf>PPWD00000000AN2D521020180913826235262</AddtlTxInf></TxDtls><AddtlNtryInf>COMPLETE//0000//002//CREDIT</AddtlNtryInf></Ntry><Ntry><Amt Ccy="GBP">3245.00</Amt><CdtDbtInd>CRDT</CdtDbtInd><Sts>BOOK</Sts><BookgDt><Dt>2018-09-13</Dt></BookgDt><BkTxCd><Prtry><Cd>SIP UKBA CR 40269</Cd></Prtry></BkTxCd><TxDtls><Refs><EndToEndId>NOREF</EndToEndId><TxId>RP4659984463672600</TxId></Refs><RltdPties><Dbtr><Nm>WMC HOME IMPVMTS</Nm></Dbtr><DbtrAcct><Id><PrtryAcct><Id>20454523423239</Id></PrtryAcct></Id></DbtrAcct><Cdtr><Nm>SJH</Nm></Cdtr><CdtrAcct><Id><PrtryAcct><Id>23008200043726</Id></PrtryAcct></Id></CdtrAcct><Prtry><Tp>BROWN</Tp><Pty/></Prtry></RltdPties><RmtInf><Strd><AddtlRmtInf>NO REF</AddtlRmtInf></Strd><Strd><AddtlRmtInf>WMC HOME IMPVMTS//BROWN</AddtlRmtInf></Strd></RmtInf><RltdDts><TxDtTm>2018-09-13T16:11:18</TxDtTm></RltdDts><AddtlTxInf>RP46599844636726001020180913826200026</AddtlTxInf></TxDtls><AddtlNtryInf>COMPLETE//0000//002//CREDIT</AddtlNtryInf></Ntry><Ntry><Amt Ccy="GBP">748.70</Amt><CdtDbtInd>CRDT</CdtDbtInd><Sts>BOOK</Sts><BookgDt><Dt>2018-09-13</Dt></BookgDt><BkTxCd><Prtry><Cd>SIP UKBA CR 40269</Cd></Prtry></BkTxCd><TxDtls><Refs><EndToEndId>NOREF</EndToEndId><TxId>18161652512641000R</TxId><Prtry><Tp>STO REF</Tp><Ref>0000</Ref></Prtry></Refs><RltdPties><Dbtr><Nm>ENIX SERVICES LTD</Nm></Dbtr><DbtrAcct><Id><PrtryAcct><Id>16003812083367</Id></PrtryAcct></Id></DbtrAcct><Cdtr><Nm>OLUWABUMI LIMITED</Nm></Cdtr><CdtrAcct><Id><PrtryAcct><Id>23008200041760</Id></PrtryAcct></Id></CdtrAcct><Prtry><Tp>ENIX SERVICES LTD</Tp><Pty/></Prtry></RltdPties><RmtInf><Strd><AddtlRmtInf>ENIX SERVICES LTD</AddtlRmtInf></Strd><Strd><AddtlRmtInf>ENIX SERVICES LTD//ENIX SERVICES LTD</AddtlRmtInf></Strd></RmtInf><RltdDts><TxDtTm>2018-09-13T16:16:52</TxDtTm></RltdDts><AddtlTxInf>18161652512641000R1020180913826160038</AddtlTxInf></TxDtls><AddtlNtryInf>COMPLETE//0000//002//CREDIT</AddtlNtryInf></Ntry><Ntry><Amt Ccy="GBP">1008.76</Amt><CdtDbtInd>CRDT</CdtDbtInd><Sts>BOOK</Sts><BookgDt><Dt>2018-09-13</Dt></BookgDt><BkTxCd><Prtry><Cd>SIP UKBA CR 40269</Cd></Prtry></BkTxCd><TxDtls><Refs><EndToEndId>NS1800353 CLAIM1</EndToEndId><TxId>03162117539696000R</TxId><Prtry><Tp>STO REF</Tp><Ref>0000</Ref></Prtry></Refs><RltdPties><Dbtr><Nm>CLAIMS ACCOUNT</Nm></Dbtr><DbtrAcct><Id><PrtryAcct><Id>16192511126521</Id></PrtryAcct></Id></DbtrAcct><Cdtr><Nm>PERIS AND CORR</Nm></Cdtr><CdtrAcct><Id><PrtryAcct><Id>23008200433428</Id></PrtryAcct></Id></CdtrAcct><Prtry><Tp>NS1800353 CLAIM1</Tp><Pty/></Prtry></RltdPties><RmtInf><Strd><AddtlRmtInf>CLAIMS ACCOUNT    NS1800353 CLAIM1  VIA ONLINE - PYMT</AddtlRmtInf></Strd><Strd><AddtlRmtInf>CLAIMS ACCOUNT//NS1800353 CLAIM1</AddtlRmtInf></Strd></RmtInf><RltdDts><TxDtTm>2018-09-13T16:21:17</TxDtTm></RltdDts><AddtlTxInf>03162117539696000R1020180913826161925</AddtlTxInf></TxDtls><AddtlNtryInf>COMPLETE//0000//002//CREDIT</AddtlNtryInf></Ntry><Ntry><Amt Ccy="GBP">160.00</Amt><CdtDbtInd>CRDT</CdtDbtInd><Sts>BOOK</Sts><BookgDt><Dt>2018-09-13</Dt></BookgDt><BkTxCd><Prtry><Cd>DCA UKBA CR 40269</Cd></Prtry></BkTxCd><TxDtls><Refs><EndToEndId>NOREF</EndToEndId><TxId>000000013559284701</TxId><Prtry><Tp>STO REF</Tp><Ref>1724</Ref></Prtry></Refs><RltdPties><Dbtr><Nm>PAULA BUCHOLC</Nm></Dbtr><DbtrAcct><Id><PrtryAcct><Id>20035373152596</Id></PrtryAcct></Id></DbtrAcct><Cdtr><Nm>PAULA BUCHOLC</Nm></Cdtr><CdtrAcct><Id><PrtryAcct><Id>23008200233440</Id></PrtryAcct></Id></CdtrAcct><Prtry><Tp>FROM PAULA BUCHOLC</Tp><Pty/></Prtry></RltdPties><RmtInf><Strd><AddtlRmtInf>NO REF</AddtlRmtInf></Strd><Strd><AddtlRmtInf>PAULA BUCHOLC//FROM PAULA BUCHOLC</AddtlRmtInf></Strd></RmtInf><RltdDts><TxDtTm>2018-09-13T16:22:28</TxDtTm></RltdDts><AddtlTxInf>0000000135592847015020180913826200353</AddtlTxInf></TxDtls><AddtlNtryInf>COMPLETE//0000//002//CREDIT</AddtlNtryInf></Ntry><Ntry><Amt Ccy="GBP">30.00</Amt><CdtDbtInd>CRDT</CdtDbtInd><Sts>BOOK</Sts><BookgDt><Dt>2018-09-13</Dt></BookgDt><BkTxCd><Prtry><Cd>DCA UKBA CR 40269</Cd></Prtry></BkTxCd><TxDtls><Refs><EndToEndId>NOREF</EndToEndId><TxId>000000013559286601</TxId><Prtry><Tp>STO REF</Tp><Ref>1724</Ref></Prtry></Refs><RltdPties><Dbtr><Nm>PAULA BUCHOLC</Nm></Dbtr><DbtrAcct><Id><PrtryAcct><Id>20035373152596</Id></PrtryAcct></Id></DbtrAcct><Cdtr><Nm>PAULA BUCHOLC</Nm></Cdtr><CdtrAcct><Id><PrtryAcct><Id>23008200233440</Id></PrtryAcct></Id></CdtrAcct><Prtry><Tp>FROM PAULA BUCHOLC</Tp><Pty/></Prtry></RltdPties><RmtInf><Strd><AddtlRmtInf>NO REF</AddtlRmtInf></Strd><Strd><AddtlRmtInf>PAULA BUCHOLC//FROM PAULA BUCHOLC</AddtlRmtInf></Strd></RmtInf><RltdDts><TxDtTm>2018-09-13T16:22:28</TxDtTm></RltdDts><AddtlTxInf>0000000135592866015020180913826200353</AddtlTxInf></TxDtls><AddtlNtryInf>COMPLETE//0000//002//CREDIT</AddtlNtryInf></Ntry><Ntry><Amt Ccy="GBP">10.00</Amt><CdtDbtInd>CRDT</CdtDbtInd><Sts>BOOK</Sts><BookgDt><Dt>2018-09-13</Dt></BookgDt><BkTxCd><Prtry><Cd>DCA UKBA CR 40269</Cd></Prtry></BkTxCd><TxDtls><Refs><EndToEndId>NOREF</EndToEndId><TxId>000000013559301701</TxId><Prtry><Tp>STO REF</Tp><Ref>1724</Ref></Prtry></Refs><RltdPties><Dbtr><Nm>PAULA BUCHOLC</Nm></Dbtr><DbtrAcct><Id><PrtryAcct><Id>20035373152596</Id></PrtryAcct></Id></DbtrAcct><Cdtr><Nm>PAULA BUCHOLC</Nm></Cdtr><CdtrAcct><Id><PrtryAcct><Id>23008200233440</Id></PrtryAcct></Id></CdtrAcct><Prtry><Tp>FROM PAULA BUCHOLC</Tp><Pty/></Prtry></RltdPties><RmtInf><Strd><AddtlRmtInf>NO REF</AddtlRmtInf></Strd><Strd><AddtlRmtInf>PAULA BUCHOLC//FROM PAULA BUCHOLC</AddtlRmtInf></Strd></RmtInf><RltdDts><TxDtTm>2018-09-13T16:22:28</TxDtTm></RltdDts><AddtlTxInf>0000000135593017015020180913826200353</AddtlTxInf></TxDtls><AddtlNtryInf>COMPLETE//0000//002//CREDIT</AddtlNtryInf></Ntry></Ntfctn></BkToCstmrDbtCdtNtfctnV01></Document>