<?xml version="1.0" encoding="UTF-8"?><Document xmlns:xsi="http://www.w3.org/2001/XMLSchema-instance" xmlns="urn:iso:std:iso:20022:tech:xsd:camt.054.001.01"><BkToCstmrDbtCdtNtfctnV01><GrpHdr><MsgId>80309K//12913</MsgId><CreDtTm>2018-09-16T08:00:00</CreDtTm></GrpHdr><Ntfctn><Id>80309K//12913//1</Id><CreDtTm>2018-09-16T08:00:00</CreDtTm><Acct><Id><PrtryAcct><Id>20594233939774</Id></PrtryAcct></Id><Ccy>GBP</Ccy></Acct><TxsSummry><TtlNtries><NbOfNtries>2</NbOfNtries><Sum>56.78</Sum></TtlNtries><TtlCdtNtries><NbOfNtries>2</NbOfNtries><Sum>56.78</Sum></TtlCdtNtries><TtlDbtNtries><NbOfNtries>0</NbOfNtries><Sum>0.00</Sum></TtlDbtNtries></TxsSummry><Ntry><Amt Ccy="GBP">28.00</Amt><CdtDbtInd>CRDT</CdtDbtInd><Sts>BOOK</Sts><BookgDt><Dt>2018-09-17</Dt></BookgDt><BkTxCd><Prtry><Cd>SIP UKBA CR 40269</Cd></Prtry></BkTxCd><TxDtls><Refs><EndToEndId>GENOU</EndToEndId><TxId>47073605885832000N</TxId><Prtry><Tp>STO REF</Tp><Ref>0000</Ref></Prtry></Refs><RltdPties><Dbtr><Nm>SOGANIC L</Nm></Dbtr><DbtrAcct><Id><PrtryAcct><Id>51813493789173</Id></PrtryAcct></Id></DbtrAcct><Cdtr><Nm>JULIUS</Nm></Cdtr><CdtrAcct><Id><PrtryAcct><Id>23008200378098</Id></PrtryAcct></Id></CdtrAcct><Prtry><Tp>GENOU</Tp><Pty/></Prtry></RltdPties><RmtInf><Strd><AddtlRmtInf>SOGANIC L         GENOU             VIA MOBILE - LVP</AddtlRmtInf></Strd><Strd><AddtlRmtInf>SOGANIC L//GENOU</AddtlRmtInf></Strd></RmtInf><RltdDts><TxDtTm>2018-09-16T07:36:06</TxDtTm></RltdDts><AddtlTxInf>47073605885832000N1020180916826518134</AddtlTxInf></TxDtls><AddtlNtryInf>COMPLETE//0000//003//CREDIT</AddtlNtryInf></Ntry><Ntry><Amt Ccy="GBP">28.78</Amt><CdtDbtInd>CRDT</CdtDbtInd><Sts>BOOK</Sts><BookgDt><Dt>2018-09-17</Dt></BookgDt><BkTxCd><Prtry><Cd>SIP UKBA CR 40269</Cd></Prtry></BkTxCd><TxDtls><Refs><EndToEndId>NOREF</EndToEndId><TxId>300000000392742055</TxId></Refs><RltdPties><Dbtr><Nm>D Ryan</Nm></Dbtr><DbtrAcct><Id><PrtryAcct><Id>80489210423267</Id></PrtryAcct></Id></DbtrAcct><Cdtr><Nm>DAMIAN RYAN</Nm></Cdtr><CdtrAcct><Id><PrtryAcct><Id>23008200036559</Id></PrtryAcct></Id></CdtrAcct></RltdPties><RmtInf><Strd><AddtlRmtInf>NO REF</AddtlRmtInf></Strd><Strd><AddtlRmtInf>D Ryan//</AddtlRmtInf></Strd></RmtInf><RltdDts><TxDtTm>2018-09-16T07:47:03</TxDtTm></RltdDts><AddtlTxInf>3000000003927420551020180916826804892</AddtlTxInf></TxDtls><AddtlNtryInf>COMPLETE//0000//003//CREDIT</AddtlNtryInf></Ntry></Ntfctn></BkToCstmrDbtCdtNtfctnV01></Document>