<?xml version="1.0" encoding="UTF-8"?><Document xmlns:xsi="http://www.w3.org/2001/XMLSchema-instance" xmlns="urn:iso:std:iso:20022:tech:xsd:camt.054.001.01"><BkToCstmrDbtCdtNtfctnV01><GrpHdr><MsgId>80309K//13361</MsgId><CreDtTm>2018-09-26T16:00:00</CreDtTm></GrpHdr><Ntfctn><Id>80309K//13361//1</Id><CreDtTm>2018-09-26T16:00:00</CreDtTm><Acct><Id><PrtryAcct><Id>20594233939774</Id></PrtryAcct></Id><Ccy>GBP</Ccy></Acct><TxsSummry><TtlNtries><NbOfNtries>4</NbOfNtries><Sum>193.10</Sum></TtlNtries><TtlCdtNtries><NbOfNtries>4</NbOfNtries><Sum>193.10</Sum></TtlCdtNtries><TtlDbtNtries><NbOfNtries>0</NbOfNtries><Sum>0.00</Sum></TtlDbtNtries></TxsSummry><Ntry><Amt Ccy="GBP">0.10</Amt><CdtDbtInd>CRDT</CdtDbtInd><Sts>BOOK</Sts><BookgDt><Dt>2018-09-26</Dt></BookgDt><BkTxCd><Prtry><Cd>SIP UKBA CR 40269</Cd></Prtry></BkTxCd><TxDtls><Refs><EndToEndId>NOREF</EndToEndId><TxId>RP4679962299341900</TxId></Refs><RltdPties><Dbtr><Nm>DONOVAN J</Nm></Dbtr><DbtrAcct><Id><PrtryAcct><Id>20252540343293</Id></PrtryAcct></Id></DbtrAcct><Cdtr><Nm>MR ROBERTS</Nm></Cdtr><CdtrAcct><Id><PrtryAcct><Id>23008200107186</Id></PrtryAcct></Id></CdtrAcct><Prtry><Tp>BLACK K1 SUB</Tp><Pty/></Prtry></RltdPties><RmtInf><Strd><AddtlRmtInf>NO REF</AddtlRmtInf></Strd><Strd><AddtlRmtInf>DONOVAN J//BLACK K1 SUB</AddtlRmtInf></Strd></RmtInf><RltdDts><TxDtTm>2018-09-26T15:35:35</TxDtTm></RltdDts><AddtlTxInf>RP46799622993419001020180926826200026</AddtlTxInf></TxDtls><AddtlNtryInf>COMPLETE//0000//002//CREDIT</AddtlNtryInf></Ntry><Ntry><Amt Ccy="GBP">5.00</Amt><CdtDbtInd>CRDT</CdtDbtInd><Sts>BOOK</Sts><BookgDt><Dt>2018-09-26</Dt></BookgDt><BkTxCd><Prtry><Cd>SIP UKBA CR 40269</Cd></Prtry></BkTxCd><TxDtls><Refs><EndToEndId>NOREF</EndToEndId><TxId>RP4679962299566600</TxId></Refs><RltdPties><Dbtr><Nm>BUCKLES G</Nm></Dbtr><DbtrAcct><Id><PrtryAcct><Id>20709410251542</Id></PrtryAcct></Id></DbtrAcct><Cdtr><Nm>ARRO BLACK BUSINES</Nm></Cdtr><CdtrAcct><Id><PrtryAcct><Id>23008200222915</Id></PrtryAcct></Id></CdtrAcct><Prtry><Tp>CARD</Tp><Pty/></Prtry></RltdPties><RmtInf><Strd><AddtlRmtInf>NO REF</AddtlRmtInf></Strd><Strd><AddtlRmtInf>BUCKLES G//CARD</AddtlRmtInf></Strd></RmtInf><RltdDts><TxDtTm>2018-09-26T15:38:27</TxDtTm></RltdDts><AddtlTxInf>RP46799622995666001020180926826200026</AddtlTxInf></TxDtls><AddtlNtryInf>COMPLETE//0000//002//CREDIT</AddtlNtryInf></Ntry><Ntry><Amt Ccy="GBP">150.00</Amt><CdtDbtInd>CRDT</CdtDbtInd><Sts>BOOK</Sts><BookgDt><Dt>2018-09-26</Dt></BookgDt><BkTxCd><Prtry><Cd>SIP UKBA CR 40269</Cd></Prtry></BkTxCd><TxDtls><Refs><EndToEndId>SHARON/GLASS</EndToEndId><TxId>16153844130865000N</TxId><Prtry><Tp>STO REF</Tp><Ref>0000</Ref></Prtry></Refs><RltdPties><Dbtr><Nm>GROSVENOR S &amp; G</Nm></Dbtr><DbtrAcct><Id><PrtryAcct><Id>60100684710454</Id></PrtryAcct></Id></DbtrAcct><Cdtr><Nm>TREVOR</Nm></Cdtr><CdtrAcct><Id><PrtryAcct><Id>23008200225203</Id></PrtryAcct></Id></CdtrAcct><Prtry><Tp>SHARON/GLASS</Tp><Pty/></Prtry></RltdPties><RmtInf><Strd><AddtlRmtInf>GROSVENOR S &amp; G   SHARON/GLASS      VIA ONLINE - PYMT</AddtlRmtInf></Strd><Strd><AddtlRmtInf>GROSVENOR S &amp; G//SHARON/GLASS</AddtlRmtInf></Strd></RmtInf><RltdDts><TxDtTm>2018-09-26T15:38:44</TxDtTm></RltdDts><AddtlTxInf>16153844130865000N1020180926826601006</AddtlTxInf></TxDtls><AddtlNtryInf>COMPLETE//0000//002//CREDIT</AddtlNtryInf></Ntry><Ntry><Amt Ccy="GBP">38.00</Amt><CdtDbtInd>CRDT</CdtDbtInd><Sts>BOOK</Sts><BookgDt><Dt>2018-09-26</Dt></BookgDt><BkTxCd><Prtry><Cd>SIP UKBA CR 40269</Cd></Prtry></BkTxCd><TxDtls><Refs><EndToEndId>NOREF</EndToEndId><TxId>100000000390414893</TxId></Refs><RltdPties><Dbtr><Nm>O Olaleye</Nm></Dbtr><DbtrAcct><Id><PrtryAcct><Id>77130527862868</Id></PrtryAcct></Id></DbtrAcct><Cdtr><Nm>DOMINIC BLOOMFIELD</Nm></Cdtr><CdtrAcct><Id><PrtryAcct><Id>23008200468715</Id></PrtryAcct></Id></CdtrAcct><Prtry><Tp>BOOK</Tp><Pty/></Prtry></RltdPties><RmtInf><Strd><AddtlRmtInf>NO REF</AddtlRmtInf></Strd><Strd><AddtlRmtInf>O Olaleye//BOOK</AddtlRmtInf></Strd></RmtInf><RltdDts><TxDtTm>2018-09-26T15:56:06</TxDtTm></RltdDts><AddtlTxInf>1000000003904148931020180926826771305</AddtlTxInf></TxDtls><AddtlNtryInf>COMPLETE//0000//002//CREDIT</AddtlNtryInf></Ntry></Ntfctn></BkToCstmrDbtCdtNtfctnV01></Document>