<?xml version="1.0" encoding="UTF-8"?><Document xmlns:xsi="http://www.w3.org/2001/XMLSchema-instance" xmlns="urn:iso:std:iso:20022:tech:xsd:camt.054.001.01"><BkToCstmrDbtCdtNtfctnV01><GrpHdr><MsgId>80309K//12856</MsgId><CreDtTm>2018-09-14T19:30:00</CreDtTm></GrpHdr><Ntfctn><Id>80309K//12856//1</Id><CreDtTm>2018-09-14T19:30:00</CreDtTm><Acct><Id><PrtryAcct><Id>20594233939774</Id></PrtryAcct></Id><Ccy>GBP</Ccy></Acct><TxsSummry><TtlNtries><NbOfNtries>7</NbOfNtries><Sum>314.25</Sum></TtlNtries><TtlCdtNtries><NbOfNtries>7</NbOfNtries><Sum>314.25</Sum></TtlCdtNtries><TtlDbtNtries><NbOfNtries>0</NbOfNtries><Sum>0.00</Sum></TtlDbtNtries></TxsSummry><Ntry><Amt Ccy="GBP">3.00</Amt><CdtDbtInd>CRDT</CdtDbtInd><Sts>BOOK</Sts><BookgDt><Dt>2018-09-17</Dt></BookgDt><BkTxCd><Prtry><Cd>SIP UKBA CR 40269</Cd></Prtry></BkTxCd><TxDtls><Refs><EndToEndId>PAUL</EndToEndId><TxId>08190233070075000R</TxId><Prtry><Tp>STO REF</Tp><Ref>0000</Ref></Prtry></Refs><RltdPties><Dbtr><Nm>MARSH PJ</Nm></Dbtr><DbtrAcct><Id><PrtryAcct><Id>16172611005895</Id></PrtryAcct></Id></DbtrAcct><Cdtr><Nm>MR DANIEL THOMPSON</Nm></Cdtr><CdtrAcct><Id><PrtryAcct><Id>23008200155445</Id></PrtryAcct></Id></CdtrAcct><Prtry><Tp>PAUL</Tp><Pty/></Prtry></RltdPties><RmtInf><Strd><AddtlRmtInf>MARSH PJ          PAUL              VIA MOBILE - LVP</AddtlRmtInf></Strd><Strd><AddtlRmtInf>MARSH PJ//PAUL</AddtlRmtInf></Strd></RmtInf><RltdDts><TxDtTm>2018-09-14T19:02:33</TxDtTm></RltdDts><AddtlTxInf>08190233070075000R1020180914826161726</AddtlTxInf></TxDtls><AddtlNtryInf>COMPLETE//0000//003//CREDIT</AddtlNtryInf></Ntry><Ntry><Amt Ccy="GBP">10.00</Amt><CdtDbtInd>CRDT</CdtDbtInd><Sts>BOOK</Sts><BookgDt><Dt>2018-09-17</Dt></BookgDt><BkTxCd><Prtry><Cd>SIP UKBA CR 40269</Cd></Prtry></BkTxCd><TxDtls><Refs><EndToEndId>NOREF</EndToEndId><TxId>FP18257O19749174</TxId></Refs><RltdPties><Dbtr><Nm>Nicholson Lee</Nm></Dbtr><DbtrAcct><Id><PrtryAcct><Id>07043613783275</Id></PrtryAcct></Id></DbtrAcct><Cdtr><Nm>CHELSEA</Nm></Cdtr><CdtrAcct><Id><PrtryAcct><Id>23008200101201</Id></PrtryAcct></Id></CdtrAcct><Prtry><Tp>MY WOMEN</Tp><Pty/></Prtry></RltdPties><RmtInf><Strd><AddtlRmtInf>NO REF</AddtlRmtInf></Strd><Strd><AddtlRmtInf>Nicholson Lee//MY WOMEN</AddtlRmtInf></Strd></RmtInf><RltdDts><TxDtTm>2018-09-14T19:06:25</TxDtTm></RltdDts><AddtlTxInf>FP18257O19749174  1020180914826070436</AddtlTxInf></TxDtls><AddtlNtryInf>COMPLETE//0000//003//CREDIT</AddtlNtryInf></Ntry><Ntry><Amt Ccy="GBP">0.25</Amt><CdtDbtInd>CRDT</CdtDbtInd><Sts>BOOK</Sts><BookgDt><Dt>2018-09-17</Dt></BookgDt><BkTxCd><Prtry><Cd>SIP UKBA CR 40269</Cd></Prtry></BkTxCd><TxDtls><Refs><EndToEndId>NOREF</EndToEndId><TxId>600000000388575477</TxId></Refs><RltdPties><Dbtr><Nm>A Aziz</Nm></Dbtr><DbtrAcct><Id><PrtryAcct><Id>30929040300760</Id></PrtryAcct></Id></DbtrAcct><Cdtr><Nm>A ROB ARRO</Nm></Cdtr><CdtrAcct><Id><PrtryAcct><Id>23008200195107</Id></PrtryAcct></Id></CdtrAcct><Prtry><Tp>ARRO</Tp><Pty/></Prtry></RltdPties><RmtInf><Strd><AddtlRmtInf>NO REF</AddtlRmtInf></Strd><Strd><AddtlRmtInf>A Aziz//ARRO</AddtlRmtInf></Strd></RmtInf><RltdDts><TxDtTm>2018-09-14T19:06:42</TxDtTm></RltdDts><AddtlTxInf>6000000003885754771020180914826309290</AddtlTxInf></TxDtls><AddtlNtryInf>COMPLETE//0000//003//CREDIT</AddtlNtryInf></Ntry><Ntry><Amt Ccy="GBP">40.00</Amt><CdtDbtInd>CRDT</CdtDbtInd><Sts>BOOK</Sts><BookgDt><Dt>2018-09-17</Dt></BookgDt><BkTxCd><Prtry><Cd>SIP UKBA CR 40269</Cd></Prtry></BkTxCd><TxDtls><Refs><EndToEndId>OUT</EndToEndId><TxId>06191001048451000N</TxId><Prtry><Tp>STO REF</Tp><Ref>0000</Ref></Prtry></Refs><RltdPties><Dbtr><Nm>FARMER CS</Nm></Dbtr><DbtrAcct><Id><PrtryAcct><Id>60233682539782</Id></PrtryAcct></Id></DbtrAcct><Cdtr><Nm>BEN MORUTHANE</Nm></Cdtr><CdtrAcct><Id><PrtryAcct><Id>23008200209247</Id></PrtryAcct></Id></CdtrAcct><Prtry><Tp>OUT</Tp><Pty/></Prtry></RltdPties><RmtInf><Strd><AddtlRmtInf>FARMER CS         OUT               VIA MOBILE - LVP</AddtlRmtInf></Strd><Strd><AddtlRmtInf>FARMER CS//OUT</AddtlRmtInf></Strd></RmtInf><RltdDts><TxDtTm>2018-09-14T19:10:01</TxDtTm></RltdDts><AddtlTxInf>06191001048451000N1020180914826602336</AddtlTxInf></TxDtls><AddtlNtryInf>COMPLETE//0000//003//CREDIT</AddtlNtryInf></Ntry><Ntry><Amt Ccy="GBP">1.00</Amt><CdtDbtInd>CRDT</CdtDbtInd><Sts>BOOK</Sts><BookgDt><Dt>2018-09-17</Dt></BookgDt><BkTxCd><Prtry><Cd>SIP UKBA CR 40269</Cd></Prtry></BkTxCd><TxDtls><Refs><EndToEndId>PPWD00000000ANDGPK</EndToEndId><TxId>PPWD00000000ANDGPK</TxId></Refs><RltdPties><Dbtr><Nm>PayPal</Nm><PstlAdr><AdrLine>2211 N 1st Street San Jose CA 95131</AdrLine><Ctry/></PstlAdr></Dbtr><DbtrAcct><Id><PrtryAcct><Id>23526278959595</Id></PrtryAcct></Id></DbtrAcct><Cdtr><Nm>i-Virtualsales (A N Mobio T/A i-Vir</Nm><PstlAdr><AdrLine>76 Colet House, Doddington Grove, W</AdrLine><AdrLine>alworth</AdrLine><Ctry/></PstlAdr></Cdtr><CdtrAcct><Id><PrtryAcct><Id>23008200222375</Id></PrtryAcct></Id></CdtrAcct><Prtry><Tp>PPWDL5NX22AKZ3DLDU</Tp><Pty/></Prtry></RltdPties><RmtInf><Strd><RfrdDocInf><RfrdDocTp><Prtry>002</Prtry></RfrdDocTp></RfrdDocInf><AddtlRmtInf>NO REF</AddtlRmtInf></Strd><Strd><AddtlRmtInf>PayPal//PPWDL5NX22AKZ3DLDU</AddtlRmtInf></Strd></RmtInf><RltdDts><TxDtTm>2018-09-14T19:11:29</TxDtTm></RltdDts><AddtlTxInf>PPWD00000000ANDGPK1020180914826235262</AddtlTxInf></TxDtls><AddtlNtryInf>COMPLETE//0000//003//CREDIT</AddtlNtryInf></Ntry><Ntry><Amt Ccy="GBP">100.00</Amt><CdtDbtInd>CRDT</CdtDbtInd><Sts>BOOK</Sts><BookgDt><Dt>2018-09-17</Dt></BookgDt><BkTxCd><Prtry><Cd>SIP UKBA CR 40269</Cd></Prtry></BkTxCd><TxDtls><Refs><EndToEndId>000000FT18257LGZKS</EndToEndId><TxId>000000FT18257LGZKS</TxId></Refs><RltdPties><Dbtr><Nm>LORNA MARIA CONSTABLE</Nm><PstlAdr><AdrLine>6 VORTEX ROAD;ESSEX</AdrLine><Ctry/></PstlAdr></Dbtr><DbtrAcct><Id><PrtryAcct><Id>23058029938355</Id></PrtryAcct></Id></DbtrAcct><Cdtr><Nm>MR NICHOLAS FISK</Nm><PstlAdr><AdrLine>NA</AdrLine><Ctry/></PstlAdr></Cdtr><CdtrAcct><Id><PrtryAcct><Id>23008200241129</Id></PrtryAcct></Id></CdtrAcct><Prtry><Tp>JG</Tp><Pty/></Prtry></RltdPties><RmtInf><Strd><AddtlRmtInf>NO REF</AddtlRmtInf></Strd><Strd><AddtlRmtInf>LORNA MARIA CONSTA//JG</AddtlRmtInf></Strd></RmtInf><RltdDts><TxDtTm>2018-09-14T19:20:12</TxDtTm></RltdDts><AddtlTxInf>000000FT18257LGZKS1020180914826230580</AddtlTxInf></TxDtls><AddtlNtryInf>COMPLETE//0000//003//CREDIT</AddtlNtryInf></Ntry><Ntry><Amt Ccy="GBP">160.00</Amt><CdtDbtInd>CRDT</CdtDbtInd><Sts>BOOK</Sts><BookgDt><Dt>2018-09-17</Dt></BookgDt><BkTxCd><Prtry><Cd>SIP UKBA CR 40269</Cd></Prtry></BkTxCd><TxDtls><Refs><EndToEndId>MISS L K BIRD</EndToEndId><TxId>52192211808846000N</TxId><Prtry><Tp>STO REF</Tp><Ref>0000</Ref></Prtry></Refs><RltdPties><Dbtr><Nm>BIRD L</Nm></Dbtr><DbtrAcct><Id><PrtryAcct><Id>53701573548979</Id></PrtryAcct></Id></DbtrAcct><Cdtr><Nm>BAEMMS LTD</Nm></Cdtr><CdtrAcct><Id><PrtryAcct><Id>23008200223303</Id></PrtryAcct></Id></CdtrAcct><Prtry><Tp>MISS L K BIRD</Tp><Pty/></Prtry></RltdPties><RmtInf><Strd><AddtlRmtInf>BIRD L            MISS L K BIRD     VIA MOBILE - PYMT</AddtlRmtInf></Strd><Strd><AddtlRmtInf>BIRD L//MISS L K BIRD</AddtlRmtInf></Strd></RmtInf><RltdDts><TxDtTm>2018-09-14T19:22:12</TxDtTm></RltdDts><AddtlTxInf>52192211808846000N1020180914826537015</AddtlTxInf></TxDtls><AddtlNtryInf>COMPLETE//0000//003//CREDIT</AddtlNtryInf></Ntry></Ntfctn></BkToCstmrDbtCdtNtfctnV01></Document>