<?xml version="1.0" encoding="UTF-8"?><Document xmlns:xsi="http://www.w3.org/2001/XMLSchema-instance" xmlns="urn:iso:std:iso:20022:tech:xsd:camt.054.001.01"><BkToCstmrDbtCdtNtfctnV01><GrpHdr><MsgId>80309K//13266</MsgId><CreDtTm>2018-09-24T12:30:00</CreDtTm></GrpHdr><Ntfctn><Id>80309K//13266//1</Id><CreDtTm>2018-09-24T12:30:00</CreDtTm><Acct><Id><PrtryAcct><Id>20594233939774</Id></PrtryAcct></Id><Ccy>GBP</Ccy></Acct><TxsSummry><TtlNtries><NbOfNtries>5</NbOfNtries><Sum>278.60</Sum></TtlNtries><TtlCdtNtries><NbOfNtries>5</NbOfNtries><Sum>278.60</Sum></TtlCdtNtries><TtlDbtNtries><NbOfNtries>0</NbOfNtries><Sum>0.00</Sum></TtlDbtNtries></TxsSummry><Ntry><Amt Ccy="GBP">66.60</Amt><CdtDbtInd>CRDT</CdtDbtInd><Sts>BOOK</Sts><BookgDt><Dt>2018-09-24</Dt></BookgDt><BkTxCd><Prtry><Cd>SIP UKBA CR 40269</Cd></Prtry></BkTxCd><TxDtls><Refs><EndToEndId>NOREF</EndToEndId><TxId>FP18267O06950974</TxId></Refs><RltdPties><Dbtr><Nm>Fisher Rema</Nm></Dbtr><DbtrAcct><Id><PrtryAcct><Id>07024645395300</Id></PrtryAcct></Id></DbtrAcct><Cdtr><Nm>MISS TINA FISHER</Nm></Cdtr><CdtrAcct><Id><PrtryAcct><Id>23008200013489</Id></PrtryAcct></Id></CdtrAcct><Prtry><Tp>REMA</Tp><Pty/></Prtry></RltdPties><RmtInf><Strd><AddtlRmtInf>NO REF</AddtlRmtInf></Strd><Strd><AddtlRmtInf>Fisher Rema//REMA</AddtlRmtInf></Strd></RmtInf><RltdDts><TxDtTm>2018-09-24T12:02:33</TxDtTm></RltdDts><AddtlTxInf>FP18267O06950974  1020180924826070246</AddtlTxInf></TxDtls><AddtlNtryInf>COMPLETE//0000//001//CREDIT</AddtlNtryInf></Ntry><Ntry><Amt Ccy="GBP">42.00</Amt><CdtDbtInd>CRDT</CdtDbtInd><Sts>BOOK</Sts><BookgDt><Dt>2018-09-24</Dt></BookgDt><BkTxCd><Prtry><Cd>SIP UKBA CR 40269</Cd></Prtry></BkTxCd><TxDtls><Refs><EndToEndId>NOREF</EndToEndId><TxId>300000000395013170</TxId></Refs><RltdPties><Dbtr><Nm>O Daodu</Nm></Dbtr><DbtrAcct><Id><PrtryAcct><Id>30667641386260</Id></PrtryAcct></Id></DbtrAcct><Cdtr><Nm>EXPORT SOLUTION</Nm></Cdtr><CdtrAcct><Id><PrtryAcct><Id>23008200044254</Id></PrtryAcct></Id></CdtrAcct><Prtry><Tp>OLA DAODU</Tp><Pty/></Prtry></RltdPties><RmtInf><Strd><AddtlRmtInf>NO REF</AddtlRmtInf></Strd><Strd><AddtlRmtInf>O Daodu//OLA DAODU</AddtlRmtInf></Strd></RmtInf><RltdDts><TxDtTm>2018-09-24T12:05:56</TxDtTm></RltdDts><AddtlTxInf>3000000003950131701020180924826306676</AddtlTxInf></TxDtls><AddtlNtryInf>COMPLETE//0000//001//CREDIT</AddtlNtryInf></Ntry><Ntry><Amt Ccy="GBP">4.00</Amt><CdtDbtInd>CRDT</CdtDbtInd><Sts>BOOK</Sts><BookgDt><Dt>2018-09-24</Dt></BookgDt><BkTxCd><Prtry><Cd>SIP UKBA CR 40269</Cd></Prtry></BkTxCd><TxDtls><Refs><EndToEndId>NOREF</EndToEndId><TxId>100000000389708736</TxId></Refs><RltdPties><Dbtr><Nm>B Sharkey</Nm></Dbtr><DbtrAcct><Id><PrtryAcct><Id>11069612002160</Id></PrtryAcct></Id></DbtrAcct><Cdtr><Nm>LAUREN SHARKEY</Nm></Cdtr><CdtrAcct><Id><PrtryAcct><Id>23008200372211</Id></PrtryAcct></Id></CdtrAcct><Prtry><Tp>MONEY</Tp><Pty/></Prtry></RltdPties><RmtInf><Strd><AddtlRmtInf>NO REF</AddtlRmtInf></Strd><Strd><AddtlRmtInf>B Sharkey//MONEY</AddtlRmtInf></Strd></RmtInf><RltdDts><TxDtTm>2018-09-24T12:08:29</TxDtTm></RltdDts><AddtlTxInf>1000000003897087361020180924826110696</AddtlTxInf></TxDtls><AddtlNtryInf>COMPLETE//0000//001//CREDIT</AddtlNtryInf></Ntry><Ntry><Amt Ccy="GBP">100.00</Amt><CdtDbtInd>CRDT</CdtDbtInd><Sts>BOOK</Sts><BookgDt><Dt>2018-09-24</Dt></BookgDt><BkTxCd><Prtry><Cd>SIP UKBA CR 40269</Cd></Prtry></BkTxCd><TxDtls><Refs><EndToEndId>NOREF</EndToEndId><TxId>912535158121429001</TxId><Prtry><Tp>STO REF</Tp><Ref>0000</Ref></Prtry></Refs><RltdPties><Dbtr><Nm>CLOUT J</Nm></Dbtr><DbtrAcct><Id><PrtryAcct><Id>40477371150634</Id></PrtryAcct></Id></DbtrAcct><Cdtr><Nm>R BIGGS</Nm></Cdtr><CdtrAcct><Id><PrtryAcct><Id>23008200359109</Id></PrtryAcct></Id></CdtrAcct><Prtry><Tp>TRELLIS</Tp><Pty/></Prtry></RltdPties><RmtInf><Strd><AddtlRmtInf>NO REF</AddtlRmtInf></Strd><Strd><AddtlRmtInf>CLOUT J//TRELLIS</AddtlRmtInf></Strd></RmtInf><RltdDts><TxDtTm>2018-09-24T12:18:51</TxDtTm></RltdDts><AddtlTxInf>9125351581214290011020180924826404773</AddtlTxInf></TxDtls><AddtlNtryInf>COMPLETE//0000//001//CREDIT</AddtlNtryInf></Ntry><Ntry><Amt Ccy="GBP">66.00</Amt><CdtDbtInd>CRDT</CdtDbtInd><Sts>BOOK</Sts><BookgDt><Dt>2018-09-24</Dt></BookgDt><BkTxCd><Prtry><Cd>SIP UKBA CR 40269</Cd></Prtry></BkTxCd><TxDtls><Refs><EndToEndId>HELP RELOCATING</EndToEndId><TxId>42122917633135000R</TxId><Prtry><Tp>STO REF</Tp><Ref>0000</Ref></Prtry></Refs><RltdPties><Dbtr><Nm>WINDRAM A</Nm></Dbtr><DbtrAcct><Id><PrtryAcct><Id>83460000138796</Id></PrtryAcct></Id></DbtrAcct><Cdtr><Nm>MS WESTERMAN</Nm></Cdtr><CdtrAcct><Id><PrtryAcct><Id>23008200319323</Id></PrtryAcct></Id></CdtrAcct><Prtry><Tp>HELP RELOCATING</Tp><Pty/></Prtry></RltdPties><RmtInf><Strd><AddtlRmtInf>WINDRAM A         HELP RELOCATING   VIA MOBILE - LVP</AddtlRmtInf></Strd><Strd><AddtlRmtInf>WINDRAM A//HELP RELOCATING</AddtlRmtInf></Strd></RmtInf><RltdDts><TxDtTm>2018-09-24T12:29:18</TxDtTm></RltdDts><AddtlTxInf>42122917633135000R1020180924826834600</AddtlTxInf></TxDtls><AddtlNtryInf>COMPLETE//0000//001//CREDIT</AddtlNtryInf></Ntry></Ntfctn></BkToCstmrDbtCdtNtfctnV01></Document>