<?xml version="1.0" encoding="UTF-8"?><Document xmlns:xsi="http://www.w3.org/2001/XMLSchema-instance" xmlns="urn:iso:std:iso:20022:tech:xsd:camt.054.001.01"><BkToCstmrDbtCdtNtfctnV01><GrpHdr><MsgId>80309K//12768</MsgId><CreDtTm>2018-09-12T21:30:00</CreDtTm></GrpHdr><Ntfctn><Id>80309K//12768//1</Id><CreDtTm>2018-09-12T21:30:00</CreDtTm><Acct><Id><PrtryAcct><Id>20594233939774</Id></PrtryAcct></Id><Ccy>GBP</Ccy></Acct><TxsSummry><TtlNtries><NbOfNtries>5</NbOfNtries><Sum>802.32</Sum></TtlNtries><TtlCdtNtries><NbOfNtries>5</NbOfNtries><Sum>802.32</Sum></TtlCdtNtries><TtlDbtNtries><NbOfNtries>0</NbOfNtries><Sum>0.00</Sum></TtlDbtNtries></TxsSummry><Ntry><Amt Ccy="GBP">682.32</Amt><CdtDbtInd>CRDT</CdtDbtInd><Sts>BOOK</Sts><BookgDt><Dt>2018-09-13</Dt></BookgDt><BkTxCd><Prtry><Cd>SIP UKBA CR 40269</Cd></Prtry></BkTxCd><TxDtls><Refs><EndToEndId>NOREF</EndToEndId><TxId>060092003012219001</TxId><Prtry><Tp>STO REF</Tp><Ref>0000</Ref></Prtry></Refs><RltdPties><Dbtr><Nm>DUNKLEY W J</Nm></Dbtr><DbtrAcct><Id><PrtryAcct><Id>40421991150103</Id></PrtryAcct></Id></DbtrAcct><Cdtr><Nm>matt lidbetter</Nm></Cdtr><CdtrAcct><Id><PrtryAcct><Id>23008200222957</Id></PrtryAcct></Id></CdtrAcct><Prtry><Tp>B dunkley</Tp><Pty/></Prtry></RltdPties><RmtInf><Strd><AddtlRmtInf>NO REF</AddtlRmtInf></Strd><Strd><AddtlRmtInf>DUNKLEY W J//B dunkley</AddtlRmtInf></Strd></RmtInf><RltdDts><TxDtTm>2018-09-12T21:03:00</TxDtTm></RltdDts><AddtlTxInf>0600920030122190011020180912826404219</AddtlTxInf></TxDtls><AddtlNtryInf>COMPLETE//0000//003//CREDIT</AddtlNtryInf></Ntry><Ntry><Amt Ccy="GBP">10.00</Amt><CdtDbtInd>CRDT</CdtDbtInd><Sts>BOOK</Sts><BookgDt><Dt>2018-09-13</Dt></BookgDt><BkTxCd><Prtry><Cd>SIP UKBA CR 40269</Cd></Prtry></BkTxCd><TxDtls><Refs><EndToEndId>XX</EndToEndId><TxId>19210308167606000R</TxId><Prtry><Tp>STO REF</Tp><Ref>0000</Ref></Prtry></Refs><RltdPties><Dbtr><Nm>EASON LE</Nm></Dbtr><DbtrAcct><Id><PrtryAcct><Id>16262710880322</Id></PrtryAcct></Id></DbtrAcct><Cdtr><Nm>RHEA DAY</Nm></Cdtr><CdtrAcct><Id><PrtryAcct><Id>23008200183443</Id></PrtryAcct></Id></CdtrAcct><Prtry><Tp>XX</Tp><Pty/></Prtry></RltdPties><RmtInf><Strd><AddtlRmtInf>EASON LE          XX                VIA MOBILE - LVP</AddtlRmtInf></Strd><Strd><AddtlRmtInf>EASON LE//XX</AddtlRmtInf></Strd></RmtInf><RltdDts><TxDtTm>2018-09-12T21:03:08</TxDtTm></RltdDts><AddtlTxInf>19210308167606000R1020180912826162627</AddtlTxInf></TxDtls><AddtlNtryInf>COMPLETE//0000//003//CREDIT</AddtlNtryInf></Ntry><Ntry><Amt Ccy="GBP">50.00</Amt><CdtDbtInd>CRDT</CdtDbtInd><Sts>BOOK</Sts><BookgDt><Dt>2018-09-13</Dt></BookgDt><BkTxCd><Prtry><Cd>SIP UKBA CR 40269</Cd></Prtry></BkTxCd><TxDtls><Refs><EndToEndId>NOREF</EndToEndId><TxId>200000000386552025</TxId></Refs><RltdPties><Dbtr><Nm>J Condrache</Nm></Dbtr><DbtrAcct><Id><PrtryAcct><Id>80476112536567</Id></PrtryAcct></Id></DbtrAcct><Cdtr><Nm>MR TICU VIOREL</Nm></Cdtr><CdtrAcct><Id><PrtryAcct><Id>23008200434797</Id></PrtryAcct></Id></CdtrAcct><Prtry><Tp>TRANSFER</Tp><Pty/></Prtry></RltdPties><RmtInf><Strd><AddtlRmtInf>NO REF</AddtlRmtInf></Strd><Strd><AddtlRmtInf>J Condrache//TRANSFER</AddtlRmtInf></Strd></RmtInf><RltdDts><TxDtTm>2018-09-12T21:03:46</TxDtTm></RltdDts><AddtlTxInf>2000000003865520251020180912826804761</AddtlTxInf></TxDtls><AddtlNtryInf>COMPLETE//0000//003//CREDIT</AddtlNtryInf></Ntry><Ntry><Amt Ccy="GBP">50.00</Amt><CdtDbtInd>CRDT</CdtDbtInd><Sts>BOOK</Sts><BookgDt><Dt>2018-09-13</Dt></BookgDt><BkTxCd><Prtry><Cd>SIP UKBA CR 40269</Cd></Prtry></BkTxCd><TxDtls><Refs><EndToEndId>NOREF</EndToEndId><TxId>600000000387937578</TxId></Refs><RltdPties><Dbtr><Nm>D Sutton</Nm></Dbtr><DbtrAcct><Id><PrtryAcct><Id>11600700013279</Id></PrtryAcct></Id></DbtrAcct><Cdtr><Nm>DANIEL SUTTON</Nm></Cdtr><CdtrAcct><Id><PrtryAcct><Id>23008200293386</Id></PrtryAcct></Id></CdtrAcct><Prtry><Tp>BUSINESS SERVICES</Tp><Pty/></Prtry></RltdPties><RmtInf><Strd><AddtlRmtInf>NO REF</AddtlRmtInf></Strd><Strd><AddtlRmtInf>D Sutton//BUSINESS SERVICES</AddtlRmtInf></Strd></RmtInf><RltdDts><TxDtTm>2018-09-12T21:25:39</TxDtTm></RltdDts><AddtlTxInf>6000000003879375781020180912826116007</AddtlTxInf></TxDtls><AddtlNtryInf>COMPLETE//0000//003//CREDIT</AddtlNtryInf></Ntry><Ntry><Amt Ccy="GBP">10.00</Amt><CdtDbtInd>CRDT</CdtDbtInd><Sts>BOOK</Sts><BookgDt><Dt>2018-09-13</Dt></BookgDt><BkTxCd><Prtry><Cd>SIP UKBA CR 40269</Cd></Prtry></BkTxCd><TxDtls><Refs><EndToEndId>NOREF</EndToEndId><TxId>P16MM5DSMJEG0YD7KG</TxId></Refs><RltdPties><Dbtr><Nm>jingbiao chen</Nm><PstlAdr><AdrLine>12 Rookwood Gardens, IG10 2DQ</AdrLine><Ctry/></PstlAdr></Dbtr><DbtrAcct><Id><PrtryAcct><Id>04000477204534</Id></PrtryAcct></Id></DbtrAcct><Cdtr><Nm>yifeng wang</Nm></Cdtr><CdtrAcct><Id><PrtryAcct><Id>23008200036853</Id></PrtryAcct></Id></CdtrAcct></RltdPties><RmtInf><Strd><AddtlRmtInf>NO REF</AddtlRmtInf></Strd><Strd><AddtlRmtInf>jingbiao chen//</AddtlRmtInf></Strd></RmtInf><RltdDts><TxDtTm>2018-09-12T21:27:26</TxDtTm></RltdDts><AddtlTxInf>P16MM5DSMJEG0YD7KG1020180912826040004</AddtlTxInf></TxDtls><AddtlNtryInf>COMPLETE//0000//003//CREDIT</AddtlNtryInf></Ntry></Ntfctn></BkToCstmrDbtCdtNtfctnV01></Document>