<?xml version="1.0" encoding="UTF-8"?><Document xmlns:xsi="http://www.w3.org/2001/XMLSchema-instance" xmlns="urn:iso:std:iso:20022:tech:xsd:camt.054.001.01"><BkToCstmrDbtCdtNtfctnV01><GrpHdr><MsgId>80309K//12456</MsgId><CreDtTm>2018-09-05T15:30:00</CreDtTm></GrpHdr><Ntfctn><Id>80309K//12456//1</Id><CreDtTm>2018-09-05T15:30:00</CreDtTm><Acct><Id><PrtryAcct><Id>20594233939774</Id></PrtryAcct></Id><Ccy>GBP</Ccy></Acct><TxsSummry><TtlNtries><NbOfNtries>7</NbOfNtries><Sum>7082.09</Sum></TtlNtries><TtlCdtNtries><NbOfNtries>7</NbOfNtries><Sum>7082.09</Sum></TtlCdtNtries><TtlDbtNtries><NbOfNtries>0</NbOfNtries><Sum>0.00</Sum></TtlDbtNtries></TxsSummry><Ntry><Amt Ccy="GBP">15.00</Amt><CdtDbtInd>CRDT</CdtDbtInd><Sts>BOOK</Sts><BookgDt><Dt>2018-09-05</Dt></BookgDt><BkTxCd><Prtry><Cd>SIP UKBA CR 40269</Cd></Prtry></BkTxCd><TxDtls><Refs><EndToEndId>00156284632BBDDHNX</EndToEndId><TxId>00156284632BBDDHNX</TxId></Refs><RltdPties><Dbtr><Nm>KERRYANNE MORGAN</Nm></Dbtr><DbtrAcct><Id><PrtryAcct><Id>09012801910811</Id></PrtryAcct></Id></DbtrAcct><Cdtr><Nm>SAVING</Nm></Cdtr><CdtrAcct><Id><PrtryAcct><Id>23008200321741</Id></PrtryAcct></Id></CdtrAcct><Prtry><Tp>kerry</Tp><Pty/></Prtry></RltdPties><RmtInf><Strd><AddtlRmtInf>NO REF</AddtlRmtInf></Strd><Strd><AddtlRmtInf>KERRYANNE MORGAN//kerry</AddtlRmtInf></Strd></RmtInf><RltdDts><TxDtTm>2018-09-05T15:00:10</TxDtTm></RltdDts><AddtlTxInf>00156284632BBDDHNX1020180905826090128</AddtlTxInf></TxDtls><AddtlNtryInf>COMPLETE//0000//002//CREDIT</AddtlNtryInf></Ntry><Ntry><Amt Ccy="GBP">5460.00</Amt><CdtDbtInd>CRDT</CdtDbtInd><Sts>BOOK</Sts><BookgDt><Dt>2018-09-05</Dt></BookgDt><BkTxCd><Prtry><Cd>SIP UKBA CR 40269</Cd></Prtry></BkTxCd><TxDtls><Refs><EndToEndId>NOREF</EndToEndId><TxId>RP4659983908604900</TxId></Refs><RltdPties><Dbtr><Nm>WMC HOME IMPVMTS</Nm></Dbtr><DbtrAcct><Id><PrtryAcct><Id>20454523423239</Id></PrtryAcct></Id></DbtrAcct><Cdtr><Nm>SJH</Nm></Cdtr><CdtrAcct><Id><PrtryAcct><Id>23008200043726</Id></PrtryAcct></Id></CdtrAcct><Prtry><Tp>BRIMFIELD</Tp><Pty/></Prtry></RltdPties><RmtInf><Strd><AddtlRmtInf>NO REF</AddtlRmtInf></Strd><Strd><AddtlRmtInf>WMC HOME IMPVMTS//BRIMFIELD</AddtlRmtInf></Strd></RmtInf><RltdDts><TxDtTm>2018-09-05T15:08:35</TxDtTm></RltdDts><AddtlTxInf>RP46599839086049001020180905826200026</AddtlTxInf></TxDtls><AddtlNtryInf>COMPLETE//0000//002//CREDIT</AddtlNtryInf></Ntry><Ntry><Amt Ccy="GBP">150.00</Amt><CdtDbtInd>CRDT</CdtDbtInd><Sts>BOOK</Sts><BookgDt><Dt>2018-09-05</Dt></BookgDt><BkTxCd><Prtry><Cd>SIP UKBA CR 40269</Cd></Prtry></BkTxCd><TxDtls><Refs><EndToEndId>NOREF</EndToEndId><TxId>180905151032751922</TxId></Refs><RltdPties><Dbtr><Nm>Jennifer Walmsley</Nm></Dbtr><DbtrAcct><Id><PrtryAcct><Id>77202459894468</Id></PrtryAcct></Id></DbtrAcct><Cdtr><Nm>kris arro</Nm></Cdtr><CdtrAcct><Id><PrtryAcct><Id>23008200414931</Id></PrtryAcct></Id></CdtrAcct></RltdPties><RmtInf><Strd><AddtlRmtInf>NO REF</AddtlRmtInf></Strd><Strd><AddtlRmtInf>Jennifer Walmsley//</AddtlRmtInf></Strd></RmtInf><RltdDts><TxDtTm>2018-09-05T15:10:30</TxDtTm></RltdDts><AddtlTxInf>1809051510327519221020180905826772024</AddtlTxInf></TxDtls><AddtlNtryInf>COMPLETE//0000//002//CREDIT</AddtlNtryInf></Ntry><Ntry><Amt Ccy="GBP">700.00</Amt><CdtDbtInd>CRDT</CdtDbtInd><Sts>BOOK</Sts><BookgDt><Dt>2018-09-05</Dt></BookgDt><BkTxCd><Prtry><Cd>SIP UKBA CR 40269</Cd></Prtry></BkTxCd><TxDtls><Refs><EndToEndId>00152242632BCXYYJR</EndToEndId><TxId>00152242632BCXYYJR</TxId></Refs><RltdPties><Dbtr><Nm>MUKESH MALL</Nm></Dbtr><DbtrAcct><Id><PrtryAcct><Id>09012894082620</Id></PrtryAcct></Id></DbtrAcct><Cdtr><Nm>KAM NEW DATA</Nm></Cdtr><CdtrAcct><Id><PrtryAcct><Id>23008200035727</Id></PrtryAcct></Id></CdtrAcct><Prtry><Tp>data</Tp><Pty/></Prtry></RltdPties><RmtInf><Strd><AddtlRmtInf>NO REF</AddtlRmtInf></Strd><Strd><AddtlRmtInf>MUKESH MALL//data</AddtlRmtInf></Strd></RmtInf><RltdDts><TxDtTm>2018-09-05T15:19:06</TxDtTm></RltdDts><AddtlTxInf>00152242632BCXYYJR1020180905826090128</AddtlTxInf></TxDtls><AddtlNtryInf>COMPLETE//0000//002//CREDIT</AddtlNtryInf></Ntry><Ntry><Amt Ccy="GBP">350.00</Amt><CdtDbtInd>CRDT</CdtDbtInd><Sts>BOOK</Sts><BookgDt><Dt>2018-09-05</Dt></BookgDt><BkTxCd><Prtry><Cd>DCA UKBA CR 40269</Cd></Prtry></BkTxCd><TxDtls><Refs><EndToEndId>NOREF</EndToEndId><TxId>000000013484930301</TxId><Prtry><Tp>STO REF</Tp><Ref>0000</Ref></Prtry></Refs><RltdPties><Dbtr><Nm>EMMANUEL AKPEKI</Nm></Dbtr><DbtrAcct><Id><PrtryAcct><Id>20000013559378</Id></PrtryAcct></Id></DbtrAcct><Cdtr><Nm>NEW BALANCE LTD</Nm></Cdtr><CdtrAcct><Id><PrtryAcct><Id>23008200034056</Id></PrtryAcct></Id></CdtrAcct><Prtry><Tp>CAR REPAIR BALANCE</Tp><Pty/></Prtry></RltdPties><RmtInf><Strd><AddtlRmtInf>NO REF</AddtlRmtInf></Strd><Strd><AddtlRmtInf>EMMANUEL AKPEKI//CAR REPAIR BALANCE</AddtlRmtInf></Strd></RmtInf><RltdDts><TxDtTm>2018-09-05T15:22:53</TxDtTm></RltdDts><AddtlTxInf>0000000134849303015020180905826200000</AddtlTxInf></TxDtls><AddtlNtryInf>COMPLETE//0000//002//CREDIT</AddtlNtryInf></Ntry><Ntry><Amt Ccy="GBP">47.09</Amt><CdtDbtInd>CRDT</CdtDbtInd><Sts>BOOK</Sts><BookgDt><Dt>2018-09-05</Dt></BookgDt><BkTxCd><Prtry><Cd>SIP UKBA CR 40269</Cd></Prtry></BkTxCd><TxDtls><Refs><EndToEndId>1123012442</EndToEndId><TxId>780307434900</TxId></Refs><RltdPties><DbtrAcct><Id><PrtryAcct><Id>18500818405549</Id></PrtryAcct></Id></DbtrAcct><Cdtr><Nm>Sean Draper</Nm></Cdtr><CdtrAcct><Id><PrtryAcct><Id>23008200422874</Id></PrtryAcct></Id></CdtrAcct><Prtry><Tp>1123012442</Tp><Pty/></Prtry></RltdPties><RmtInf><Strd><RfrdDocInf><RfrdDocTp><Prtry>002</Prtry></RfrdDocTp></RfrdDocInf><AddtlRmtInf>1123012442</AddtlRmtInf></Strd><Strd><AddtlRmtInf>185008 18405549//1123012442</AddtlRmtInf></Strd></RmtInf><RltdDts><TxDtTm>2018-09-05T15:24:55</TxDtTm></RltdDts><AddtlTxInf>780307434900      1020180905826185008</AddtlTxInf></TxDtls><AddtlNtryInf>COMPLETE//0000//002//CREDIT</AddtlNtryInf></Ntry><Ntry><Amt Ccy="GBP">360.00</Amt><CdtDbtInd>CRDT</CdtDbtInd><Sts>BOOK</Sts><BookgDt><Dt>2018-09-05</Dt></BookgDt><BkTxCd><Prtry><Cd>SIP UKBA CR 40269</Cd></Prtry></BkTxCd><TxDtls><Refs><EndToEndId>NOREF</EndToEndId><TxId>100000000384571694</TxId></Refs><RltdPties><Dbtr><Nm>O Clews</Nm></Dbtr><DbtrAcct><Id><PrtryAcct><Id>30987110818563</Id></PrtryAcct></Id></DbtrAcct><Cdtr><Nm>LEE ADAMS</Nm></Cdtr><CdtrAcct><Id><PrtryAcct><Id>23008200217463</Id></PrtryAcct></Id></CdtrAcct><Prtry><Tp>CRAIG</Tp><Pty/></Prtry></RltdPties><RmtInf><Strd><AddtlRmtInf>NO REF</AddtlRmtInf></Strd><Strd><AddtlRmtInf>O Clews//CRAIG</AddtlRmtInf></Strd></RmtInf><RltdDts><TxDtTm>2018-09-05T15:25:25</TxDtTm></RltdDts><AddtlTxInf>1000000003845716941020180905826309871</AddtlTxInf></TxDtls><AddtlNtryInf>COMPLETE//0000//002//CREDIT</AddtlNtryInf></Ntry></Ntfctn></BkToCstmrDbtCdtNtfctnV01></Document>