<?xml version="1.0" encoding="UTF-8"?><Document xmlns:xsi="http://www.w3.org/2001/XMLSchema-instance" xmlns="urn:iso:std:iso:20022:tech:xsd:camt.054.001.01"><BkToCstmrDbtCdtNtfctnV01><GrpHdr><MsgId>80309K//13167</MsgId><CreDtTm>2018-09-22T00:30:00</CreDtTm></GrpHdr><Ntfctn><Id>80309K//13167//1</Id><CreDtTm>2018-09-22T00:30:00</CreDtTm><Acct><Id><PrtryAcct><Id>20594233939774</Id></PrtryAcct></Id><Ccy>GBP</Ccy></Acct><TxsSummry><TtlNtries><NbOfNtries>4</NbOfNtries><Sum>245.01</Sum></TtlNtries><TtlCdtNtries><NbOfNtries>4</NbOfNtries><Sum>245.01</Sum></TtlCdtNtries><TtlDbtNtries><NbOfNtries>0</NbOfNtries><Sum>0.00</Sum></TtlDbtNtries></TxsSummry><Ntry><Amt Ccy="GBP">45.00</Amt><CdtDbtInd>CRDT</CdtDbtInd><Sts>BOOK</Sts><BookgDt><Dt>2018-09-24</Dt></BookgDt><BkTxCd><Prtry><Cd>SIP UKBA CR 40269</Cd></Prtry></BkTxCd><TxDtls><Refs><EndToEndId>00151278632BBDJXWP</EndToEndId><TxId>00151278632BBDJXWP</TxId></Refs><RltdPties><Dbtr><Nm>LAUREN ROBERTS</Nm></Dbtr><DbtrAcct><Id><PrtryAcct><Id>09012738105281</Id></PrtryAcct></Id></DbtrAcct><Cdtr><Nm>KATIE DAVIES</Nm></Cdtr><CdtrAcct><Id><PrtryAcct><Id>23008200458919</Id></PrtryAcct></Id></CdtrAcct><Prtry><Tp>WHP MK</Tp><Pty/></Prtry></RltdPties><RmtInf><Strd><AddtlRmtInf>NO REF</AddtlRmtInf></Strd><Strd><AddtlRmtInf>LAUREN ROBERTS//WHP MK</AddtlRmtInf></Strd></RmtInf><RltdDts><TxDtTm>2018-09-22T00:11:27</TxDtTm></RltdDts><AddtlTxInf>00151278632BBDJXWP1020180922826090127</AddtlTxInf></TxDtls><AddtlNtryInf>COMPLETE//0000//003//CREDIT</AddtlNtryInf></Ntry><Ntry><Amt Ccy="GBP">0.01</Amt><CdtDbtInd>CRDT</CdtDbtInd><Sts>BOOK</Sts><BookgDt><Dt>2018-09-24</Dt></BookgDt><BkTxCd><Prtry><Cd>SIP UKBA CR 40269</Cd></Prtry></BkTxCd><TxDtls><Refs><EndToEndId>PPRD00000000AP7N1Y</EndToEndId><TxId>PPRD00000000AP7N1Y</TxId></Refs><RltdPties><Dbtr><Nm>PAYPAL CODE 4156</Nm><PstlAdr><AdrLine>2211 N 1st Street San Jose CA 95131</AdrLine><Ctry/></PstlAdr></Dbtr><DbtrAcct><Id><PrtryAcct><Id>23526285010101</Id></PrtryAcct></Id></DbtrAcct><Cdtr><Nm>Cherie Smith</Nm><PstlAdr><AdrLine>2 Abdale Road</AdrLine><Ctry/></PstlAdr></Cdtr><CdtrAcct><Id><PrtryAcct><Id>23008200447045</Id></PrtryAcct></Id></CdtrAcct><Prtry><Tp>PAYPAL CODE 4156</Tp><Pty/></Prtry></RltdPties><RmtInf><Strd><RfrdDocInf><RfrdDocTp><Prtry>002</Prtry></RfrdDocTp></RfrdDocInf><AddtlRmtInf>NO REF</AddtlRmtInf></Strd><Strd><AddtlRmtInf>PAYPAL CODE 4156//PAYPAL CODE 4156</AddtlRmtInf></Strd></RmtInf><RltdDts><TxDtTm>2018-09-22T00:21:14</TxDtTm></RltdDts><AddtlTxInf>PPRD00000000AP7N1Y1020180922826235262</AddtlTxInf></TxDtls><AddtlNtryInf>COMPLETE//0000//003//CREDIT</AddtlNtryInf></Ntry><Ntry><Amt Ccy="GBP">160.00</Amt><CdtDbtInd>CRDT</CdtDbtInd><Sts>BOOK</Sts><BookgDt><Dt>2018-09-24</Dt></BookgDt><BkTxCd><Prtry><Cd>DCA UKBA CR 40269</Cd></Prtry></BkTxCd><TxDtls><Refs><EndToEndId>NOREF</EndToEndId><TxId>000000013638801201</TxId><Prtry><Tp>STO REF</Tp><Ref>5421</Ref></Prtry></Refs><RltdPties><Dbtr><Nm>M SULEV</Nm></Dbtr><DbtrAcct><Id><PrtryAcct><Id>20035373152596</Id></PrtryAcct></Id></DbtrAcct><Cdtr><Nm>MARIAN KAMLE</Nm></Cdtr><CdtrAcct><Id><PrtryAcct><Id>23008200413249</Id></PrtryAcct></Id></CdtrAcct><Prtry><Tp>MARIAN KAMLE</Tp><Pty/></Prtry></RltdPties><RmtInf><Strd><AddtlRmtInf>NO REF</AddtlRmtInf></Strd><Strd><AddtlRmtInf>M SULEV//MARIAN KAMLE</AddtlRmtInf></Strd></RmtInf><RltdDts><TxDtTm>2018-09-22T00:21:30</TxDtTm></RltdDts><AddtlTxInf>0000000136388012015020180922826200353</AddtlTxInf></TxDtls><AddtlNtryInf>COMPLETE//0000//003//CREDIT</AddtlNtryInf></Ntry><Ntry><Amt Ccy="GBP">40.00</Amt><CdtDbtInd>CRDT</CdtDbtInd><Sts>BOOK</Sts><BookgDt><Dt>2018-09-24</Dt></BookgDt><BkTxCd><Prtry><Cd>SIP UKBA CR 40269</Cd></Prtry></BkTxCd><TxDtls><Refs><EndToEndId>NOREF</EndToEndId><TxId>300000000394506328</TxId></Refs><RltdPties><Dbtr><Nm>I Ilori</Nm></Dbtr><DbtrAcct><Id><PrtryAcct><Id>11000109331846</Id></PrtryAcct></Id></DbtrAcct><Cdtr><Nm>MR S OMILEKE</Nm></Cdtr><CdtrAcct><Id><PrtryAcct><Id>23008200441448</Id></PrtryAcct></Id></CdtrAcct></RltdPties><RmtInf><Strd><AddtlRmtInf>NO REF</AddtlRmtInf></Strd><Strd><AddtlRmtInf>I Ilori//</AddtlRmtInf></Strd></RmtInf><RltdDts><TxDtTm>2018-09-22T00:28:02</TxDtTm></RltdDts><AddtlTxInf>3000000003945063281020180922826110001</AddtlTxInf></TxDtls><AddtlNtryInf>COMPLETE//0000//003//CREDIT</AddtlNtryInf></Ntry></Ntfctn></BkToCstmrDbtCdtNtfctnV01></Document>