<?xml version="1.0" encoding="UTF-8"?><Document xmlns:xsi="http://www.w3.org/2001/XMLSchema-instance" xmlns="urn:iso:std:iso:20022:tech:xsd:camt.054.001.01"><BkToCstmrDbtCdtNtfctnV01><GrpHdr><MsgId>80309K//12937</MsgId><CreDtTm>2018-09-16T20:30:00</CreDtTm></GrpHdr><Ntfctn><Id>80309K//12937//1</Id><CreDtTm>2018-09-16T20:30:00</CreDtTm><Acct><Id><PrtryAcct><Id>20594233939774</Id></PrtryAcct></Id><Ccy>GBP</Ccy></Acct><TxsSummry><TtlNtries><NbOfNtries>4</NbOfNtries><Sum>211.00</Sum></TtlNtries><TtlCdtNtries><NbOfNtries>4</NbOfNtries><Sum>211.00</Sum></TtlCdtNtries><TtlDbtNtries><NbOfNtries>0</NbOfNtries><Sum>0.00</Sum></TtlDbtNtries></TxsSummry><Ntry><Amt Ccy="GBP">9.00</Amt><CdtDbtInd>CRDT</CdtDbtInd><Sts>BOOK</Sts><BookgDt><Dt>2018-09-17</Dt></BookgDt><BkTxCd><Prtry><Cd>DCA UKBA CR 40269</Cd></Prtry></BkTxCd><TxDtls><Refs><EndToEndId>NOREF</EndToEndId><TxId>000000013579125701</TxId><Prtry><Tp>STO REF</Tp><Ref>0000</Ref></Prtry></Refs><RltdPties><Dbtr><Nm>23327202121214</Nm></Dbtr><DbtrAcct><Id><PrtryAcct><Id>20594263428524</Id></PrtryAcct></Id></DbtrAcct><Cdtr><Nm>SHIRLEY SCANLON</Nm></Cdtr><CdtrAcct><Id><PrtryAcct><Id>23008200383828</Id></PrtryAcct></Id></CdtrAcct><Prtry><Tp>POCKET</Tp><Pty/></Prtry></RltdPties><RmtInf><Strd><AddtlRmtInf>NO REF</AddtlRmtInf></Strd><Strd><AddtlRmtInf>23327202121214//POCKET</AddtlRmtInf></Strd></RmtInf><RltdDts><TxDtTm>2018-09-16T20:17:05</TxDtTm></RltdDts><AddtlTxInf>0000000135791257015020180916826205942</AddtlTxInf></TxDtls><AddtlNtryInf>COMPLETE//0000//003//CREDIT</AddtlNtryInf></Ntry><Ntry><Amt Ccy="GBP">80.00</Amt><CdtDbtInd>CRDT</CdtDbtInd><Sts>BOOK</Sts><BookgDt><Dt>2018-09-17</Dt></BookgDt><BkTxCd><Prtry><Cd>SIP UKBA CR 40269</Cd></Prtry></BkTxCd><TxDtls><Refs><EndToEndId>PPWD00000000ANSU0Y</EndToEndId><TxId>PPWD00000000ANSU0Y</TxId></Refs><RltdPties><Dbtr><Nm>PayPal</Nm><PstlAdr><AdrLine>2211 N 1st Street San Jose CA 95131</AdrLine><Ctry/></PstlAdr></Dbtr><DbtrAcct><Id><PrtryAcct><Id>23526278959595</Id></PrtryAcct></Id></DbtrAcct><Cdtr><Nm>Soulful Records Ltd</Nm><PstlAdr><AdrLine>27 Commercial Street</AdrLine><Ctry/></PstlAdr></Cdtr><CdtrAcct><Id><PrtryAcct><Id>23008200035140</Id></PrtryAcct></Id></CdtrAcct><Prtry><Tp>PPWDL5FNJ2AL58KTD4</Tp><Pty/></Prtry></RltdPties><RmtInf><Strd><RfrdDocInf><RfrdDocTp><Prtry>002</Prtry></RfrdDocTp></RfrdDocInf><AddtlRmtInf>NO REF</AddtlRmtInf></Strd><Strd><AddtlRmtInf>PayPal//PPWDL5FNJ2AL58KTD4</AddtlRmtInf></Strd></RmtInf><RltdDts><TxDtTm>2018-09-16T20:23:32</TxDtTm></RltdDts><AddtlTxInf>PPWD00000000ANSU0Y1020180916826235262</AddtlTxInf></TxDtls><AddtlNtryInf>COMPLETE//0000//003//CREDIT</AddtlNtryInf></Ntry><Ntry><Amt Ccy="GBP">72.00</Amt><CdtDbtInd>CRDT</CdtDbtInd><Sts>BOOK</Sts><BookgDt><Dt>2018-09-17</Dt></BookgDt><BkTxCd><Prtry><Cd>SIP UKBA CR 40269</Cd></Prtry></BkTxCd><TxDtls><Refs><EndToEndId>NOREF</EndToEndId><TxId>400000000394005717</TxId></Refs><RltdPties><Dbtr><Nm>J Wallis</Nm></Dbtr><DbtrAcct><Id><PrtryAcct><Id>30876023349168</Id></PrtryAcct></Id></DbtrAcct><Cdtr><Nm>J W</Nm></Cdtr><CdtrAcct><Id><PrtryAcct><Id>23008200235123</Id></PrtryAcct></Id></CdtrAcct><Prtry><Tp>A</Tp><Pty/></Prtry></RltdPties><RmtInf><Strd><AddtlRmtInf>NO REF</AddtlRmtInf></Strd><Strd><AddtlRmtInf>J Wallis//A</AddtlRmtInf></Strd></RmtInf><RltdDts><TxDtTm>2018-09-16T20:26:05</TxDtTm></RltdDts><AddtlTxInf>4000000003940057171020180916826308760</AddtlTxInf></TxDtls><AddtlNtryInf>COMPLETE//0000//003//CREDIT</AddtlNtryInf></Ntry><Ntry><Amt Ccy="GBP">50.00</Amt><CdtDbtInd>CRDT</CdtDbtInd><Sts>BOOK</Sts><BookgDt><Dt>2018-09-17</Dt></BookgDt><BkTxCd><Prtry><Cd>SIP UKBA CR 40269</Cd></Prtry></BkTxCd><TxDtls><Refs><EndToEndId>NOREF</EndToEndId><TxId>RP4659984683732700</TxId></Refs><RltdPties><Dbtr><Nm>FUND FOR YOU LTD</Nm></Dbtr><DbtrAcct><Id><PrtryAcct><Id>20454563480917</Id></PrtryAcct></Id></DbtrAcct><Cdtr><Nm>LEE EXP</Nm></Cdtr><CdtrAcct><Id><PrtryAcct><Id>23008200207228</Id></PrtryAcct></Id></CdtrAcct><Prtry><Tp>EXP</Tp><Pty/></Prtry></RltdPties><RmtInf><Strd><AddtlRmtInf>NO REF</AddtlRmtInf></Strd><Strd><AddtlRmtInf>FUND FOR YOU LTD//EXP</AddtlRmtInf></Strd></RmtInf><RltdDts><TxDtTm>2018-09-16T20:27:03</TxDtTm></RltdDts><AddtlTxInf>RP46599846837327001020180916826200026</AddtlTxInf></TxDtls><AddtlNtryInf>COMPLETE//0000//003//CREDIT</AddtlNtryInf></Ntry></Ntfctn></BkToCstmrDbtCdtNtfctnV01></Document>