<?xml version="1.0" encoding="UTF-8"?><Document xmlns:xsi="http://www.w3.org/2001/XMLSchema-instance" xmlns="urn:iso:std:iso:20022:tech:xsd:camt.054.001.01"><BkToCstmrDbtCdtNtfctnV01><GrpHdr><MsgId>80309K//12286</MsgId><CreDtTm>2018-09-01T18:00:00</CreDtTm></GrpHdr><Ntfctn><Id>80309K//12286//1</Id><CreDtTm>2018-09-01T18:00:00</CreDtTm><Acct><Id><PrtryAcct><Id>20594233939774</Id></PrtryAcct></Id><Ccy>GBP</Ccy></Acct><TxsSummry><TtlNtries><NbOfNtries>7</NbOfNtries><Sum>312.01</Sum></TtlNtries><TtlCdtNtries><NbOfNtries>7</NbOfNtries><Sum>312.01</Sum></TtlCdtNtries><TtlDbtNtries><NbOfNtries>0</NbOfNtries><Sum>0.00</Sum></TtlDbtNtries></TxsSummry><Ntry><Amt Ccy="GBP">0.01</Amt><CdtDbtInd>CRDT</CdtDbtInd><Sts>BOOK</Sts><BookgDt><Dt>2018-09-03</Dt></BookgDt><BkTxCd><Prtry><Cd>SIP UKBA CR 40269</Cd></Prtry></BkTxCd><TxDtls><Refs><EndToEndId>PPRD00000000AK136W</EndToEndId><TxId>PPRD00000000AK136W</TxId></Refs><RltdPties><Dbtr><Nm>PAYPAL CODE 4383</Nm><PstlAdr><AdrLine>2211 N 1st Street San Jose CA 95131</AdrLine><Ctry/></PstlAdr></Dbtr><DbtrAcct><Id><PrtryAcct><Id>23526285010101</Id></PrtryAcct></Id></DbtrAcct><Cdtr><Nm>tracie hevey</Nm><PstlAdr><AdrLine>14 Nolan Street</AdrLine><Ctry/></PstlAdr></Cdtr><CdtrAcct><Id><PrtryAcct><Id>23008200425609</Id></PrtryAcct></Id></CdtrAcct><Prtry><Tp>PAYPAL CODE 4383</Tp><Pty/></Prtry></RltdPties><RmtInf><Strd><RfrdDocInf><RfrdDocTp><Prtry>002</Prtry></RfrdDocTp></RfrdDocInf><AddtlRmtInf>NO REF</AddtlRmtInf></Strd><Strd><AddtlRmtInf>PAYPAL CODE 4383//PAYPAL CODE 4383</AddtlRmtInf></Strd></RmtInf><RltdDts><TxDtTm>2018-09-01T17:34:41</TxDtTm></RltdDts><AddtlTxInf>PPRD00000000AK136W1020180901826235262</AddtlTxInf></TxDtls><AddtlNtryInf>COMPLETE//0000//003//CREDIT</AddtlNtryInf></Ntry><Ntry><Amt Ccy="GBP">90.00</Amt><CdtDbtInd>CRDT</CdtDbtInd><Sts>BOOK</Sts><BookgDt><Dt>2018-09-03</Dt></BookgDt><BkTxCd><Prtry><Cd>SIP UKBA CR 40269</Cd></Prtry></BkTxCd><TxDtls><Refs><EndToEndId>00153425632BVTVNMB</EndToEndId><TxId>00153425632BVTVNMB</TxId></Refs><RltdPties><Dbtr><Nm>JOHNSON ADEBAYO</Nm></Dbtr><DbtrAcct><Id><PrtryAcct><Id>09012904500872</Id></PrtryAcct></Id></DbtrAcct><Cdtr><Nm>TANNES SOLUTIONS</Nm></Cdtr><CdtrAcct><Id><PrtryAcct><Id>23008200220991</Id></PrtryAcct></Id></CdtrAcct><Prtry><Tp>Johnson Adebayo</Tp><Pty/></Prtry></RltdPties><RmtInf><Strd><AddtlRmtInf>NO REF</AddtlRmtInf></Strd><Strd><AddtlRmtInf>JOHNSON ADEBAYO//Johnson Adebayo</AddtlRmtInf></Strd></RmtInf><RltdDts><TxDtTm>2018-09-01T17:41:15</TxDtTm></RltdDts><AddtlTxInf>00153425632BVTVNMB1020180901826090129</AddtlTxInf></TxDtls><AddtlNtryInf>COMPLETE//0000//003//CREDIT</AddtlNtryInf></Ntry><Ntry><Amt Ccy="GBP">150.00</Amt><CdtDbtInd>CRDT</CdtDbtInd><Sts>BOOK</Sts><BookgDt><Dt>2018-09-03</Dt></BookgDt><BkTxCd><Prtry><Cd>SIP UKBA CR 40269</Cd></Prtry></BkTxCd><TxDtls><Refs><EndToEndId>PPWD00000000AK17NK</EndToEndId><TxId>PPWD00000000AK17NK</TxId></Refs><RltdPties><Dbtr><Nm>PayPal</Nm><PstlAdr><AdrLine>2211 N 1st Street San Jose CA 95131</AdrLine><Ctry/></PstlAdr></Dbtr><DbtrAcct><Id><PrtryAcct><Id>23526278959595</Id></PrtryAcct></Id></DbtrAcct><Cdtr><Nm>Zipporah Quartey</Nm><PstlAdr><AdrLine>10 Ada walk</AdrLine><Ctry/></PstlAdr></Cdtr><CdtrAcct><Id><PrtryAcct><Id>23008200182550</Id></PrtryAcct></Id></CdtrAcct><Prtry><Tp>PPWDL5GRJ2AKQEEPJE</Tp><Pty/></Prtry></RltdPties><RmtInf><Strd><RfrdDocInf><RfrdDocTp><Prtry>002</Prtry></RfrdDocTp></RfrdDocInf><AddtlRmtInf>NO REF</AddtlRmtInf></Strd><Strd><AddtlRmtInf>PayPal//PPWDL5GRJ2AKQEEPJE</AddtlRmtInf></Strd></RmtInf><RltdDts><TxDtTm>2018-09-01T17:51:02</TxDtTm></RltdDts><AddtlTxInf>PPWD00000000AK17NK1020180901826235262</AddtlTxInf></TxDtls><AddtlNtryInf>COMPLETE//0000//003//CREDIT</AddtlNtryInf></Ntry><Ntry><Amt Ccy="GBP">20.00</Amt><CdtDbtInd>CRDT</CdtDbtInd><Sts>BOOK</Sts><BookgDt><Dt>2018-09-03</Dt></BookgDt><BkTxCd><Prtry><Cd>SIP UKBA CR 40269</Cd></Prtry></BkTxCd><TxDtls><Refs><EndToEndId>NOREF</EndToEndId><TxId>RP4679960354805200</TxId></Refs><RltdPties><Dbtr><Nm>ROUAFI S A</Nm></Dbtr><DbtrAcct><Id><PrtryAcct><Id>20254263824780</Id></PrtryAcct></Id></DbtrAcct><Cdtr><Nm>DJAMEL CHARMAIT</Nm></Cdtr><CdtrAcct><Id><PrtryAcct><Id>23008200206335</Id></PrtryAcct></Id></CdtrAcct><Prtry><Tp>MADRID</Tp><Pty/></Prtry></RltdPties><RmtInf><Strd><AddtlRmtInf>NO REF</AddtlRmtInf></Strd><Strd><AddtlRmtInf>ROUAFI S A//MADRID</AddtlRmtInf></Strd></RmtInf><RltdDts><TxDtTm>2018-09-01T17:51:48</TxDtTm></RltdDts><AddtlTxInf>RP46799603548052001020180901826200026</AddtlTxInf></TxDtls><AddtlNtryInf>COMPLETE//0000//003//CREDIT</AddtlNtryInf></Ntry><Ntry><Amt Ccy="GBP">30.00</Amt><CdtDbtInd>CRDT</CdtDbtInd><Sts>BOOK</Sts><BookgDt><Dt>2018-09-03</Dt></BookgDt><BkTxCd><Prtry><Cd>DCA UKBA CR 40269</Cd></Prtry></BkTxCd><TxDtls><Refs><EndToEndId>NOREF</EndToEndId><TxId>000000013444732001</TxId><Prtry><Tp>STO REF</Tp><Ref>4233</Ref></Prtry></Refs><RltdPties><Dbtr><Nm>XUEFENG HE</Nm></Dbtr><DbtrAcct><Id><PrtryAcct><Id>20035373152596</Id></PrtryAcct></Id></DbtrAcct><Cdtr><Nm>JIANG ZHANG</Nm></Cdtr><CdtrAcct><Id><PrtryAcct><Id>23008200178417</Id></PrtryAcct></Id></CdtrAcct><Prtry><Tp>JIANG ZHANG</Tp><Pty/></Prtry></RltdPties><RmtInf><Strd><AddtlRmtInf>NO REF</AddtlRmtInf></Strd><Strd><AddtlRmtInf>XUEFENG HE//JIANG ZHANG</AddtlRmtInf></Strd></RmtInf><RltdDts><TxDtTm>2018-09-01T17:52:30</TxDtTm></RltdDts><AddtlTxInf>0000000134447320015020180901826200353</AddtlTxInf></TxDtls><AddtlNtryInf>COMPLETE//0000//003//CREDIT</AddtlNtryInf></Ntry><Ntry><Amt Ccy="GBP">20.00</Amt><CdtDbtInd>CRDT</CdtDbtInd><Sts>BOOK</Sts><BookgDt><Dt>2018-09-03</Dt></BookgDt><BkTxCd><Prtry><Cd>SIP UKBA CR 40269</Cd></Prtry></BkTxCd><TxDtls><Refs><EndToEndId>78 SOUTHFIELD</EndToEndId><TxId>51175353005492000N</TxId><Prtry><Tp>STO REF</Tp><Ref>0000</Ref></Prtry></Refs><RltdPties><Dbtr><Nm>WHITTAKER B &amp; P</Nm></Dbtr><DbtrAcct><Id><PrtryAcct><Id>54410043301789</Id></PrtryAcct></Id></DbtrAcct><Cdtr><Nm>MOO TO YOU</Nm></Cdtr><CdtrAcct><Id><PrtryAcct><Id>23008200039585</Id></PrtryAcct></Id></CdtrAcct><Prtry><Tp>78 SOUTHFIELD</Tp><Pty/></Prtry></RltdPties><RmtInf><Strd><AddtlRmtInf>WHITTAKER B &amp; P   78 SOUTHFIELD     VIA MOBILE - LVP</AddtlRmtInf></Strd><Strd><AddtlRmtInf>WHITTAKER B &amp; P//78 SOUTHFIELD</AddtlRmtInf></Strd></RmtInf><RltdDts><TxDtTm>2018-09-01T17:53:53</TxDtTm></RltdDts><AddtlTxInf>51175353005492000N1020180901826544100</AddtlTxInf></TxDtls><AddtlNtryInf>COMPLETE//0000//003//CREDIT</AddtlNtryInf></Ntry><Ntry><Amt Ccy="GBP">2.00</Amt><CdtDbtInd>CRDT</CdtDbtInd><Sts>BOOK</Sts><BookgDt><Dt>2018-09-03</Dt></BookgDt><BkTxCd><Prtry><Cd>SIP UKBA CR 40269</Cd></Prtry></BkTxCd><TxDtls><Refs><EndToEndId>NOREF</EndToEndId><TxId>YBBPI1759212012955</TxId></Refs><RltdPties><Dbtr><Nm>LASZLO HOROG</Nm></Dbtr><DbtrAcct><Id><PrtryAcct><Id>05000503486123</Id></PrtryAcct></Id></DbtrAcct><Cdtr><Nm>Arrolaz</Nm></Cdtr><CdtrAcct><Id><PrtryAcct><Id>23008200343624</Id></PrtryAcct></Id></CdtrAcct><Prtry><Tp>lasz arro</Tp><Pty/></Prtry></RltdPties><RmtInf><Strd><RfrdDocInf><RfrdDocTp><Prtry>002</Prtry></RfrdDocTp></RfrdDocInf><AddtlRmtInf>NO REF</AddtlRmtInf></Strd><Strd><AddtlRmtInf>LASZLO HOROG//lasz arro</AddtlRmtInf></Strd></RmtInf><RltdDts><TxDtTm>2018-09-01T17:59:22</TxDtTm></RltdDts><AddtlTxInf>YBBPI17592120129551020180901826050005</AddtlTxInf></TxDtls><AddtlNtryInf>COMPLETE//0000//003//CREDIT</AddtlNtryInf></Ntry></Ntfctn></BkToCstmrDbtCdtNtfctnV01></Document>