<?xml version="1.0" encoding="UTF-8"?><Document xmlns:xsi="http://www.w3.org/2001/XMLSchema-instance" xmlns="urn:iso:std:iso:20022:tech:xsd:camt.054.001.01"><BkToCstmrDbtCdtNtfctnV01><GrpHdr><MsgId>80309K//12983</MsgId><CreDtTm>2018-09-17T21:00:00</CreDtTm></GrpHdr><Ntfctn><Id>80309K//12983//1</Id><CreDtTm>2018-09-17T21:00:00</CreDtTm><Acct><Id><PrtryAcct><Id>20594233939774</Id></PrtryAcct></Id><Ccy>GBP</Ccy></Acct><TxsSummry><TtlNtries><NbOfNtries>9</NbOfNtries><Sum>2547.43</Sum></TtlNtries><TtlCdtNtries><NbOfNtries>9</NbOfNtries><Sum>2547.43</Sum></TtlCdtNtries><TtlDbtNtries><NbOfNtries>0</NbOfNtries><Sum>0.00</Sum></TtlDbtNtries></TxsSummry><Ntry><Amt Ccy="GBP">500.00</Amt><CdtDbtInd>CRDT</CdtDbtInd><Sts>BOOK</Sts><BookgDt><Dt>2018-09-18</Dt></BookgDt><BkTxCd><Prtry><Cd>SIP UKBA CR 40269</Cd></Prtry></BkTxCd><TxDtls><Refs><EndToEndId>NOREF</EndToEndId><TxId>CBBPI2044182228367</TxId></Refs><RltdPties><Dbtr><Nm>ROBERT JOHNSTONE</Nm></Dbtr><DbtrAcct><Id><PrtryAcct><Id>82450510063223</Id></PrtryAcct></Id></DbtrAcct><Cdtr><Nm>En</Nm></Cdtr><CdtrAcct><Id><PrtryAcct><Id>23008200438539</Id></PrtryAcct></Id></CdtrAcct><Prtry><Tp>Kitch</Tp><Pty/></Prtry></RltdPties><RmtInf><Strd><RfrdDocInf><RfrdDocTp><Prtry>002</Prtry></RfrdDocTp></RfrdDocInf><AddtlRmtInf>NO REF</AddtlRmtInf></Strd><Strd><AddtlRmtInf>ROBERT JOHNSTONE//Kitch</AddtlRmtInf></Strd></RmtInf><RltdDts><TxDtTm>2018-09-17T20:44:18</TxDtTm></RltdDts><AddtlTxInf>CBBPI20441822283671020180917826824505</AddtlTxInf></TxDtls><AddtlNtryInf>COMPLETE//0000//003//CREDIT</AddtlNtryInf></Ntry><Ntry><Amt Ccy="GBP">0.01</Amt><CdtDbtInd>CRDT</CdtDbtInd><Sts>BOOK</Sts><BookgDt><Dt>2018-09-18</Dt></BookgDt><BkTxCd><Prtry><Cd>SIP UKBA CR 40269</Cd></Prtry></BkTxCd><TxDtls><Refs><EndToEndId>PPRD00000000AO3EF2</EndToEndId><TxId>PPRD00000000AO3EF2</TxId></Refs><RltdPties><Dbtr><Nm>PAYPAL CODE 4558</Nm><PstlAdr><AdrLine>2211 N 1st Street San Jose CA 95131</AdrLine><Ctry/></PstlAdr></Dbtr><DbtrAcct><Id><PrtryAcct><Id>23526285010101</Id></PrtryAcct></Id></DbtrAcct><Cdtr><Nm>Conner  Robbins</Nm><PstlAdr><AdrLine>12, Greenditch Avenue</AdrLine><Ctry/></PstlAdr></Cdtr><CdtrAcct><Id><PrtryAcct><Id>23008200449342</Id></PrtryAcct></Id></CdtrAcct><Prtry><Tp>PAYPAL CODE 4558</Tp><Pty/></Prtry></RltdPties><RmtInf><Strd><RfrdDocInf><RfrdDocTp><Prtry>002</Prtry></RfrdDocTp></RfrdDocInf><AddtlRmtInf>NO REF</AddtlRmtInf></Strd><Strd><AddtlRmtInf>PAYPAL CODE 4558//PAYPAL CODE 4558</AddtlRmtInf></Strd></RmtInf><RltdDts><TxDtTm>2018-09-17T20:45:22</TxDtTm></RltdDts><AddtlTxInf>PPRD00000000AO3EF21020180917826235262</AddtlTxInf></TxDtls><AddtlNtryInf>COMPLETE//0000//003//CREDIT</AddtlNtryInf></Ntry><Ntry><Amt Ccy="GBP">500.00</Amt><CdtDbtInd>CRDT</CdtDbtInd><Sts>BOOK</Sts><BookgDt><Dt>2018-09-18</Dt></BookgDt><BkTxCd><Prtry><Cd>SIP UKBA CR 40269</Cd></Prtry></BkTxCd><TxDtls><Refs><EndToEndId>NOREF</EndToEndId><TxId>CBBPI2047542206369</TxId></Refs><RltdPties><Dbtr><Nm>ROBERT JOHNSTONE</Nm></Dbtr><DbtrAcct><Id><PrtryAcct><Id>82450510063223</Id></PrtryAcct></Id></DbtrAcct><Cdtr><Nm>Buz</Nm></Cdtr><CdtrAcct><Id><PrtryAcct><Id>23008200438833</Id></PrtryAcct></Id></CdtrAcct><Prtry><Tp>Star</Tp><Pty/></Prtry></RltdPties><RmtInf><Strd><RfrdDocInf><RfrdDocTp><Prtry>002</Prtry></RfrdDocTp></RfrdDocInf><AddtlRmtInf>NO REF</AddtlRmtInf></Strd><Strd><AddtlRmtInf>ROBERT JOHNSTONE//Star</AddtlRmtInf></Strd></RmtInf><RltdDts><TxDtTm>2018-09-17T20:47:55</TxDtTm></RltdDts><AddtlTxInf>CBBPI20475422063691020180917826824505</AddtlTxInf></TxDtls><AddtlNtryInf>COMPLETE//0000//003//CREDIT</AddtlNtryInf></Ntry><Ntry><Amt Ccy="GBP">2.70</Amt><CdtDbtInd>CRDT</CdtDbtInd><Sts>BOOK</Sts><BookgDt><Dt>2018-09-18</Dt></BookgDt><BkTxCd><Prtry><Cd>SIP UKBA CR 40269</Cd></Prtry></BkTxCd><TxDtls><Refs><EndToEndId>JERRY</EndToEndId><TxId>22205127685728000R</TxId><Prtry><Tp>STO REF</Tp><Ref>0000</Ref></Prtry></Refs><RltdPties><Dbtr><Nm>SINGH J</Nm></Dbtr><DbtrAcct><Id><PrtryAcct><Id>83202200242779</Id></PrtryAcct></Id></DbtrAcct><Cdtr><Nm>MR JAGPAL SINGH</Nm></Cdtr><CdtrAcct><Id><PrtryAcct><Id>23008200401300</Id></PrtryAcct></Id></CdtrAcct><Prtry><Tp>JERRY</Tp><Pty/></Prtry></RltdPties><RmtInf><Strd><AddtlRmtInf>SINGH J           JERRY             VIA MOBILE - LVP</AddtlRmtInf></Strd><Strd><AddtlRmtInf>SINGH J//JERRY</AddtlRmtInf></Strd></RmtInf><RltdDts><TxDtTm>2018-09-17T20:51:28</TxDtTm></RltdDts><AddtlTxInf>22205127685728000R1020180917826832022</AddtlTxInf></TxDtls><AddtlNtryInf>COMPLETE//0000//003//CREDIT</AddtlNtryInf></Ntry><Ntry><Amt Ccy="GBP">20.50</Amt><CdtDbtInd>CRDT</CdtDbtInd><Sts>BOOK</Sts><BookgDt><Dt>2018-09-18</Dt></BookgDt><BkTxCd><Prtry><Cd>SIP UKBA CR 40269</Cd></Prtry></BkTxCd><TxDtls><Refs><EndToEndId>NOREF</EndToEndId><TxId>200000000387925072</TxId></Refs><RltdPties><Dbtr><Nm>E Donker</Nm></Dbtr><DbtrAcct><Id><PrtryAcct><Id>30155364864460</Id></PrtryAcct></Id></DbtrAcct><Cdtr><Nm>ADE OLAYINWOLA</Nm></Cdtr><CdtrAcct><Id><PrtryAcct><Id>23008200450398</Id></PrtryAcct></Id></CdtrAcct><Prtry><Tp>PHONE</Tp><Pty/></Prtry></RltdPties><RmtInf><Strd><AddtlRmtInf>NO REF</AddtlRmtInf></Strd><Strd><AddtlRmtInf>E Donker//PHONE</AddtlRmtInf></Strd></RmtInf><RltdDts><TxDtTm>2018-09-17T20:52:56</TxDtTm></RltdDts><AddtlTxInf>2000000003879250721020180917826301553</AddtlTxInf></TxDtls><AddtlNtryInf>COMPLETE//0000//003//CREDIT</AddtlNtryInf></Ntry><Ntry><Amt Ccy="GBP">50.00</Amt><CdtDbtInd>CRDT</CdtDbtInd><Sts>BOOK</Sts><BookgDt><Dt>2018-09-18</Dt></BookgDt><BkTxCd><Prtry><Cd>SIP UKBA CR 40269</Cd></Prtry></BkTxCd><TxDtls><Refs><EndToEndId>NOREF</EndToEndId><TxId>100000000387932834</TxId></Refs><RltdPties><Dbtr><Nm>M Olatunji</Nm></Dbtr><DbtrAcct><Id><PrtryAcct><Id>11171311814166</Id></PrtryAcct></Id></DbtrAcct><Cdtr><Nm>TANNES LTD</Nm></Cdtr><CdtrAcct><Id><PrtryAcct><Id>23008200220991</Id></PrtryAcct></Id></CdtrAcct><Prtry><Tp>MICHAEL</Tp><Pty/></Prtry></RltdPties><RmtInf><Strd><AddtlRmtInf>NO REF</AddtlRmtInf></Strd><Strd><AddtlRmtInf>M Olatunji//MICHAEL</AddtlRmtInf></Strd></RmtInf><RltdDts><TxDtTm>2018-09-17T20:53:41</TxDtTm></RltdDts><AddtlTxInf>1000000003879328341020180917826111713</AddtlTxInf></TxDtls><AddtlNtryInf>COMPLETE//0000//003//CREDIT</AddtlNtryInf></Ntry><Ntry><Amt Ccy="GBP">50.00</Amt><CdtDbtInd>CRDT</CdtDbtInd><Sts>BOOK</Sts><BookgDt><Dt>2018-09-18</Dt></BookgDt><BkTxCd><Prtry><Cd>SIP UKBA CR 40269</Cd></Prtry></BkTxCd><TxDtls><Refs><EndToEndId>A</EndToEndId><TxId>02205515909847000N</TxId><Prtry><Tp>STO REF</Tp><Ref>0000</Ref></Prtry></Refs><RltdPties><Dbtr><Nm>WALLIS R &amp; J</Nm></Dbtr><DbtrAcct><Id><PrtryAcct><Id>60164884072547</Id></PrtryAcct></Id></DbtrAcct><Cdtr><Nm>J W</Nm></Cdtr><CdtrAcct><Id><PrtryAcct><Id>23008200235123</Id></PrtryAcct></Id></CdtrAcct><Prtry><Tp>A</Tp><Pty/></Prtry></RltdPties><RmtInf><Strd><AddtlRmtInf>WALLIS R &amp; J      A                 VIA MOBILE - LVP</AddtlRmtInf></Strd><Strd><AddtlRmtInf>WALLIS R &amp; J//A</AddtlRmtInf></Strd></RmtInf><RltdDts><TxDtTm>2018-09-17T20:55:16</TxDtTm></RltdDts><AddtlTxInf>02205515909847000N1020180917826601648</AddtlTxInf></TxDtls><AddtlNtryInf>COMPLETE//0000//003//CREDIT</AddtlNtryInf></Ntry><Ntry><Amt Ccy="GBP">500.00</Amt><CdtDbtInd>CRDT</CdtDbtInd><Sts>BOOK</Sts><BookgDt><Dt>2018-09-18</Dt></BookgDt><BkTxCd><Prtry><Cd>SIP UKBA CR 40269</Cd></Prtry></BkTxCd><TxDtls><Refs><EndToEndId>NOREF</EndToEndId><TxId>400000000394388578</TxId></Refs><RltdPties><Dbtr><Nm>S Kareem</Nm></Dbtr><DbtrAcct><Id><PrtryAcct><Id>77910917521060</Id></PrtryAcct></Id></DbtrAcct><Cdtr><Nm>ADEKUNLE ADEYEMI</Nm></Cdtr><CdtrAcct><Id><PrtryAcct><Id>23008200237729</Id></PrtryAcct></Id></CdtrAcct><Prtry><Tp>BALANCE</Tp><Pty/></Prtry></RltdPties><RmtInf><Strd><AddtlRmtInf>NO REF</AddtlRmtInf></Strd><Strd><AddtlRmtInf>S Kareem//BALANCE</AddtlRmtInf></Strd></RmtInf><RltdDts><TxDtTm>2018-09-17T20:58:06</TxDtTm></RltdDts><AddtlTxInf>4000000003943885781020180917826779109</AddtlTxInf></TxDtls><AddtlNtryInf>COMPLETE//0000//003//CREDIT</AddtlNtryInf></Ntry><Ntry><Amt Ccy="GBP">924.22</Amt><CdtDbtInd>CRDT</CdtDbtInd><Sts>BOOK</Sts><BookgDt><Dt>2018-09-18</Dt></BookgDt><BkTxCd><Prtry><Cd>SIP UKBA CR 40269</Cd></Prtry></BkTxCd><TxDtls><Refs><EndToEndId>00151156632BBHNVRD</EndToEndId><TxId>00151156632BBHNVRD</TxId></Refs><RltdPties><Dbtr><Nm>M J L BROS LIMITED</Nm></Dbtr><DbtrAcct><Id><PrtryAcct><Id>09012847520757</Id></PrtryAcct></Id></DbtrAcct><Cdtr><Nm>Matt lidbetter</Nm></Cdtr><CdtrAcct><Id><PrtryAcct><Id>23008200222957</Id></PrtryAcct></Id></CdtrAcct><Prtry><Tp>Mjlbrosltd</Tp><Pty/></Prtry></RltdPties><RmtInf><Strd><AddtlRmtInf>NO REF</AddtlRmtInf></Strd><Strd><AddtlRmtInf>M J L BROS LIMITED//Mjlbrosltd</AddtlRmtInf></Strd></RmtInf><RltdDts><TxDtTm>2018-09-17T20:59:27</TxDtTm></RltdDts><AddtlTxInf>00151156632BBHNVRD1020180917826090128</AddtlTxInf></TxDtls><AddtlNtryInf>COMPLETE//0000//003//CREDIT</AddtlNtryInf></Ntry></Ntfctn></BkToCstmrDbtCdtNtfctnV01></Document>