<?xml version="1.0" encoding="UTF-8"?><Document xmlns:xsi="http://www.w3.org/2001/XMLSchema-instance" xmlns="urn:iso:std:iso:20022:tech:xsd:camt.054.001.01"><BkToCstmrDbtCdtNtfctnV01><GrpHdr><MsgId>80309K//12957</MsgId><CreDtTm>2018-09-17T08:00:00</CreDtTm></GrpHdr><Ntfctn><Id>80309K//12957//1</Id><CreDtTm>2018-09-17T08:00:00</CreDtTm><Acct><Id><PrtryAcct><Id>20594233939774</Id></PrtryAcct></Id><Ccy>GBP</Ccy></Acct><TxsSummry><TtlNtries><NbOfNtries>1</NbOfNtries><Sum>2.47</Sum></TtlNtries><TtlCdtNtries><NbOfNtries>1</NbOfNtries><Sum>2.47</Sum></TtlCdtNtries><TtlDbtNtries><NbOfNtries>0</NbOfNtries><Sum>0.00</Sum></TtlDbtNtries></TxsSummry><Ntry><Amt Ccy="GBP">2.47</Amt><CdtDbtInd>CRDT</CdtDbtInd><Sts>BOOK</Sts><BookgDt><Dt>2018-09-17</Dt></BookgDt><BkTxCd><Prtry><Cd>SIP UKBA CR 40269</Cd></Prtry></BkTxCd><TxDtls><Refs><EndToEndId>NOREF</EndToEndId><TxId>500000000389380822</TxId></Refs><RltdPties><Dbtr><Nm>D Jones</Nm></Dbtr><DbtrAcct><Id><PrtryAcct><Id>11181132796104</Id></PrtryAcct></Id></DbtrAcct><Cdtr><Nm>DARRAN JONES</Nm></Cdtr><CdtrAcct><Id><PrtryAcct><Id>23008200125402</Id></PrtryAcct></Id></CdtrAcct><Prtry><Tp>ARRO</Tp><Pty/></Prtry></RltdPties><RmtInf><Strd><AddtlRmtInf>NO REF</AddtlRmtInf></Strd><Strd><AddtlRmtInf>D Jones//ARRO</AddtlRmtInf></Strd></RmtInf><RltdDts><TxDtTm>2018-09-17T07:50:56</TxDtTm></RltdDts><AddtlTxInf>5000000003893808221020180917826111811</AddtlTxInf></TxDtls><AddtlNtryInf>COMPLETE//0000//001//CREDIT</AddtlNtryInf></Ntry></Ntfctn></BkToCstmrDbtCdtNtfctnV01></Document>