<?xml version="1.0" encoding="UTF-8"?><Document xmlns:xsi="http://www.w3.org/2001/XMLSchema-instance" xmlns="urn:iso:std:iso:20022:tech:xsd:camt.054.001.01"><BkToCstmrDbtCdtNtfctnV01><GrpHdr><MsgId>80309K//13377</MsgId><CreDtTm>2018-09-27T00:00:00</CreDtTm></GrpHdr><Ntfctn><Id>80309K//13377//1</Id><CreDtTm>2018-09-27T00:00:00</CreDtTm><Acct><Id><PrtryAcct><Id>20594233939774</Id></PrtryAcct></Id><Ccy>GBP</Ccy></Acct><TxsSummry><TtlNtries><NbOfNtries>6</NbOfNtries><Sum>157.01</Sum></TtlNtries><TtlCdtNtries><NbOfNtries>5</NbOfNtries><Sum>85.01</Sum></TtlCdtNtries><TtlDbtNtries><NbOfNtries>1</NbOfNtries><Sum>72.00</Sum></TtlDbtNtries></TxsSummry><Ntry><Amt Ccy="GBP">0.01</Amt><CdtDbtInd>CRDT</CdtDbtInd><Sts>BOOK</Sts><BookgDt><Dt>2018-09-27</Dt></BookgDt><BkTxCd><Prtry><Cd>SIP UKBA CR 40269</Cd></Prtry></BkTxCd><TxDtls><Refs><EndToEndId>NOREF</EndToEndId><TxId>500000000392173249</TxId></Refs><RltdPties><Dbtr><Nm>D Winter</Nm></Dbtr><DbtrAcct><Id><PrtryAcct><Id>30971736441760</Id></PrtryAcct></Id></DbtrAcct><Cdtr><Nm>CONNOR</Nm></Cdtr><CdtrAcct><Id><PrtryAcct><Id>23008200467380</Id></PrtryAcct></Id></CdtrAcct><Prtry><Tp>EBAY</Tp><Pty/></Prtry></RltdPties><RmtInf><Strd><AddtlRmtInf>NO REF</AddtlRmtInf></Strd><Strd><AddtlRmtInf>D Winter//EBAY</AddtlRmtInf></Strd></RmtInf><RltdDts><TxDtTm>2018-09-26T23:30:09</TxDtTm></RltdDts><AddtlTxInf>5000000003921732491020180926826309717</AddtlTxInf></TxDtls><AddtlNtryInf>COMPLETE//0000//003//CREDIT</AddtlNtryInf></Ntry><Ntry><Amt Ccy="GBP">72.00</Amt><CdtDbtInd>DBIT</CdtDbtInd><Sts>BOOK</Sts><BookgDt><Dt>2018-09-27</Dt></BookgDt><BkTxCd><Prtry><Cd>AUT UKBA DR 30278</Cd></Prtry></BkTxCd><TxDtls><Refs><TxId>000000000338072700</TxId></Refs><RltdPties><DbtrAcct><Id><PrtryAcct><Id>20594233939774</Id></PrtryAcct></Id></DbtrAcct></RltdPties><RmtInf><Strd><AddtlRmtInf>NO REF</AddtlRmtInf></Strd><Strd><AddtlRmtInf>20180926A44639//7S      F2D8514945</AddtlRmtInf></Strd></RmtInf><RltdDts><TxDtTm>2018-09-26T23:32:51</TxDtTm></RltdDts><AddtlTxInf>0000000003380727000020180926826205942</AddtlTxInf></TxDtls><AddtlNtryInf>AUTHSENT//0000//003//DEBIT</AddtlNtryInf></Ntry><Ntry><Amt Ccy="GBP">20.00</Amt><CdtDbtInd>CRDT</CdtDbtInd><Sts>BOOK</Sts><BookgDt><Dt>2018-09-27</Dt></BookgDt><BkTxCd><Prtry><Cd>DCA UKBA CR 40269</Cd></Prtry></BkTxCd><TxDtls><Refs><EndToEndId>NOREF</EndToEndId><TxId>000000013678008401</TxId><Prtry><Tp>STO REF</Tp><Ref>0000</Ref></Prtry></Refs><RltdPties><Dbtr><Nm>23008229089210</Nm></Dbtr><DbtrAcct><Id><PrtryAcct><Id>20594233939774</Id></PrtryAcct></Id></DbtrAcct><Cdtr><Nm>23008200455941</Nm></Cdtr><CdtrAcct><Id><PrtryAcct><Id>20594233939774</Id></PrtryAcct></Id></CdtrAcct><Prtry><Tp>RTN</Tp><Pty/></Prtry></RltdPties><RmtInf><Strd><AddtlRmtInf>NO REF</AddtlRmtInf></Strd><Strd><AddtlRmtInf>23008229089210//RTN</AddtlRmtInf></Strd></RmtInf><RltdDts><TxDtTm>2018-09-26T23:32:52</TxDtTm></RltdDts><AddtlTxInf>0000000136780084015020180926826205942</AddtlTxInf></TxDtls><AddtlNtryInf>COMPLETE//0000//003//CREDIT</AddtlNtryInf></Ntry><Ntry><Amt Ccy="GBP">10.00</Amt><CdtDbtInd>CRDT</CdtDbtInd><Sts>BOOK</Sts><BookgDt><Dt>2018-09-27</Dt></BookgDt><BkTxCd><Prtry><Cd>SIP UKBA CR 40269</Cd></Prtry></BkTxCd><TxDtls><Refs><EndToEndId>A</EndToEndId><TxId>58233353740210000N</TxId><Prtry><Tp>STO REF</Tp><Ref>0000</Ref></Prtry></Refs><RltdPties><Dbtr><Nm>WALLIS R &amp; J</Nm></Dbtr><DbtrAcct><Id><PrtryAcct><Id>60164884072547</Id></PrtryAcct></Id></DbtrAcct><Cdtr><Nm>J W</Nm></Cdtr><CdtrAcct><Id><PrtryAcct><Id>23008200235123</Id></PrtryAcct></Id></CdtrAcct><Prtry><Tp>A</Tp><Pty/></Prtry></RltdPties><RmtInf><Strd><AddtlRmtInf>WALLIS R &amp; J      A                 VIA MOBILE - LVP</AddtlRmtInf></Strd><Strd><AddtlRmtInf>WALLIS R &amp; J//A</AddtlRmtInf></Strd></RmtInf><RltdDts><TxDtTm>2018-09-26T23:33:53</TxDtTm></RltdDts><AddtlTxInf>58233353740210000N1020180926826601648</AddtlTxInf></TxDtls><AddtlNtryInf>COMPLETE//0000//003//CREDIT</AddtlNtryInf></Ntry><Ntry><Amt Ccy="GBP">54.00</Amt><CdtDbtInd>CRDT</CdtDbtInd><Sts>BOOK</Sts><BookgDt><Dt>2018-09-27</Dt></BookgDt><BkTxCd><Prtry><Cd>SIP UKBA CR 40269</Cd></Prtry></BkTxCd><TxDtls><Refs><EndToEndId>NOREF</EndToEndId><TxId>425468819332629001</TxId><Prtry><Tp>STO REF</Tp><Ref>0000</Ref></Prtry></Refs><RltdPties><Dbtr><Nm>VERDIER G</Nm></Dbtr><DbtrAcct><Id><PrtryAcct><Id>40100091365924</Id></PrtryAcct></Id></DbtrAcct><Cdtr><Nm>D Fricker</Nm></Cdtr><CdtrAcct><Id><PrtryAcct><Id>23008200469743</Id></PrtryAcct></Id></CdtrAcct><Prtry><Tp>Eurostar</Tp><Pty/></Prtry></RltdPties><RmtInf><Strd><AddtlRmtInf>NO REF</AddtlRmtInf></Strd><Strd><AddtlRmtInf>VERDIER G//Eurostar</AddtlRmtInf></Strd></RmtInf><RltdDts><TxDtTm>2018-09-26T23:39:19</TxDtTm></RltdDts><AddtlTxInf>4254688193326290011020180926826401000</AddtlTxInf></TxDtls><AddtlNtryInf>COMPLETE//0000//003//CREDIT</AddtlNtryInf></Ntry><Ntry><Amt Ccy="GBP">1.00</Amt><CdtDbtInd>CRDT</CdtDbtInd><Sts>BOOK</Sts><BookgDt><Dt>2018-09-27</Dt></BookgDt><BkTxCd><Prtry><Cd>SIP UKBA CR 40269</Cd></Prtry></BkTxCd><TxDtls><Refs><EndToEndId>PPWD00000000AQG83E</EndToEndId><TxId>PPWD00000000AQG83E</TxId></Refs><RltdPties><Dbtr><Nm>PayPal</Nm><PstlAdr><AdrLine>2211 N 1st Street San Jose CA 95131</AdrLine><Ctry/></PstlAdr></Dbtr><DbtrAcct><Id><PrtryAcct><Id>23526278959595</Id></PrtryAcct></Id></DbtrAcct><Cdtr><Nm>Sk. Md. Asraful MAHMUD</Nm><PstlAdr><AdrLine>265B East India Dock Road</AdrLine><Ctry/></PstlAdr></Cdtr><CdtrAcct><Id><PrtryAcct><Id>23008200210817</Id></PrtryAcct></Id></CdtrAcct><Prtry><Tp>PPWDL4CZJ2ALDWRWC2</Tp><Pty/></Prtry></RltdPties><RmtInf><Strd><RfrdDocInf><RfrdDocTp><Prtry>002</Prtry></RfrdDocTp></RfrdDocInf><AddtlRmtInf>NO REF</AddtlRmtInf></Strd><Strd><AddtlRmtInf>PayPal//PPWDL4CZJ2ALDWRWC2</AddtlRmtInf></Strd></RmtInf><RltdDts><TxDtTm>2018-09-26T23:51:36</TxDtTm></RltdDts><AddtlTxInf>PPWD00000000AQG83E1020180926826235262</AddtlTxInf></TxDtls><AddtlNtryInf>COMPLETE//0000//003//CREDIT</AddtlNtryInf></Ntry></Ntfctn></BkToCstmrDbtCdtNtfctnV01></Document>