<?xml version="1.0" encoding="UTF-8"?><Document xmlns:xsi="http://www.w3.org/2001/XMLSchema-instance" xmlns="urn:iso:std:iso:20022:tech:xsd:camt.054.001.01"><BkToCstmrDbtCdtNtfctnV01><GrpHdr><MsgId>80309K//12527</MsgId><CreDtTm>2018-09-07T03:30:00</CreDtTm></GrpHdr><Ntfctn><Id>80309K//12527//1</Id><CreDtTm>2018-09-07T03:30:00</CreDtTm><Acct><Id><PrtryAcct><Id>20594233939774</Id></PrtryAcct></Id><Ccy>GBP</Ccy></Acct><TxsSummry><TtlNtries><NbOfNtries>17</NbOfNtries><Sum>5920.91</Sum></TtlNtries><TtlCdtNtries><NbOfNtries>17</NbOfNtries><Sum>5920.91</Sum></TtlCdtNtries><TtlDbtNtries><NbOfNtries>0</NbOfNtries><Sum>0.00</Sum></TtlDbtNtries></TxsSummry><Ntry><Amt Ccy="GBP">380.00</Amt><CdtDbtInd>CRDT</CdtDbtInd><Sts>BOOK</Sts><BookgDt><Dt>2018-09-07</Dt></BookgDt><BkTxCd><Prtry><Cd>FDP UKBA CR 40269</Cd></Prtry></BkTxCd><TxDtls><Refs><EndToEndId>NOREF</EndToEndId><TxId>20023359720742000N</TxId><Prtry><Tp>STO REF</Tp><Ref>0000</Ref></Prtry></Refs><RltdPties><Dbtr><Nm>SMART PARTITIONS (</Nm></Dbtr><DbtrAcct><Id><PrtryAcct><Id>60102610102140</Id></PrtryAcct></Id></DbtrAcct><Cdtr><Nm>JAMIE DOWNES</Nm></Cdtr><CdtrAcct><Id><PrtryAcct><Id>23008200369503</Id></PrtryAcct></Id></CdtrAcct><Prtry><Tp>SMART PARTITIONS</Tp><Pty/></Prtry></RltdPties><RmtInf><Strd><AddtlRmtInf>SMART PARTITIONS</AddtlRmtInf></Strd><Strd><AddtlRmtInf>SMART PARTITIONS (//SMART PARTITIONS</AddtlRmtInf></Strd></RmtInf><RltdDts><TxDtTm>2018-09-07T03:01:12</TxDtTm></RltdDts><AddtlTxInf>20023359720742000N4020180907826601026</AddtlTxInf></TxDtls><AddtlNtryInf>COMPLETE//0000//003//CREDIT</AddtlNtryInf></Ntry><Ntry><Amt Ccy="GBP">30.00</Amt><CdtDbtInd>CRDT</CdtDbtInd><Sts>BOOK</Sts><BookgDt><Dt>2018-09-07</Dt></BookgDt><BkTxCd><Prtry><Cd>SIP UKBA CR 40269</Cd></Prtry></BkTxCd><TxDtls><Refs><EndToEndId>PPWD00000000ALF4OS</EndToEndId><TxId>PPWD00000000ALF4OS</TxId></Refs><RltdPties><Dbtr><Nm>PayPal</Nm><PstlAdr><AdrLine>2211 N 1st Street San Jose CA 95131</AdrLine><Ctry/></PstlAdr></Dbtr><DbtrAcct><Id><PrtryAcct><Id>23526278959595</Id></PrtryAcct></Id></DbtrAcct><Cdtr><Nm>shaun rowley</Nm><PstlAdr><AdrLine>18 Chaucer Road</AdrLine><Ctry/></PstlAdr></Cdtr><CdtrAcct><Id><PrtryAcct><Id>23008200195443</Id></PrtryAcct></Id></CdtrAcct><Prtry><Tp>PPWDL5RP22AKUA69P6</Tp><Pty/></Prtry></RltdPties><RmtInf><Strd><RfrdDocInf><RfrdDocTp><Prtry>002</Prtry></RfrdDocTp></RfrdDocInf><AddtlRmtInf>NO REF</AddtlRmtInf></Strd><Strd><AddtlRmtInf>PayPal//PPWDL5RP22AKUA69P6</AddtlRmtInf></Strd></RmtInf><RltdDts><TxDtTm>2018-09-07T03:02:52</TxDtTm></RltdDts><AddtlTxInf>PPWD00000000ALF4OS1020180907826235262</AddtlTxInf></TxDtls><AddtlNtryInf>COMPLETE//0000//003//CREDIT</AddtlNtryInf></Ntry><Ntry><Amt Ccy="GBP">254.12</Amt><CdtDbtInd>CRDT</CdtDbtInd><Sts>BOOK</Sts><BookgDt><Dt>2018-09-07</Dt></BookgDt><BkTxCd><Prtry><Cd>FDP UKBA CR 40269</Cd></Prtry></BkTxCd><TxDtls><Refs><EndToEndId>NOREF</EndToEndId><TxId>53023433781551000N</TxId><Prtry><Tp>STO REF</Tp><Ref>0000</Ref></Prtry></Refs><RltdPties><Dbtr><Nm>PREMIER WORK SUPPO</Nm></Dbtr><DbtrAcct><Id><PrtryAcct><Id>60180114160234</Id></PrtryAcct></Id></DbtrAcct><Cdtr><Nm>J J LESPERANCE</Nm></Cdtr><CdtrAcct><Id><PrtryAcct><Id>23008200030735</Id></PrtryAcct></Id></CdtrAcct><Prtry><Tp>WEEK 23</Tp><Pty/></Prtry></RltdPties><RmtInf><Strd><AddtlRmtInf>WEEK 23</AddtlRmtInf></Strd><Strd><AddtlRmtInf>PREMIER WORK SUPPO//WEEK 23</AddtlRmtInf></Strd></RmtInf><RltdDts><TxDtTm>2018-09-07T03:06:15</TxDtTm></RltdDts><AddtlTxInf>53023433781551000N4020180907826601801</AddtlTxInf></TxDtls><AddtlNtryInf>COMPLETE//0000//003//CREDIT</AddtlNtryInf></Ntry><Ntry><Amt Ccy="GBP">186.77</Amt><CdtDbtInd>CRDT</CdtDbtInd><Sts>BOOK</Sts><BookgDt><Dt>2018-09-07</Dt></BookgDt><BkTxCd><Prtry><Cd>FDP UKBA CR 40269</Cd></Prtry></BkTxCd><TxDtls><Refs><EndToEndId>NO REF</EndToEndId><TxId>MF040539611DFCC600</TxId></Refs><RltdPties><Dbtr><Nm>TAI MA S LTD SW</Nm></Dbtr><DbtrAcct><Id><PrtryAcct><Id>20157003797341</Id></PrtryAcct></Id></DbtrAcct><Cdtr><Nm>IONUT IVANOV</Nm></Cdtr><CdtrAcct><Id><PrtryAcct><Id>23008200212212</Id></PrtryAcct></Id></CdtrAcct><Prtry><Tp>NO REF</Tp><Pty/></Prtry></RltdPties><RmtInf><Strd><RfrdDocInf><RfrdDocTp><Prtry>002</Prtry></RfrdDocTp></RfrdDocInf><AddtlRmtInf>NO REF</AddtlRmtInf></Strd><Strd><AddtlRmtInf>TAI MA S LTD SW//NO REF</AddtlRmtInf></Strd></RmtInf><RltdDts><TxDtTm>2018-09-07T03:09:01</TxDtTm></RltdDts><AddtlTxInf>MF040539611DFCC6004020180907826200026</AddtlTxInf></TxDtls><AddtlNtryInf>COMPLETE//0000//003//CREDIT</AddtlNtryInf></Ntry><Ntry><Amt Ccy="GBP">198.33</Amt><CdtDbtInd>CRDT</CdtDbtInd><Sts>BOOK</Sts><BookgDt><Dt>2018-09-07</Dt></BookgDt><BkTxCd><Prtry><Cd>FDP UKBA CR 40269</Cd></Prtry></BkTxCd><TxDtls><Refs><EndToEndId>NOREF</EndToEndId><TxId>37023513156744000N</TxId><Prtry><Tp>STO REF</Tp><Ref>0000</Ref></Prtry></Refs><RltdPties><Dbtr><Nm>INDIGO SERVICES (E</Nm></Dbtr><DbtrAcct><Id><PrtryAcct><Id>60214066982790</Id></PrtryAcct></Id></DbtrAcct><Cdtr><Nm>MR ADRIAN GHIOCA</Nm></Cdtr><CdtrAcct><Id><PrtryAcct><Id>23008200293926</Id></PrtryAcct></Id></CdtrAcct><Prtry><Tp>PAYMENTS 18512</Tp><Pty/></Prtry></RltdPties><RmtInf><Strd><AddtlRmtInf>PAYMENTS 18512</AddtlRmtInf></Strd><Strd><AddtlRmtInf>INDIGO SERVICES (E//PAYMENTS 18512</AddtlRmtInf></Strd></RmtInf><RltdDts><TxDtTm>2018-09-07T03:13:59</TxDtTm></RltdDts><AddtlTxInf>37023513156744000N4020180907826602140</AddtlTxInf></TxDtls><AddtlNtryInf>COMPLETE//0000//003//CREDIT</AddtlNtryInf></Ntry><Ntry><Amt Ccy="GBP">33.00</Amt><CdtDbtInd>CRDT</CdtDbtInd><Sts>BOOK</Sts><BookgDt><Dt>2018-09-07</Dt></BookgDt><BkTxCd><Prtry><Cd>SIP UKBA CR 40269</Cd></Prtry></BkTxCd><TxDtls><Refs><EndToEndId>PPWD00000000ALF4Z8</EndToEndId><TxId>PPWD00000000ALF4Z8</TxId></Refs><RltdPties><Dbtr><Nm>PayPal</Nm><PstlAdr><AdrLine>2211 N 1st Street San Jose CA 95131</AdrLine><Ctry/></PstlAdr></Dbtr><DbtrAcct><Id><PrtryAcct><Id>23526278959595</Id></PrtryAcct></Id></DbtrAcct><Cdtr><Nm>James Ferguson</Nm><PstlAdr><AdrLine>6 Mossknowe walk</AdrLine><Ctry/></PstlAdr></Cdtr><CdtrAcct><Id><PrtryAcct><Id>23008200059769</Id></PrtryAcct></Id></CdtrAcct><Prtry><Tp>PPWDL58722AKUJHBAC</Tp><Pty/></Prtry></RltdPties><RmtInf><Strd><RfrdDocInf><RfrdDocTp><Prtry>002</Prtry></RfrdDocTp></RfrdDocInf><AddtlRmtInf>NO REF</AddtlRmtInf></Strd><Strd><AddtlRmtInf>PayPal//PPWDL58722AKUJHBAC</AddtlRmtInf></Strd></RmtInf><RltdDts><TxDtTm>2018-09-07T03:14:16</TxDtTm></RltdDts><AddtlTxInf>PPWD00000000ALF4Z81020180907826235262</AddtlTxInf></TxDtls><AddtlNtryInf>COMPLETE//0000//003//CREDIT</AddtlNtryInf></Ntry><Ntry><Amt Ccy="GBP">516.00</Amt><CdtDbtInd>CRDT</CdtDbtInd><Sts>BOOK</Sts><BookgDt><Dt>2018-09-07</Dt></BookgDt><BkTxCd><Prtry><Cd>FDP UKBA CR 40269</Cd></Prtry></BkTxCd><TxDtls><Refs><EndToEndId>NOREF</EndToEndId><TxId>50023517262092000N</TxId><Prtry><Tp>STO REF</Tp><Ref>0000</Ref></Prtry></Refs><RltdPties><Dbtr><Nm>SGC RAIL SOLUTIONS</Nm></Dbtr><DbtrAcct><Id><PrtryAcct><Id>60214758629025</Id></PrtryAcct></Id></DbtrAcct><Cdtr><Nm>ALPHA PLASTERING</Nm></Cdtr><CdtrAcct><Id><PrtryAcct><Id>23008200036596</Id></PrtryAcct></Id></CdtrAcct><Prtry><Tp>SGC RAIL</Tp><Pty/></Prtry></RltdPties><RmtInf><Strd><AddtlRmtInf>SGC RAIL</AddtlRmtInf></Strd><Strd><AddtlRmtInf>SGC RAIL SOLUTIONS//SGC RAIL</AddtlRmtInf></Strd></RmtInf><RltdDts><TxDtTm>2018-09-07T03:15:12</TxDtTm></RltdDts><AddtlTxInf>50023517262092000N4020180907826602147</AddtlTxInf></TxDtls><AddtlNtryInf>COMPLETE//0000//003//CREDIT</AddtlNtryInf></Ntry><Ntry><Amt Ccy="GBP">64.13</Amt><CdtDbtInd>CRDT</CdtDbtInd><Sts>BOOK</Sts><BookgDt><Dt>2018-09-07</Dt></BookgDt><BkTxCd><Prtry><Cd>FDP UKBA CR 40269</Cd></Prtry></BkTxCd><TxDtls><Refs><EndToEndId>NOREF</EndToEndId><TxId>04023526256280000N</TxId><Prtry><Tp>STO REF</Tp><Ref>0000</Ref></Prtry></Refs><RltdPties><Dbtr><Nm>WORKCHAIN LTD</Nm></Dbtr><DbtrAcct><Id><PrtryAcct><Id>60120125150626</Id></PrtryAcct></Id></DbtrAcct><Cdtr><Nm>MR MOHAMED LAWAL</Nm></Cdtr><CdtrAcct><Id><PrtryAcct><Id>23008200205767</Id></PrtryAcct></Id></CdtrAcct><Prtry><Tp>WORKCHAI</Tp><Pty/></Prtry></RltdPties><RmtInf><Strd><AddtlRmtInf>WORKCHAI</AddtlRmtInf></Strd><Strd><AddtlRmtInf>WORKCHAIN LTD//WORKCHAI</AddtlRmtInf></Strd></RmtInf><RltdDts><TxDtTm>2018-09-07T03:16:31</TxDtTm></RltdDts><AddtlTxInf>04023526256280000N4020180907826601201</AddtlTxInf></TxDtls><AddtlNtryInf>COMPLETE//0000//003//CREDIT</AddtlNtryInf></Ntry><Ntry><Amt Ccy="GBP">451.94</Amt><CdtDbtInd>CRDT</CdtDbtInd><Sts>BOOK</Sts><BookgDt><Dt>2018-09-07</Dt></BookgDt><BkTxCd><Prtry><Cd>FDP UKBA CR 40269</Cd></Prtry></BkTxCd><TxDtls><Refs><EndToEndId>NOREF</EndToEndId><TxId>35023530262944000N</TxId><Prtry><Tp>STO REF</Tp><Ref>0000</Ref></Prtry></Refs><RltdPties><Dbtr><Nm>EZY PAYMENT SOLS L</Nm></Dbtr><DbtrAcct><Id><PrtryAcct><Id>60023576436802</Id></PrtryAcct></Id></DbtrAcct><Cdtr><Nm>F SEMEN</Nm></Cdtr><CdtrAcct><Id><PrtryAcct><Id>23008200370358</Id></PrtryAcct></Id></CdtrAcct><Prtry><Tp>PERIOD W23-25159</Tp><Pty/></Prtry></RltdPties><RmtInf><Strd><AddtlRmtInf>PERIOD W23-25159</AddtlRmtInf></Strd><Strd><AddtlRmtInf>EZY PAYMENT SOLS L//PERIOD W23-25159</AddtlRmtInf></Strd></RmtInf><RltdDts><TxDtTm>2018-09-07T03:17:18</TxDtTm></RltdDts><AddtlTxInf>35023530262944000N4020180907826600235</AddtlTxInf></TxDtls><AddtlNtryInf>COMPLETE//0000//003//CREDIT</AddtlNtryInf></Ntry><Ntry><Amt Ccy="GBP">380.54</Amt><CdtDbtInd>CRDT</CdtDbtInd><Sts>BOOK</Sts><BookgDt><Dt>2018-09-07</Dt></BookgDt><BkTxCd><Prtry><Cd>FDP UKBA CR 40269</Cd></Prtry></BkTxCd><TxDtls><Refs><EndToEndId>NOREF</EndToEndId><TxId>36023530263000000N</TxId><Prtry><Tp>STO REF</Tp><Ref>0000</Ref></Prtry></Refs><RltdPties><Dbtr><Nm>EZY PAYMENT SOLS L</Nm></Dbtr><DbtrAcct><Id><PrtryAcct><Id>60023576436802</Id></PrtryAcct></Id></DbtrAcct><Cdtr><Nm>RAULESCU</Nm></Cdtr><CdtrAcct><Id><PrtryAcct><Id>23008200376399</Id></PrtryAcct></Id></CdtrAcct><Prtry><Tp>PERIOD W23-25181</Tp><Pty/></Prtry></RltdPties><RmtInf><Strd><AddtlRmtInf>PERIOD W23-25181</AddtlRmtInf></Strd><Strd><AddtlRmtInf>EZY PAYMENT SOLS L//PERIOD W23-25181</AddtlRmtInf></Strd></RmtInf><RltdDts><TxDtTm>2018-09-07T03:17:31</TxDtTm></RltdDts><AddtlTxInf>36023530263000000N4020180907826600235</AddtlTxInf></TxDtls><AddtlNtryInf>COMPLETE//0000//003//CREDIT</AddtlNtryInf></Ntry><Ntry><Amt Ccy="GBP">112.45</Amt><CdtDbtInd>CRDT</CdtDbtInd><Sts>BOOK</Sts><BookgDt><Dt>2018-09-07</Dt></BookgDt><BkTxCd><Prtry><Cd>FDP UKBA CR 40269</Cd></Prtry></BkTxCd><TxDtls><Refs><EndToEndId>NOREF</EndToEndId><TxId>27023530640631000N</TxId><Prtry><Tp>STO REF</Tp><Ref>0000</Ref></Prtry></Refs><RltdPties><Dbtr><Nm>EZY PAYMENT SOLS L</Nm></Dbtr><DbtrAcct><Id><PrtryAcct><Id>60023576436802</Id></PrtryAcct></Id></DbtrAcct><Cdtr><Nm>SKOP</Nm></Cdtr><CdtrAcct><Id><PrtryAcct><Id>23008200371905</Id></PrtryAcct></Id></CdtrAcct><Prtry><Tp>PERIOD W23-27139</Tp><Pty/></Prtry></RltdPties><RmtInf><Strd><AddtlRmtInf>PERIOD W23-27139</AddtlRmtInf></Strd><Strd><AddtlRmtInf>EZY PAYMENT SOLS L//PERIOD W23-27139</AddtlRmtInf></Strd></RmtInf><RltdDts><TxDtTm>2018-09-07T03:18:02</TxDtTm></RltdDts><AddtlTxInf>27023530640631000N4020180907826600235</AddtlTxInf></TxDtls><AddtlNtryInf>COMPLETE//0000//003//CREDIT</AddtlNtryInf></Ntry><Ntry><Amt Ccy="GBP">782.00</Amt><CdtDbtInd>CRDT</CdtDbtInd><Sts>BOOK</Sts><BookgDt><Dt>2018-09-07</Dt></BookgDt><BkTxCd><Prtry><Cd>FDP UKBA CR 40269</Cd></Prtry></BkTxCd><TxDtls><Refs><EndToEndId>NOREF</EndToEndId><TxId>30023544600508000N</TxId><Prtry><Tp>STO REF</Tp><Ref>0000</Ref></Prtry></Refs><RltdPties><Dbtr><Nm>NET TEMPS LTD</Nm></Dbtr><DbtrAcct><Id><PrtryAcct><Id>60800961190985</Id></PrtryAcct></Id></DbtrAcct><Cdtr><Nm>COMPLETE CONSTRUCT</Nm></Cdtr><CdtrAcct><Id><PrtryAcct><Id>23008200041987</Id></PrtryAcct></Id></CdtrAcct><Prtry><Tp>NET TEMPS LTD</Tp><Pty/></Prtry></RltdPties><RmtInf><Strd><AddtlRmtInf>NET TEMPS LTD</AddtlRmtInf></Strd><Strd><AddtlRmtInf>NET TEMPS LTD//NET TEMPS LTD</AddtlRmtInf></Strd></RmtInf><RltdDts><TxDtTm>2018-09-07T03:19:48</TxDtTm></RltdDts><AddtlTxInf>30023544600508000N4020180907826608009</AddtlTxInf></TxDtls><AddtlNtryInf>COMPLETE//0000//003//CREDIT</AddtlNtryInf></Ntry><Ntry><Amt Ccy="GBP">12.00</Amt><CdtDbtInd>CRDT</CdtDbtInd><Sts>BOOK</Sts><BookgDt><Dt>2018-09-07</Dt></BookgDt><BkTxCd><Prtry><Cd>SIP UKBA CR 40269</Cd></Prtry></BkTxCd><TxDtls><Refs><EndToEndId>NOREF</EndToEndId><TxId>500000000386716280</TxId></Refs><RltdPties><Dbtr><Nm>F Russell-Morgan</Nm></Dbtr><DbtrAcct><Id><PrtryAcct><Id>30928665553460</Id></PrtryAcct></Id></DbtrAcct><Cdtr><Nm>L</Nm></Cdtr><CdtrAcct><Id><PrtryAcct><Id>23008200249168</Id></PrtryAcct></Id></CdtrAcct><Prtry><Tp>PLAY</Tp><Pty/></Prtry></RltdPties><RmtInf><Strd><AddtlRmtInf>NO REF</AddtlRmtInf></Strd><Strd><AddtlRmtInf>F Russell-Morgan//PLAY</AddtlRmtInf></Strd></RmtInf><RltdDts><TxDtTm>2018-09-07T03:21:29</TxDtTm></RltdDts><AddtlTxInf>5000000003867162801020180907826309286</AddtlTxInf></TxDtls><AddtlNtryInf>COMPLETE//0000//003//CREDIT</AddtlNtryInf></Ntry><Ntry><Amt Ccy="GBP">1426.00</Amt><CdtDbtInd>CRDT</CdtDbtInd><Sts>BOOK</Sts><BookgDt><Dt>2018-09-07</Dt></BookgDt><BkTxCd><Prtry><Cd>FDP UKBA CR 40269</Cd></Prtry></BkTxCd><TxDtls><Refs><EndToEndId>JMC Recruitment</EndToEndId><TxId>MF001739611CBB2E00</TxId></Refs><RltdPties><Dbtr><Nm>JMCRS LTD GBP</Nm></Dbtr><DbtrAcct><Id><PrtryAcct><Id>20829443717275</Id></PrtryAcct></Id></DbtrAcct><Cdtr><Nm>SIVES ENGINEERING</Nm></Cdtr><CdtrAcct><Id><PrtryAcct><Id>23008200042812</Id></PrtryAcct></Id></CdtrAcct><Prtry><Tp>JMC Recruitment</Tp><Pty/></Prtry></RltdPties><RmtInf><Strd><RfrdDocInf><RfrdDocTp><Prtry>002</Prtry></RfrdDocTp></RfrdDocInf><AddtlRmtInf>NO REF</AddtlRmtInf></Strd><Strd><AddtlRmtInf>JMCRS LTD GBP//JMC Recruitment</AddtlRmtInf></Strd></RmtInf><RltdDts><TxDtTm>2018-09-07T03:23:09</TxDtTm></RltdDts><AddtlTxInf>MF001739611CBB2E004020180907826200000</AddtlTxInf></TxDtls><AddtlNtryInf>COMPLETE//0000//003//CREDIT</AddtlNtryInf></Ntry><Ntry><Amt Ccy="GBP">424.80</Amt><CdtDbtInd>CRDT</CdtDbtInd><Sts>BOOK</Sts><BookgDt><Dt>2018-09-07</Dt></BookgDt><BkTxCd><Prtry><Cd>FDP UKBA CR 40269</Cd></Prtry></BkTxCd><TxDtls><Refs><EndToEndId>NOREF</EndToEndId><TxId>25023637303158000N</TxId><Prtry><Tp>STO REF</Tp><Ref>0000</Ref></Prtry></Refs><RltdPties><Dbtr><Nm>UP CONSTRUCT (SOUT</Nm></Dbtr><DbtrAcct><Id><PrtryAcct><Id>56006443285295</Id></PrtryAcct></Id></DbtrAcct><Cdtr><Nm>NAVJOT SINGH LTD</Nm></Cdtr><CdtrAcct><Id><PrtryAcct><Id>23008200327420</Id></PrtryAcct></Id></CdtrAcct><Prtry><Tp>UP CONSTRUCT  SOUT</Tp><Pty/></Prtry></RltdPties><RmtInf><Strd><AddtlRmtInf>UP CONSTRUCT  SOUTHE</AddtlRmtInf></Strd><Strd><AddtlRmtInf>UP CONSTRUCT (SOUT//UP CONSTRUCT  SOUT</AddtlRmtInf></Strd></RmtInf><RltdDts><TxDtTm>2018-09-07T03:26:33</TxDtTm></RltdDts><AddtlTxInf>25023637303158000N4020180907826560064</AddtlTxInf></TxDtls><AddtlNtryInf>COMPLETE//0000//003//CREDIT</AddtlNtryInf></Ntry><Ntry><Amt Ccy="GBP">396.33</Amt><CdtDbtInd>CRDT</CdtDbtInd><Sts>BOOK</Sts><BookgDt><Dt>2018-09-07</Dt></BookgDt><BkTxCd><Prtry><Cd>FDP UKBA CR 40269</Cd></Prtry></BkTxCd><TxDtls><Refs><EndToEndId>MF004939611AAA7E00</EndToEndId><TxId>MF004939611AAA7E00</TxId></Refs><RltdPties><Dbtr><Nm>EFT POPPYPRIDE</Nm></Dbtr><DbtrAcct><Id><PrtryAcct><Id>20822343909530</Id></PrtryAcct></Id></DbtrAcct><Cdtr><Nm>L ANGHELINA</Nm></Cdtr><CdtrAcct><Id><PrtryAcct><Id>23008200075365</Id></PrtryAcct></Id></CdtrAcct><Prtry><Tp>PRS - 1525</Tp><Pty/></Prtry></RltdPties><RmtInf><Strd><RfrdDocInf><RfrdDocTp><Prtry>002</Prtry></RfrdDocTp></RfrdDocInf><AddtlRmtInf>NO REF</AddtlRmtInf></Strd><Strd><AddtlRmtInf>EFT POPPYPRIDE//PRS - 1525</AddtlRmtInf></Strd></RmtInf><RltdDts><TxDtTm>2018-09-07T03:28:20</TxDtTm></RltdDts><AddtlTxInf>MF004939611AAA7E004020180907826200026</AddtlTxInf></TxDtls><AddtlNtryInf>COMPLETE//0000//003//CREDIT</AddtlNtryInf></Ntry><Ntry><Amt Ccy="GBP">272.50</Amt><CdtDbtInd>CRDT</CdtDbtInd><Sts>BOOK</Sts><BookgDt><Dt>2018-09-07</Dt></BookgDt><BkTxCd><Prtry><Cd>FDP UKBA CR 40269</Cd></Prtry></BkTxCd><TxDtls><Refs><EndToEndId>NOREF</EndToEndId><TxId>33030139042346000N</TxId><Prtry><Tp>STO REF</Tp><Ref>0000</Ref></Prtry></Refs><RltdPties><Dbtr><Nm>ARCHITECTURAL STEE</Nm></Dbtr><DbtrAcct><Id><PrtryAcct><Id>01085255588581</Id></PrtryAcct></Id></DbtrAcct><Cdtr><Nm>STEPAN FIALA</Nm></Cdtr><CdtrAcct><Id><PrtryAcct><Id>23008200151944</Id></PrtryAcct></Id></CdtrAcct><Prtry><Tp>ARCH STEEL</Tp><Pty/></Prtry></RltdPties><RmtInf><Strd><AddtlRmtInf>ARCH STEEL</AddtlRmtInf></Strd><Strd><AddtlRmtInf>ARCHITECTURAL STEE//ARCH STEEL</AddtlRmtInf></Strd></RmtInf><RltdDts><TxDtTm>2018-09-07T03:28:54</TxDtTm></RltdDts><AddtlTxInf>33030139042346000N4020180907826010852</AddtlTxInf></TxDtls><AddtlNtryInf>COMPLETE//0000//003//CREDIT</AddtlNtryInf></Ntry></Ntfctn></BkToCstmrDbtCdtNtfctnV01></Document>