<?xml version="1.0" encoding="UTF-8"?><Document xmlns:xsi="http://www.w3.org/2001/XMLSchema-instance" xmlns="urn:iso:std:iso:20022:tech:xsd:camt.054.001.01"><BkToCstmrDbtCdtNtfctnV01><GrpHdr><MsgId>80309K//12555</MsgId><CreDtTm>2018-09-07T18:00:00</CreDtTm></GrpHdr><Ntfctn><Id>80309K//12555//1</Id><CreDtTm>2018-09-07T18:00:00</CreDtTm><Acct><Id><PrtryAcct><Id>20594233939774</Id></PrtryAcct></Id><Ccy>GBP</Ccy></Acct><TxsSummry><TtlNtries><NbOfNtries>16</NbOfNtries><Sum>4280.00</Sum></TtlNtries><TtlCdtNtries><NbOfNtries>16</NbOfNtries><Sum>4280.00</Sum></TtlCdtNtries><TtlDbtNtries><NbOfNtries>0</NbOfNtries><Sum>0.00</Sum></TtlDbtNtries></TxsSummry><Ntry><Amt Ccy="GBP">250.00</Amt><CdtDbtInd>CRDT</CdtDbtInd><Sts>BOOK</Sts><BookgDt><Dt>2018-09-07</Dt></BookgDt><BkTxCd><Prtry><Cd>FDP UKBA CR 40269</Cd></Prtry></BkTxCd><TxDtls><Refs><EndToEndId>NOREF</EndToEndId><TxId>616125122171709001</TxId><Prtry><Tp>STO REF</Tp><Ref>0000</Ref></Prtry></Refs><RltdPties><Dbtr><Nm>Ellis S</Nm></Dbtr><DbtrAcct><Id><PrtryAcct><Id>40252731571443</Id></PrtryAcct></Id></DbtrAcct><Cdtr><Nm>JASON ALPHONFO</Nm></Cdtr><CdtrAcct><Id><PrtryAcct><Id>23008200427485</Id></PrtryAcct></Id></CdtrAcct><Prtry><Tp>F TICKET</Tp><Pty/></Prtry></RltdPties><RmtInf><Strd><AddtlRmtInf>NO REF</AddtlRmtInf></Strd><Strd><AddtlRmtInf>Ellis S//F TICKET</AddtlRmtInf></Strd></RmtInf><RltdDts><TxDtTm>2018-09-07T17:30:05</TxDtTm></RltdDts><AddtlTxInf>6161251221717090014020180907826402527</AddtlTxInf></TxDtls><AddtlNtryInf>COMPLETE//0000//003//CREDIT</AddtlNtryInf></Ntry><Ntry><Amt Ccy="GBP">360.00</Amt><CdtDbtInd>CRDT</CdtDbtInd><Sts>BOOK</Sts><BookgDt><Dt>2018-09-07</Dt></BookgDt><BkTxCd><Prtry><Cd>SIP UKBA CR 40269</Cd></Prtry></BkTxCd><TxDtls><Refs><EndToEndId>00152242632BCYCSJT</EndToEndId><TxId>00152242632BCYCSJT</TxId></Refs><RltdPties><Dbtr><Nm>RAIL TRAIN CO (UK) LIMITED</Nm></Dbtr><DbtrAcct><Id><PrtryAcct><Id>09012918872509</Id></PrtryAcct></Id></DbtrAcct><Cdtr><Nm>Frequency C Ltd</Nm></Cdtr><CdtrAcct><Id><PrtryAcct><Id>23008200032016</Id></PrtryAcct></Id></CdtrAcct><Prtry><Tp>Keith Nash</Tp><Pty/></Prtry></RltdPties><RmtInf><Strd><AddtlRmtInf>NO REF</AddtlRmtInf></Strd><Strd><AddtlRmtInf>RAIL TRAIN CO (UK)//Keith Nash</AddtlRmtInf></Strd></RmtInf><RltdDts><TxDtTm>2018-09-07T17:35:38</TxDtTm></RltdDts><AddtlTxInf>00152242632BCYCSJT1020180907826090129</AddtlTxInf></TxDtls><AddtlNtryInf>COMPLETE//0000//003//CREDIT</AddtlNtryInf></Ntry><Ntry><Amt Ccy="GBP">1590.00</Amt><CdtDbtInd>CRDT</CdtDbtInd><Sts>BOOK</Sts><BookgDt><Dt>2018-09-07</Dt></BookgDt><BkTxCd><Prtry><Cd>SIP UKBA CR 40269</Cd></Prtry></BkTxCd><TxDtls><Refs><EndToEndId>NOREF</EndToEndId><TxId>RP4679960875776900</TxId></Refs><RltdPties><Dbtr><Nm>TENTEN EVENT LTD</Nm></Dbtr><DbtrAcct><Id><PrtryAcct><Id>20169903373487</Id></PrtryAcct></Id></DbtrAcct><Cdtr><Nm>ADRIAN BOTORADU</Nm></Cdtr><CdtrAcct><Id><PrtryAcct><Id>23008200106359</Id></PrtryAcct></Id></CdtrAcct><Prtry><Tp>TENTEN EVENTS</Tp><Pty/></Prtry></RltdPties><RmtInf><Strd><AddtlRmtInf>NO REF</AddtlRmtInf></Strd><Strd><AddtlRmtInf>TENTEN EVENT LTD//TENTEN EVENTS</AddtlRmtInf></Strd></RmtInf><RltdDts><TxDtTm>2018-09-07T17:37:04</TxDtTm></RltdDts><AddtlTxInf>RP46799608757769001020180907826200026</AddtlTxInf></TxDtls><AddtlNtryInf>COMPLETE//0000//003//CREDIT</AddtlNtryInf></Ntry><Ntry><Amt Ccy="GBP">200.00</Amt><CdtDbtInd>CRDT</CdtDbtInd><Sts>BOOK</Sts><BookgDt><Dt>2018-09-07</Dt></BookgDt><BkTxCd><Prtry><Cd>SIP UKBA CR 40269</Cd></Prtry></BkTxCd><TxDtls><Refs><EndToEndId>NOREF</EndToEndId><TxId>180907174149874209</TxId></Refs><RltdPties><Dbtr><Nm>Marlena Krempa</Nm></Dbtr><DbtrAcct><Id><PrtryAcct><Id>77194102174468</Id></PrtryAcct></Id></DbtrAcct><Cdtr><Nm>Marlena KrempaArro</Nm></Cdtr><CdtrAcct><Id><PrtryAcct><Id>23008200427242</Id></PrtryAcct></Id></CdtrAcct></RltdPties><RmtInf><Strd><AddtlRmtInf>NO REF</AddtlRmtInf></Strd><Strd><AddtlRmtInf>Marlena Krempa//</AddtlRmtInf></Strd></RmtInf><RltdDts><TxDtTm>2018-09-07T17:41:47</TxDtTm></RltdDts><AddtlTxInf>1809071741498742091020180907826771941</AddtlTxInf></TxDtls><AddtlNtryInf>COMPLETE//0000//003//CREDIT</AddtlNtryInf></Ntry><Ntry><Amt Ccy="GBP">110.00</Amt><CdtDbtInd>CRDT</CdtDbtInd><Sts>BOOK</Sts><BookgDt><Dt>2018-09-07</Dt></BookgDt><BkTxCd><Prtry><Cd>SIP UKBA CR 40269</Cd></Prtry></BkTxCd><TxDtls><Refs><EndToEndId>NOREF</EndToEndId><TxId>RP4679960876357200</TxId></Refs><RltdPties><Dbtr><Nm>GALAX MARKE LTD</Nm></Dbtr><DbtrAcct><Id><PrtryAcct><Id>20189340507687</Id></PrtryAcct></Id></DbtrAcct><Cdtr><Nm>FAN QIU</Nm></Cdtr><CdtrAcct><Id><PrtryAcct><Id>23008200181228</Id></PrtryAcct></Id></CdtrAcct><Prtry><Tp>QIU</Tp><Pty/></Prtry></RltdPties><RmtInf><Strd><AddtlRmtInf>NO REF</AddtlRmtInf></Strd><Strd><AddtlRmtInf>GALAX MARKE LTD//QIU</AddtlRmtInf></Strd></RmtInf><RltdDts><TxDtTm>2018-09-07T17:42:53</TxDtTm></RltdDts><AddtlTxInf>RP46799608763572001020180907826200026</AddtlTxInf></TxDtls><AddtlNtryInf>COMPLETE//0000//003//CREDIT</AddtlNtryInf></Ntry><Ntry><Amt Ccy="GBP">110.00</Amt><CdtDbtInd>CRDT</CdtDbtInd><Sts>BOOK</Sts><BookgDt><Dt>2018-09-07</Dt></BookgDt><BkTxCd><Prtry><Cd>SIP UKBA CR 40269</Cd></Prtry></BkTxCd><TxDtls><Refs><EndToEndId>NOREF</EndToEndId><TxId>600000000386677963</TxId></Refs><RltdPties><Dbtr><Nm>S Frederick</Nm></Dbtr><DbtrAcct><Id><PrtryAcct><Id>11645902721161</Id></PrtryAcct></Id></DbtrAcct><Cdtr><Nm>MAME DIAME</Nm></Cdtr><CdtrAcct><Id><PrtryAcct><Id>23008200112990</Id></PrtryAcct></Id></CdtrAcct><Prtry><Tp>F</Tp><Pty/></Prtry></RltdPties><RmtInf><Strd><AddtlRmtInf>NO REF</AddtlRmtInf></Strd><Strd><AddtlRmtInf>S Frederick//F</AddtlRmtInf></Strd></RmtInf><RltdDts><TxDtTm>2018-09-07T17:43:25</TxDtTm></RltdDts><AddtlTxInf>6000000003866779631020180907826116459</AddtlTxInf></TxDtls><AddtlNtryInf>COMPLETE//0000//003//CREDIT</AddtlNtryInf></Ntry><Ntry><Amt Ccy="GBP">1000.00</Amt><CdtDbtInd>CRDT</CdtDbtInd><Sts>BOOK</Sts><BookgDt><Dt>2018-09-07</Dt></BookgDt><BkTxCd><Prtry><Cd>SIP UKBA CR 40269</Cd></Prtry></BkTxCd><TxDtls><Refs><EndToEndId>BOLENNA LANE</EndToEndId><TxId>28174532516141000N</TxId><Prtry><Tp>STO REF</Tp><Ref>0000</Ref></Prtry></Refs><RltdPties><Dbtr><Nm>REGAL HOMES(WESSEX</Nm></Dbtr><DbtrAcct><Id><PrtryAcct><Id>55502159049863</Id></PrtryAcct></Id></DbtrAcct><Cdtr><Nm>PHIL PARKER</Nm></Cdtr><CdtrAcct><Id><PrtryAcct><Id>23008200036596</Id></PrtryAcct></Id></CdtrAcct><Prtry><Tp>BOLENNA LANE</Tp><Pty/></Prtry></RltdPties><RmtInf><Strd><AddtlRmtInf>REGAL HOMES(WESSEXBOLENNA LANE      VIA MOBILE - PYMT</AddtlRmtInf></Strd><Strd><AddtlRmtInf>REGAL HOMES(WESSEX//BOLENNA LANE</AddtlRmtInf></Strd></RmtInf><RltdDts><TxDtTm>2018-09-07T17:45:32</TxDtTm></RltdDts><AddtlTxInf>28174532516141000N1020180907826555021</AddtlTxInf></TxDtls><AddtlNtryInf>COMPLETE//0000//003//CREDIT</AddtlNtryInf></Ntry><Ntry><Amt Ccy="GBP">65.00</Amt><CdtDbtInd>CRDT</CdtDbtInd><Sts>BOOK</Sts><BookgDt><Dt>2018-09-07</Dt></BookgDt><BkTxCd><Prtry><Cd>SIP UKBA CR 40269</Cd></Prtry></BkTxCd><TxDtls><Refs><EndToEndId>NOREF</EndToEndId><TxId>RP4679960876766800</TxId></Refs><RltdPties><Dbtr><Nm>GALAX MARKE LTD</Nm></Dbtr><DbtrAcct><Id><PrtryAcct><Id>20189340507687</Id></PrtryAcct></Id></DbtrAcct><Cdtr><Nm>HAN LONG QIU</Nm></Cdtr><CdtrAcct><Id><PrtryAcct><Id>23008200180295</Id></PrtryAcct></Id></CdtrAcct><Prtry><Tp>HAN</Tp><Pty/></Prtry></RltdPties><RmtInf><Strd><AddtlRmtInf>NO REF</AddtlRmtInf></Strd><Strd><AddtlRmtInf>GALAX MARKE LTD//HAN</AddtlRmtInf></Strd></RmtInf><RltdDts><TxDtTm>2018-09-07T17:47:07</TxDtTm></RltdDts><AddtlTxInf>RP46799608767668001020180907826200026</AddtlTxInf></TxDtls><AddtlNtryInf>COMPLETE//0000//003//CREDIT</AddtlNtryInf></Ntry><Ntry><Amt Ccy="GBP">20.00</Amt><CdtDbtInd>CRDT</CdtDbtInd><Sts>BOOK</Sts><BookgDt><Dt>2018-09-07</Dt></BookgDt><BkTxCd><Prtry><Cd>SIP UKBA CR 40269</Cd></Prtry></BkTxCd><TxDtls><Refs><EndToEndId>NOREF</EndToEndId><TxId>300000000390611595</TxId></Refs><RltdPties><Dbtr><Nm>S Eddani</Nm></Dbtr><DbtrAcct><Id><PrtryAcct><Id>30159716259568</Id></PrtryAcct></Id></DbtrAcct><Cdtr><Nm>NIS</Nm></Cdtr><CdtrAcct><Id><PrtryAcct><Id>23008200338775</Id></PrtryAcct></Id></CdtrAcct><Prtry><Tp>ED</Tp><Pty/></Prtry></RltdPties><RmtInf><Strd><AddtlRmtInf>NO REF</AddtlRmtInf></Strd><Strd><AddtlRmtInf>S Eddani//ED</AddtlRmtInf></Strd></RmtInf><RltdDts><TxDtTm>2018-09-07T17:47:55</TxDtTm></RltdDts><AddtlTxInf>3000000003906115951020180907826301597</AddtlTxInf></TxDtls><AddtlNtryInf>COMPLETE//0000//003//CREDIT</AddtlNtryInf></Ntry><Ntry><Amt Ccy="GBP">100.00</Amt><CdtDbtInd>CRDT</CdtDbtInd><Sts>BOOK</Sts><BookgDt><Dt>2018-09-07</Dt></BookgDt><BkTxCd><Prtry><Cd>SIP UKBA CR 40269</Cd></Prtry></BkTxCd><TxDtls><Refs><EndToEndId>PD BUILDING</EndToEndId><TxId>25174817402807000R</TxId><Prtry><Tp>STO REF</Tp><Ref>0000</Ref></Prtry></Refs><RltdPties><Dbtr><Nm>P DUNCAN BLD CON L</Nm></Dbtr><DbtrAcct><Id><PrtryAcct><Id>83230500194053</Id></PrtryAcct></Id></DbtrAcct><Cdtr><Nm>RYAN HAY NEW</Nm></Cdtr><CdtrAcct><Id><PrtryAcct><Id>23008200291341</Id></PrtryAcct></Id></CdtrAcct><Prtry><Tp>PD BUILDING</Tp><Pty/></Prtry></RltdPties><RmtInf><Strd><AddtlRmtInf>P DUNCAN BLD CON LPD BUILDING       VIA MOBILE - PYMT</AddtlRmtInf></Strd><Strd><AddtlRmtInf>P DUNCAN BLD CON L//PD BUILDING</AddtlRmtInf></Strd></RmtInf><RltdDts><TxDtTm>2018-09-07T17:48:17</TxDtTm></RltdDts><AddtlTxInf>25174817402807000R1020180907826832305</AddtlTxInf></TxDtls><AddtlNtryInf>COMPLETE//0000//003//CREDIT</AddtlNtryInf></Ntry><Ntry><Amt Ccy="GBP">35.00</Amt><CdtDbtInd>CRDT</CdtDbtInd><Sts>BOOK</Sts><BookgDt><Dt>2018-09-07</Dt></BookgDt><BkTxCd><Prtry><Cd>SIP UKBA CR 40269</Cd></Prtry></BkTxCd><TxDtls><Refs><EndToEndId>NOREF</EndToEndId><TxId>500000000386962340</TxId></Refs><RltdPties><Dbtr><Nm>K Kuczynski</Nm></Dbtr><DbtrAcct><Id><PrtryAcct><Id>30993246522660</Id></PrtryAcct></Id></DbtrAcct><Cdtr><Nm>PAULA BUCHOLC</Nm></Cdtr><CdtrAcct><Id><PrtryAcct><Id>23008200233440</Id></PrtryAcct></Id></CdtrAcct><Prtry><Tp>XD</Tp><Pty/></Prtry></RltdPties><RmtInf><Strd><AddtlRmtInf>NO REF</AddtlRmtInf></Strd><Strd><AddtlRmtInf>K Kuczynski//XD</AddtlRmtInf></Strd></RmtInf><RltdDts><TxDtTm>2018-09-07T17:48:57</TxDtTm></RltdDts><AddtlTxInf>5000000003869623401020180907826309932</AddtlTxInf></TxDtls><AddtlNtryInf>COMPLETE//0000//003//CREDIT</AddtlNtryInf></Ntry><Ntry><Amt Ccy="GBP">3.00</Amt><CdtDbtInd>CRDT</CdtDbtInd><Sts>BOOK</Sts><BookgDt><Dt>2018-09-07</Dt></BookgDt><BkTxCd><Prtry><Cd>DCA UKBA CR 40269</Cd></Prtry></BkTxCd><TxDtls><Refs><EndToEndId>NOREF</EndToEndId><TxId>000000013510945001</TxId><Prtry><Tp>STO REF</Tp><Ref>4265</Ref></Prtry></Refs><RltdPties><Dbtr><Nm>K OJEIKHOAH</Nm></Dbtr><DbtrAcct><Id><PrtryAcct><Id>20035373152596</Id></PrtryAcct></Id></DbtrAcct><Cdtr><Nm>ARRO OJEIKHOAH</Nm></Cdtr><CdtrAcct><Id><PrtryAcct><Id>23008200349768</Id></PrtryAcct></Id></CdtrAcct><Prtry><Tp>ARRO OJEIKHOAH</Tp><Pty/></Prtry></RltdPties><RmtInf><Strd><AddtlRmtInf>NO REF</AddtlRmtInf></Strd><Strd><AddtlRmtInf>K OJEIKHOAH//ARRO OJEIKHOAH</AddtlRmtInf></Strd></RmtInf><RltdDts><TxDtTm>2018-09-07T17:52:44</TxDtTm></RltdDts><AddtlTxInf>0000000135109450015020180907826200353</AddtlTxInf></TxDtls><AddtlNtryInf>COMPLETE//0000//003//CREDIT</AddtlNtryInf></Ntry><Ntry><Amt Ccy="GBP">60.00</Amt><CdtDbtInd>CRDT</CdtDbtInd><Sts>BOOK</Sts><BookgDt><Dt>2018-09-07</Dt></BookgDt><BkTxCd><Prtry><Cd>SIP UKBA CR 40269</Cd></Prtry></BkTxCd><TxDtls><Refs><EndToEndId>NOREF</EndToEndId><TxId>RP4659984090842100</TxId></Refs><RltdPties><Dbtr><Nm>KOSOWSKA A</Nm></Dbtr><DbtrAcct><Id><PrtryAcct><Id>20090340227161</Id></PrtryAcct></Id></DbtrAcct><Cdtr><Nm>PAWEL KOBRZYNSKI</Nm></Cdtr><CdtrAcct><Id><PrtryAcct><Id>23008200066251</Id></PrtryAcct></Id></CdtrAcct><Prtry><Tp>1234</Tp><Pty/></Prtry></RltdPties><RmtInf><Strd><AddtlRmtInf>NO REF</AddtlRmtInf></Strd><Strd><AddtlRmtInf>KOSOWSKA A//1234</AddtlRmtInf></Strd></RmtInf><RltdDts><TxDtTm>2018-09-07T17:54:07</TxDtTm></RltdDts><AddtlTxInf>RP46599840908421001020180907826200026</AddtlTxInf></TxDtls><AddtlNtryInf>COMPLETE//0000//003//CREDIT</AddtlNtryInf></Ntry><Ntry><Amt Ccy="GBP">257.00</Amt><CdtDbtInd>CRDT</CdtDbtInd><Sts>BOOK</Sts><BookgDt><Dt>2018-09-07</Dt></BookgDt><BkTxCd><Prtry><Cd>SIP UKBA CR 40269</Cd></Prtry></BkTxCd><TxDtls><Refs><EndToEndId>000000FT18250J8255</EndToEndId><TxId>000000FT18250J8255</TxId></Refs><RltdPties><Dbtr><Nm>LORNA MARIA CONSTABLE</Nm><PstlAdr><AdrLine>6 VORTEX ROAD;ESSEX</AdrLine><Ctry/></PstlAdr></Dbtr><DbtrAcct><Id><PrtryAcct><Id>23058029938355</Id></PrtryAcct></Id></DbtrAcct><Cdtr><Nm>MR NICHOLAS FISK</Nm><PstlAdr><AdrLine>NA</AdrLine><Ctry/></PstlAdr></Cdtr><CdtrAcct><Id><PrtryAcct><Id>23008200241129</Id></PrtryAcct></Id></CdtrAcct><Prtry><Tp>JG wag rec</Tp><Pty/></Prtry></RltdPties><RmtInf><Strd><AddtlRmtInf>NO REF</AddtlRmtInf></Strd><Strd><AddtlRmtInf>LORNA MARIA CONSTA//JG wag rec</AddtlRmtInf></Strd></RmtInf><RltdDts><TxDtTm>2018-09-07T17:58:54</TxDtTm></RltdDts><AddtlTxInf>000000FT18250J82551020180907826230580</AddtlTxInf></TxDtls><AddtlNtryInf>COMPLETE//0000//003//CREDIT</AddtlNtryInf></Ntry><Ntry><Amt Ccy="GBP">100.00</Amt><CdtDbtInd>CRDT</CdtDbtInd><Sts>BOOK</Sts><BookgDt><Dt>2018-09-07</Dt></BookgDt><BkTxCd><Prtry><Cd>SIP UKBA CR 40269</Cd></Prtry></BkTxCd><TxDtls><Refs><EndToEndId>K COTTERILL TRANSP</EndToEndId><TxId>28175934569709000R</TxId><Prtry><Tp>STO REF</Tp><Ref>0000</Ref></Prtry></Refs><RltdPties><Dbtr><Nm>K COTTERILL TRANSP</Nm></Dbtr><DbtrAcct><Id><PrtryAcct><Id>16181511090940</Id></PrtryAcct></Id></DbtrAcct><Cdtr><Nm>DANIEL GLOVER</Nm></Cdtr><CdtrAcct><Id><PrtryAcct><Id>23008200154536</Id></PrtryAcct></Id></CdtrAcct><Prtry><Tp>K COTTERILL TRANSP</Tp><Pty/></Prtry></RltdPties><RmtInf><Strd><AddtlRmtInf>K COTTERILL TRANSPK COTTERILL TRANSPVIA MOBILE - PYMT</AddtlRmtInf></Strd><Strd><AddtlRmtInf>K COTTERILL TRANSP//K COTTERILL TRANSP</AddtlRmtInf></Strd></RmtInf><RltdDts><TxDtTm>2018-09-07T17:59:34</TxDtTm></RltdDts><AddtlTxInf>28175934569709000R1020180907826161815</AddtlTxInf></TxDtls><AddtlNtryInf>COMPLETE//0000//003//CREDIT</AddtlNtryInf></Ntry><Ntry><Amt Ccy="GBP">20.00</Amt><CdtDbtInd>CRDT</CdtDbtInd><Sts>BOOK</Sts><BookgDt><Dt>2018-09-07</Dt></BookgDt><BkTxCd><Prtry><Cd>SIP UKBA CR 40269</Cd></Prtry></BkTxCd><TxDtls><Refs><EndToEndId>00156481632BBFPVDL</EndToEndId><TxId>00156481632BBFPVDL</TxId></Refs><RltdPties><Dbtr><Nm>DEBORAH MILLS</Nm></Dbtr><DbtrAcct><Id><PrtryAcct><Id>09013602157382</Id></PrtryAcct></Id></DbtrAcct><Cdtr><Nm>SIMON MILLS</Nm></Cdtr><CdtrAcct><Id><PrtryAcct><Id>23008200231360</Id></PrtryAcct></Id></CdtrAcct><Prtry><Tp>Bank of Mum</Tp><Pty/></Prtry></RltdPties><RmtInf><Strd><AddtlRmtInf>NO REF</AddtlRmtInf></Strd><Strd><AddtlRmtInf>DEBORAH MILLS//Bank of Mum</AddtlRmtInf></Strd></RmtInf><RltdDts><TxDtTm>2018-09-07T17:59:45</TxDtTm></RltdDts><AddtlTxInf>00156481632BBFPVDL1020180907826090136</AddtlTxInf></TxDtls><AddtlNtryInf>COMPLETE//0000//003//CREDIT</AddtlNtryInf></Ntry></Ntfctn></BkToCstmrDbtCdtNtfctnV01></Document>