<?xml version="1.0" encoding="UTF-8"?><Document xmlns:xsi="http://www.w3.org/2001/XMLSchema-instance" xmlns="urn:iso:std:iso:20022:tech:xsd:camt.054.001.01"><BkToCstmrDbtCdtNtfctnV01><GrpHdr><MsgId>80309K//13462</MsgId><CreDtTm>2018-09-28T20:30:00</CreDtTm></GrpHdr><Ntfctn><Id>80309K//13462//1</Id><CreDtTm>2018-09-28T20:30:00</CreDtTm><Acct><Id><PrtryAcct><Id>20594233939774</Id></PrtryAcct></Id><Ccy>GBP</Ccy></Acct><TxsSummry><TtlNtries><NbOfNtries>11</NbOfNtries><Sum>758.80</Sum></TtlNtries><TtlCdtNtries><NbOfNtries>11</NbOfNtries><Sum>758.80</Sum></TtlCdtNtries><TtlDbtNtries><NbOfNtries>0</NbOfNtries><Sum>0.00</Sum></TtlDbtNtries></TxsSummry><Ntry><Amt Ccy="GBP">33.80</Amt><CdtDbtInd>CRDT</CdtDbtInd><Sts>BOOK</Sts><BookgDt><Dt>2018-10-01</Dt></BookgDt><BkTxCd><Prtry><Cd>SIP UKBA CR 40269</Cd></Prtry></BkTxCd><TxDtls><Refs><EndToEndId>PPWD00000000AQXR86</EndToEndId><TxId>PPWD00000000AQXR86</TxId></Refs><RltdPties><Dbtr><Nm>PayPal</Nm><PstlAdr><AdrLine>2211 N 1st Street San Jose CA 95131</AdrLine><Ctry/></PstlAdr></Dbtr><DbtrAcct><Id><PrtryAcct><Id>23526278959595</Id></PrtryAcct></Id></DbtrAcct><Cdtr><Nm>Great Wazzy Pet Wear</Nm><PstlAdr><AdrLine>100 Surbiton Hill Park</AdrLine><Ctry/></PstlAdr></Cdtr><CdtrAcct><Id><PrtryAcct><Id>23008200467086</Id></PrtryAcct></Id></CdtrAcct><Prtry><Tp>PPWDL4ER22ALCTXYM6</Tp><Pty/></Prtry></RltdPties><RmtInf><Strd><RfrdDocInf><RfrdDocTp><Prtry>002</Prtry></RfrdDocTp></RfrdDocInf><AddtlRmtInf>NO REF</AddtlRmtInf></Strd><Strd><AddtlRmtInf>PayPal//PPWDL4ER22ALCTXYM6</AddtlRmtInf></Strd></RmtInf><RltdDts><TxDtTm>2018-09-28T20:00:42</TxDtTm></RltdDts><AddtlTxInf>PPWD00000000AQXR861020180928826235262</AddtlTxInf></TxDtls><AddtlNtryInf>COMPLETE//0000//003//CREDIT</AddtlNtryInf></Ntry><Ntry><Amt Ccy="GBP">60.00</Amt><CdtDbtInd>CRDT</CdtDbtInd><Sts>BOOK</Sts><BookgDt><Dt>2018-10-01</Dt></BookgDt><BkTxCd><Prtry><Cd>SIP UKBA CR 40269</Cd></Prtry></BkTxCd><TxDtls><Refs><EndToEndId>NOREF</EndToEndId><TxId>200000000391486727</TxId></Refs><RltdPties><Dbtr><Nm>E Donker</Nm></Dbtr><DbtrAcct><Id><PrtryAcct><Id>30155364864460</Id></PrtryAcct></Id></DbtrAcct><Cdtr><Nm>ADEWOLE HASSANI</Nm></Cdtr><CdtrAcct><Id><PrtryAcct><Id>23008200473307</Id></PrtryAcct></Id></CdtrAcct><Prtry><Tp>BASKET</Tp><Pty/></Prtry></RltdPties><RmtInf><Strd><AddtlRmtInf>NO REF</AddtlRmtInf></Strd><Strd><AddtlRmtInf>E Donker//BASKET</AddtlRmtInf></Strd></RmtInf><RltdDts><TxDtTm>2018-09-28T20:01:53</TxDtTm></RltdDts><AddtlTxInf>2000000003914867271020180928826301553</AddtlTxInf></TxDtls><AddtlNtryInf>COMPLETE//0000//003//CREDIT</AddtlNtryInf></Ntry><Ntry><Amt Ccy="GBP">20.00</Amt><CdtDbtInd>CRDT</CdtDbtInd><Sts>BOOK</Sts><BookgDt><Dt>2018-10-01</Dt></BookgDt><BkTxCd><Prtry><Cd>DCA UKBA CR 40269</Cd></Prtry></BkTxCd><TxDtls><Refs><EndToEndId>NOREF</EndToEndId><TxId>000000013705729001</TxId><Prtry><Tp>STO REF</Tp><Ref>0000</Ref></Prtry></Refs><RltdPties><Dbtr><Nm>MR HYDARA</Nm></Dbtr><DbtrAcct><Id><PrtryAcct><Id>20594233674975</Id></PrtryAcct></Id></DbtrAcct><Cdtr><Nm>MR E HYDARA JAB</Nm></Cdtr><CdtrAcct><Id><PrtryAcct><Id>23008200231685</Id></PrtryAcct></Id></CdtrAcct><Prtry><Tp>L022527</Tp><Pty/></Prtry></RltdPties><RmtInf><Strd><AddtlRmtInf>NO REF</AddtlRmtInf></Strd><Strd><AddtlRmtInf>MR HYDARA//L022527</AddtlRmtInf></Strd></RmtInf><RltdDts><TxDtTm>2018-09-28T20:02:03</TxDtTm></RltdDts><AddtlTxInf>0000000137057290015020180928826205942</AddtlTxInf></TxDtls><AddtlNtryInf>COMPLETE//0000//003//CREDIT</AddtlNtryInf></Ntry><Ntry><Amt Ccy="GBP">250.00</Amt><CdtDbtInd>CRDT</CdtDbtInd><Sts>BOOK</Sts><BookgDt><Dt>2018-10-01</Dt></BookgDt><BkTxCd><Prtry><Cd>DCA UKBA CR 40269</Cd></Prtry></BkTxCd><TxDtls><Refs><EndToEndId>NOREF</EndToEndId><TxId>000000013705728501</TxId><Prtry><Tp>STO REF</Tp><Ref>0000</Ref></Prtry></Refs><RltdPties><Dbtr><Nm>REFERENCE</Nm></Dbtr><DbtrAcct><Id><PrtryAcct><Id>20594233674975</Id></PrtryAcct></Id></DbtrAcct><Cdtr><Nm>DANIEL SURLEY</Nm></Cdtr><CdtrAcct><Id><PrtryAcct><Id>23008200455002</Id></PrtryAcct></Id></CdtrAcct><Prtry><Tp>L022522</Tp><Pty/></Prtry></RltdPties><RmtInf><Strd><AddtlRmtInf>NO REF</AddtlRmtInf></Strd><Strd><AddtlRmtInf>REFERENCE//L022522</AddtlRmtInf></Strd></RmtInf><RltdDts><TxDtTm>2018-09-28T20:02:03</TxDtTm></RltdDts><AddtlTxInf>0000000137057285015020180928826205942</AddtlTxInf></TxDtls><AddtlNtryInf>COMPLETE//0000//003//CREDIT</AddtlNtryInf></Ntry><Ntry><Amt Ccy="GBP">1.00</Amt><CdtDbtInd>CRDT</CdtDbtInd><Sts>BOOK</Sts><BookgDt><Dt>2018-10-01</Dt></BookgDt><BkTxCd><Prtry><Cd>SIP UKBA CR 40269</Cd></Prtry></BkTxCd><TxDtls><Refs><EndToEndId>DONE</EndToEndId><TxId>37200600604798000J</TxId><Prtry><Tp>STO REF</Tp><Ref>0000</Ref></Prtry></Refs><RltdPties><Dbtr><Nm>O&apos;KANE NP</Nm></Dbtr><DbtrAcct><Id><PrtryAcct><Id>98045010474771</Id></PrtryAcct></Id></DbtrAcct><Cdtr><Nm>CHLOE</Nm></Cdtr><CdtrAcct><Id><PrtryAcct><Id>23008200459087</Id></PrtryAcct></Id></CdtrAcct><Prtry><Tp>DONE</Tp><Pty/></Prtry></RltdPties><RmtInf><Strd><AddtlRmtInf>O&apos;KANE NP         DONE              VIA MOBILE - LVP</AddtlRmtInf></Strd><Strd><AddtlRmtInf>O&apos;KANE NP//DONE</AddtlRmtInf></Strd></RmtInf><RltdDts><TxDtTm>2018-09-28T20:06:01</TxDtTm></RltdDts><AddtlTxInf>37200600604798000J1020180928826980450</AddtlTxInf></TxDtls><AddtlNtryInf>COMPLETE//0000//003//CREDIT</AddtlNtryInf></Ntry><Ntry><Amt Ccy="GBP">100.00</Amt><CdtDbtInd>CRDT</CdtDbtInd><Sts>BOOK</Sts><BookgDt><Dt>2018-10-01</Dt></BookgDt><BkTxCd><Prtry><Cd>SIP UKBA CR 40269</Cd></Prtry></BkTxCd><TxDtls><Refs><EndToEndId>SAVINGS</EndToEndId><TxId>13200859218450000N</TxId><Prtry><Tp>STO REF</Tp><Ref>0000</Ref></Prtry></Refs><RltdPties><Dbtr><Nm>RICHARDSON J</Nm></Dbtr><DbtrAcct><Id><PrtryAcct><Id>60094780642128</Id></PrtryAcct></Id></DbtrAcct><Cdtr><Nm>JACKIE RICHARDSON</Nm></Cdtr><CdtrAcct><Id><PrtryAcct><Id>23008200297448</Id></PrtryAcct></Id></CdtrAcct><Prtry><Tp>SAVINGS</Tp><Pty/></Prtry></RltdPties><RmtInf><Strd><AddtlRmtInf>RICHARDSON J      SAVINGS           VIA MOBILE - LVP</AddtlRmtInf></Strd><Strd><AddtlRmtInf>RICHARDSON J//SAVINGS</AddtlRmtInf></Strd></RmtInf><RltdDts><TxDtTm>2018-09-28T20:08:59</TxDtTm></RltdDts><AddtlTxInf>13200859218450000N1020180928826600947</AddtlTxInf></TxDtls><AddtlNtryInf>COMPLETE//0000//003//CREDIT</AddtlNtryInf></Ntry><Ntry><Amt Ccy="GBP">25.00</Amt><CdtDbtInd>CRDT</CdtDbtInd><Sts>BOOK</Sts><BookgDt><Dt>2018-10-01</Dt></BookgDt><BkTxCd><Prtry><Cd>SIP UKBA CR 40269</Cd></Prtry></BkTxCd><TxDtls><Refs><EndToEndId>NOREF</EndToEndId><TxId>400000000397956725</TxId></Refs><RltdPties><Dbtr><Nm>C Emsley</Nm></Dbtr><DbtrAcct><Id><PrtryAcct><Id>30997854875860</Id></PrtryAcct></Id></DbtrAcct><Cdtr><Nm>A</Nm></Cdtr><CdtrAcct><Id><PrtryAcct><Id>23008200433862</Id></PrtryAcct></Id></CdtrAcct><Prtry><Tp>LOIP SYND</Tp><Pty/></Prtry></RltdPties><RmtInf><Strd><AddtlRmtInf>NO REF</AddtlRmtInf></Strd><Strd><AddtlRmtInf>C Emsley//LOIP SYND</AddtlRmtInf></Strd></RmtInf><RltdDts><TxDtTm>2018-09-28T20:10:31</TxDtTm></RltdDts><AddtlTxInf>4000000003979567251020180928826309978</AddtlTxInf></TxDtls><AddtlNtryInf>COMPLETE//0000//003//CREDIT</AddtlNtryInf></Ntry><Ntry><Amt Ccy="GBP">27.00</Amt><CdtDbtInd>CRDT</CdtDbtInd><Sts>BOOK</Sts><BookgDt><Dt>2018-10-01</Dt></BookgDt><BkTxCd><Prtry><Cd>DCA UKBA CR 40269</Cd></Prtry></BkTxCd><TxDtls><Refs><EndToEndId>NOREF</EndToEndId><TxId>000000013705744801</TxId><Prtry><Tp>STO REF</Tp><Ref>0000</Ref></Prtry></Refs><RltdPties><Dbtr><Nm>23327200301938</Nm></Dbtr><DbtrAcct><Id><PrtryAcct><Id>20594263428524</Id></PrtryAcct></Id></DbtrAcct><Cdtr><Nm>PAUL CARTER</Nm></Cdtr><CdtrAcct><Id><PrtryAcct><Id>23008200060519</Id></PrtryAcct></Id></CdtrAcct><Prtry><Tp>FINE</Tp><Pty/></Prtry></RltdPties><RmtInf><Strd><AddtlRmtInf>NO REF</AddtlRmtInf></Strd><Strd><AddtlRmtInf>23327200301938//FINE</AddtlRmtInf></Strd></RmtInf><RltdDts><TxDtTm>2018-09-28T20:12:58</TxDtTm></RltdDts><AddtlTxInf>0000000137057448015020180928826205942</AddtlTxInf></TxDtls><AddtlNtryInf>COMPLETE//0000//003//CREDIT</AddtlNtryInf></Ntry><Ntry><Amt Ccy="GBP">172.00</Amt><CdtDbtInd>CRDT</CdtDbtInd><Sts>BOOK</Sts><BookgDt><Dt>2018-10-01</Dt></BookgDt><BkTxCd><Prtry><Cd>DCA UKBA CR 40269</Cd></Prtry></BkTxCd><TxDtls><Refs><EndToEndId>NOREF</EndToEndId><TxId>000000013705790601</TxId><Prtry><Tp>STO REF</Tp><Ref>3103</Ref></Prtry></Refs><RltdPties><Dbtr><Nm>A BIRCH</Nm></Dbtr><DbtrAcct><Id><PrtryAcct><Id>20035373152596</Id></PrtryAcct></Id></DbtrAcct><Cdtr><Nm>ALEX BIRCH1</Nm></Cdtr><CdtrAcct><Id><PrtryAcct><Id>23008200067887</Id></PrtryAcct></Id></CdtrAcct><Prtry><Tp>ALEX BIRCH</Tp><Pty/></Prtry></RltdPties><RmtInf><Strd><AddtlRmtInf>NO REF</AddtlRmtInf></Strd><Strd><AddtlRmtInf>A BIRCH//ALEX BIRCH</AddtlRmtInf></Strd></RmtInf><RltdDts><TxDtTm>2018-09-28T20:17:42</TxDtTm></RltdDts><AddtlTxInf>0000000137057906015020180928826200353</AddtlTxInf></TxDtls><AddtlNtryInf>COMPLETE//0000//003//CREDIT</AddtlNtryInf></Ntry><Ntry><Amt Ccy="GBP">60.00</Amt><CdtDbtInd>CRDT</CdtDbtInd><Sts>BOOK</Sts><BookgDt><Dt>2018-10-01</Dt></BookgDt><BkTxCd><Prtry><Cd>DCA UKBA CR 40269</Cd></Prtry></BkTxCd><TxDtls><Refs><EndToEndId>NOREF</EndToEndId><TxId>000000013705805201</TxId><Prtry><Tp>STO REF</Tp><Ref>8207</Ref></Prtry></Refs><RltdPties><Dbtr><Nm>EVA AMBER DONKER</Nm></Dbtr><DbtrAcct><Id><PrtryAcct><Id>20035373152596</Id></PrtryAcct></Id></DbtrAcct><Cdtr><Nm>WENDY KILARO</Nm></Cdtr><CdtrAcct><Id><PrtryAcct><Id>23008200473746</Id></PrtryAcct></Id></CdtrAcct><Prtry><Tp>WENDY KILARO</Tp><Pty/></Prtry></RltdPties><RmtInf><Strd><AddtlRmtInf>NO REF</AddtlRmtInf></Strd><Strd><AddtlRmtInf>EVA AMBER DONKER//WENDY KILARO</AddtlRmtInf></Strd></RmtInf><RltdDts><TxDtTm>2018-09-28T20:17:44</TxDtTm></RltdDts><AddtlTxInf>0000000137058052015020180928826200353</AddtlTxInf></TxDtls><AddtlNtryInf>COMPLETE//0000//003//CREDIT</AddtlNtryInf></Ntry><Ntry><Amt Ccy="GBP">10.00</Amt><CdtDbtInd>CRDT</CdtDbtInd><Sts>BOOK</Sts><BookgDt><Dt>2018-10-01</Dt></BookgDt><BkTxCd><Prtry><Cd>SIP UKBA CR 40269</Cd></Prtry></BkTxCd><TxDtls><Refs><EndToEndId>NOREF</EndToEndId><TxId>180928202351838640</TxId></Refs><RltdPties><Dbtr><Nm>Moshood Bello</Nm></Dbtr><DbtrAcct><Id><PrtryAcct><Id>30934420455960</Id></PrtryAcct></Id></DbtrAcct><Cdtr><Nm>mr m bello arro</Nm></Cdtr><CdtrAcct><Id><PrtryAcct><Id>23008200193961</Id></PrtryAcct></Id></CdtrAcct></RltdPties><RmtInf><Strd><AddtlRmtInf>NO REF</AddtlRmtInf></Strd><Strd><AddtlRmtInf>Moshood Bello//</AddtlRmtInf></Strd></RmtInf><RltdDts><TxDtTm>2018-09-28T20:23:49</TxDtTm></RltdDts><AddtlTxInf>1809282023518386401020180928826309344</AddtlTxInf></TxDtls><AddtlNtryInf>COMPLETE//0000//003//CREDIT</AddtlNtryInf></Ntry></Ntfctn></BkToCstmrDbtCdtNtfctnV01></Document>