<?xml version="1.0" encoding="UTF-8"?><Document xmlns:xsi="http://www.w3.org/2001/XMLSchema-instance" xmlns="urn:iso:std:iso:20022:tech:xsd:camt.054.001.01"><BkToCstmrDbtCdtNtfctnV01><GrpHdr><MsgId>80309K//12698</MsgId><CreDtTm>2018-09-11T07:00:00</CreDtTm></GrpHdr><Ntfctn><Id>80309K//12698//1</Id><CreDtTm>2018-09-11T07:00:00</CreDtTm><Acct><Id><PrtryAcct><Id>20594233939774</Id></PrtryAcct></Id><Ccy>GBP</Ccy></Acct><TxsSummry><TtlNtries><NbOfNtries>3</NbOfNtries><Sum>653.01</Sum></TtlNtries><TtlCdtNtries><NbOfNtries>3</NbOfNtries><Sum>653.01</Sum></TtlCdtNtries><TtlDbtNtries><NbOfNtries>0</NbOfNtries><Sum>0.00</Sum></TtlDbtNtries></TxsSummry><Ntry><Amt Ccy="GBP">53.00</Amt><CdtDbtInd>CRDT</CdtDbtInd><Sts>BOOK</Sts><BookgDt><Dt>2018-09-11</Dt></BookgDt><BkTxCd><Prtry><Cd>SIP UKBA CR 40269</Cd></Prtry></BkTxCd><TxDtls><Refs><EndToEndId>NOREF</EndToEndId><TxId>600000000387477517</TxId></Refs><RltdPties><Dbtr><Nm>L Bunn</Nm></Dbtr><DbtrAcct><Id><PrtryAcct><Id>11078310565063</Id></PrtryAcct></Id></DbtrAcct><Cdtr><Nm>ARRO</Nm></Cdtr><CdtrAcct><Id><PrtryAcct><Id>23008200085367</Id></PrtryAcct></Id></CdtrAcct><Prtry><Tp>FUEL</Tp><Pty/></Prtry></RltdPties><RmtInf><Strd><AddtlRmtInf>NO REF</AddtlRmtInf></Strd><Strd><AddtlRmtInf>L Bunn//FUEL</AddtlRmtInf></Strd></RmtInf><RltdDts><TxDtTm>2018-09-11T06:38:19</TxDtTm></RltdDts><AddtlTxInf>6000000003874775171020180911826110783</AddtlTxInf></TxDtls><AddtlNtryInf>COMPLETE//0000//003//CREDIT</AddtlNtryInf></Ntry><Ntry><Amt Ccy="GBP">0.01</Amt><CdtDbtInd>CRDT</CdtDbtInd><Sts>BOOK</Sts><BookgDt><Dt>2018-09-11</Dt></BookgDt><BkTxCd><Prtry><Cd>SIP UKBA CR 40269</Cd></Prtry></BkTxCd><TxDtls><Refs><EndToEndId>PPRD00000000AMEE3I</EndToEndId><TxId>PPRD00000000AMEE3I</TxId></Refs><RltdPties><Dbtr><Nm>PAYPAL CODE 4670</Nm><PstlAdr><AdrLine>2211 N 1st Street San Jose CA 95131</AdrLine><Ctry/></PstlAdr></Dbtr><DbtrAcct><Id><PrtryAcct><Id>23526285010101</Id></PrtryAcct></Id></DbtrAcct><Cdtr><Nm>arthur hughes</Nm><PstlAdr><AdrLine>aldersyde lodge</AdrLine><Ctry/></PstlAdr></Cdtr><CdtrAcct><Id><PrtryAcct><Id>23008200082873</Id></PrtryAcct></Id></CdtrAcct><Prtry><Tp>PAYPAL CODE 4670</Tp><Pty/></Prtry></RltdPties><RmtInf><Strd><RfrdDocInf><RfrdDocTp><Prtry>002</Prtry></RfrdDocTp></RfrdDocInf><AddtlRmtInf>NO REF</AddtlRmtInf></Strd><Strd><AddtlRmtInf>PAYPAL CODE 4670//PAYPAL CODE 4670</AddtlRmtInf></Strd></RmtInf><RltdDts><TxDtTm>2018-09-11T06:42:11</TxDtTm></RltdDts><AddtlTxInf>PPRD00000000AMEE3I1020180911826235262</AddtlTxInf></TxDtls><AddtlNtryInf>COMPLETE//0000//003//CREDIT</AddtlNtryInf></Ntry><Ntry><Amt Ccy="GBP">600.00</Amt><CdtDbtInd>CRDT</CdtDbtInd><Sts>BOOK</Sts><BookgDt><Dt>2018-09-11</Dt></BookgDt><BkTxCd><Prtry><Cd>SIP UKBA CR 40269</Cd></Prtry></BkTxCd><TxDtls><Refs><EndToEndId>NOREF</EndToEndId><TxId>600000000387479307</TxId></Refs><RltdPties><Dbtr><Nm>Chryson Limited</Nm></Dbtr><DbtrAcct><Id><PrtryAcct><Id>80066406006715</Id></PrtryAcct></Id></DbtrAcct><Cdtr><Nm>DAVID DRIVER</Nm></Cdtr><CdtrAcct><Id><PrtryAcct><Id>23008200083441</Id></PrtryAcct></Id></CdtrAcct><Prtry><Tp>MARKETING FEES</Tp><Pty/></Prtry></RltdPties><RmtInf><Strd><AddtlRmtInf>NO REF</AddtlRmtInf></Strd><Strd><AddtlRmtInf>Chryson Limited//MARKETING FEES</AddtlRmtInf></Strd></RmtInf><RltdDts><TxDtTm>2018-09-11T06:52:02</TxDtTm></RltdDts><AddtlTxInf>6000000003874793071020180911826800664</AddtlTxInf></TxDtls><AddtlNtryInf>COMPLETE//0000//003//CREDIT</AddtlNtryInf></Ntry></Ntfctn></BkToCstmrDbtCdtNtfctnV01></Document>