<?xml version="1.0" encoding="UTF-8"?><Document xmlns:xsi="http://www.w3.org/2001/XMLSchema-instance" xmlns="urn:iso:std:iso:20022:tech:xsd:camt.054.001.01"><BkToCstmrDbtCdtNtfctnV01><GrpHdr><MsgId>80309K//12845</MsgId><CreDtTm>2018-09-14T14:00:00</CreDtTm></GrpHdr><Ntfctn><Id>80309K//12845//1</Id><CreDtTm>2018-09-14T14:00:00</CreDtTm><Acct><Id><PrtryAcct><Id>20594233939774</Id></PrtryAcct></Id><Ccy>GBP</Ccy></Acct><TxsSummry><TtlNtries><NbOfNtries>10</NbOfNtries><Sum>2614.85</Sum></TtlNtries><TtlCdtNtries><NbOfNtries>10</NbOfNtries><Sum>2614.85</Sum></TtlCdtNtries><TtlDbtNtries><NbOfNtries>0</NbOfNtries><Sum>0.00</Sum></TtlDbtNtries></TxsSummry><Ntry><Amt Ccy="GBP">499.00</Amt><CdtDbtInd>CRDT</CdtDbtInd><Sts>BOOK</Sts><BookgDt><Dt>2018-09-14</Dt></BookgDt><BkTxCd><Prtry><Cd>SIP UKBA CR 40269</Cd></Prtry></BkTxCd><TxDtls><Refs><EndToEndId>NOREF</EndToEndId><TxId>180914133037517873</TxId></Refs><RltdPties><Dbtr><Nm>Stanley Fosbeary</Nm></Dbtr><DbtrAcct><Id><PrtryAcct><Id>77300271080460</Id></PrtryAcct></Id></DbtrAcct><Cdtr><Nm>Credit</Nm></Cdtr><CdtrAcct><Id><PrtryAcct><Id>23008200163227</Id></PrtryAcct></Id></CdtrAcct><Prtry><Tp>BILL</Tp><Pty/></Prtry></RltdPties><RmtInf><Strd><AddtlRmtInf>NO REF</AddtlRmtInf></Strd><Strd><AddtlRmtInf>Stanley Fosbeary//BILL</AddtlRmtInf></Strd></RmtInf><RltdDts><TxDtTm>2018-09-14T13:30:34</TxDtTm></RltdDts><AddtlTxInf>1809141330375178731020180914826773002</AddtlTxInf></TxDtls><AddtlNtryInf>COMPLETE//0000//002//CREDIT</AddtlNtryInf></Ntry><Ntry><Amt Ccy="GBP">20.00</Amt><CdtDbtInd>CRDT</CdtDbtInd><Sts>BOOK</Sts><BookgDt><Dt>2018-09-14</Dt></BookgDt><BkTxCd><Prtry><Cd>SIP UKBA CR 40269</Cd></Prtry></BkTxCd><TxDtls><Refs><EndToEndId>NOREF</EndToEndId><TxId>300000000392395757</TxId></Refs><RltdPties><Dbtr><Nm>D Coshall</Nm></Dbtr><DbtrAcct><Id><PrtryAcct><Id>11048600536496</Id></PrtryAcct></Id></DbtrAcct><Cdtr><Nm>BAEMMS</Nm></Cdtr><CdtrAcct><Id><PrtryAcct><Id>23008200223303</Id></PrtryAcct></Id></CdtrAcct><Prtry><Tp>DARREN COSHALL</Tp><Pty/></Prtry></RltdPties><RmtInf><Strd><AddtlRmtInf>NO REF</AddtlRmtInf></Strd><Strd><AddtlRmtInf>D Coshall//DARREN COSHALL</AddtlRmtInf></Strd></RmtInf><RltdDts><TxDtTm>2018-09-14T13:33:36</TxDtTm></RltdDts><AddtlTxInf>3000000003923957571020180914826110486</AddtlTxInf></TxDtls><AddtlNtryInf>COMPLETE//0000//002//CREDIT</AddtlNtryInf></Ntry><Ntry><Amt Ccy="GBP">603.75</Amt><CdtDbtInd>CRDT</CdtDbtInd><Sts>BOOK</Sts><BookgDt><Dt>2018-09-14</Dt></BookgDt><BkTxCd><Prtry><Cd>SIP UKBA CR 40269</Cd></Prtry></BkTxCd><TxDtls><Refs><EndToEndId>NOREF</EndToEndId><TxId>384388814331419001</TxId><Prtry><Tp>STO REF</Tp><Ref>0000</Ref></Prtry></Refs><RltdPties><Dbtr><Nm>PROPERTYINSI</Nm></Dbtr><DbtrAcct><Id><PrtryAcct><Id>40402211752456</Id></PrtryAcct></Id></DbtrAcct><Cdtr><Nm>WAYNE COYLE</Nm></Cdtr><CdtrAcct><Id><PrtryAcct><Id>23008200300391</Id></PrtryAcct></Id></CdtrAcct><Prtry><Tp>WAGES EXPENSES CFB</Tp><Pty/></Prtry></RltdPties><RmtInf><Strd><AddtlRmtInf>NO REF</AddtlRmtInf></Strd><Strd><AddtlRmtInf>PROPERTYINSI//WAGES EXPENSES CFB</AddtlRmtInf></Strd></RmtInf><RltdDts><TxDtTm>2018-09-14T13:34:19</TxDtTm></RltdDts><AddtlTxInf>3843888143314190011020180914826404022</AddtlTxInf></TxDtls><AddtlNtryInf>COMPLETE//0000//002//CREDIT</AddtlNtryInf></Ntry><Ntry><Amt Ccy="GBP">8.00</Amt><CdtDbtInd>CRDT</CdtDbtInd><Sts>BOOK</Sts><BookgDt><Dt>2018-09-14</Dt></BookgDt><BkTxCd><Prtry><Cd>SIP UKBA CR 40269</Cd></Prtry></BkTxCd><TxDtls><Refs><EndToEndId>NOREF</EndToEndId><TxId>530032350431419001</TxId><Prtry><Tp>STO REF</Tp><Ref>0000</Ref></Prtry></Refs><RltdPties><Dbtr><Nm>Rental Insights</Nm></Dbtr><DbtrAcct><Id><PrtryAcct><Id>40402211753835</Id></PrtryAcct></Id></DbtrAcct><Cdtr><Nm>WAYNE COYLE</Nm></Cdtr><CdtrAcct><Id><PrtryAcct><Id>23008200300391</Id></PrtryAcct></Id></CdtrAcct><Prtry><Tp>WAGES AND EXPENSES</Tp><Pty/></Prtry></RltdPties><RmtInf><Strd><AddtlRmtInf>NO REF</AddtlRmtInf></Strd><Strd><AddtlRmtInf>Rental Insights//WAGES AND EXPENSES</AddtlRmtInf></Strd></RmtInf><RltdDts><TxDtTm>2018-09-14T13:40:53</TxDtTm></RltdDts><AddtlTxInf>5300323504314190011020180914826404022</AddtlTxInf></TxDtls><AddtlNtryInf>COMPLETE//0000//002//CREDIT</AddtlNtryInf></Ntry><Ntry><Amt Ccy="GBP">210.00</Amt><CdtDbtInd>CRDT</CdtDbtInd><Sts>BOOK</Sts><BookgDt><Dt>2018-09-14</Dt></BookgDt><BkTxCd><Prtry><Cd>SIP UKBA CR 40269</Cd></Prtry></BkTxCd><TxDtls><Refs><EndToEndId>NOREF</EndToEndId><TxId>RP4659984541604200</TxId></Refs><RltdPties><Dbtr><Nm>KHEDDACHE B</Nm></Dbtr><DbtrAcct><Id><PrtryAcct><Id>20089803436632</Id></PrtryAcct></Id></DbtrAcct><Cdtr><Nm>T TROLLEY</Nm></Cdtr><CdtrAcct><Id><PrtryAcct><Id>23008200432490</Id></PrtryAcct></Id></CdtrAcct><Prtry><Tp>BMNLQR</Tp><Pty/></Prtry></RltdPties><RmtInf><Strd><AddtlRmtInf>NO REF</AddtlRmtInf></Strd><Strd><AddtlRmtInf>KHEDDACHE B//BMNLQR</AddtlRmtInf></Strd></RmtInf><RltdDts><TxDtTm>2018-09-14T13:41:02</TxDtTm></RltdDts><AddtlTxInf>RP46599845416042001020180914826200026</AddtlTxInf></TxDtls><AddtlNtryInf>COMPLETE//0000//002//CREDIT</AddtlNtryInf></Ntry><Ntry><Amt Ccy="GBP">5.00</Amt><CdtDbtInd>CRDT</CdtDbtInd><Sts>BOOK</Sts><BookgDt><Dt>2018-09-14</Dt></BookgDt><BkTxCd><Prtry><Cd>SIP UKBA CR 40269</Cd></Prtry></BkTxCd><TxDtls><Refs><EndToEndId>NOREF</EndToEndId><TxId>RP4679961378867700</TxId></Refs><RltdPties><Dbtr><Nm>ADEBAYO O</Nm></Dbtr><DbtrAcct><Id><PrtryAcct><Id>20542593314898</Id></PrtryAcct></Id></DbtrAcct><Cdtr><Nm>NEIL TEAGUE</Nm></Cdtr><CdtrAcct><Id><PrtryAcct><Id>23008200445960</Id></PrtryAcct></Id></CdtrAcct><Prtry><Tp>NEIL</Tp><Pty/></Prtry></RltdPties><RmtInf><Strd><AddtlRmtInf>NO REF</AddtlRmtInf></Strd><Strd><AddtlRmtInf>ADEBAYO O//NEIL</AddtlRmtInf></Strd></RmtInf><RltdDts><TxDtTm>2018-09-14T13:43:03</TxDtTm></RltdDts><AddtlTxInf>RP46799613788677001020180914826200026</AddtlTxInf></TxDtls><AddtlNtryInf>COMPLETE//0000//002//CREDIT</AddtlNtryInf></Ntry><Ntry><Amt Ccy="GBP">30.00</Amt><CdtDbtInd>CRDT</CdtDbtInd><Sts>BOOK</Sts><BookgDt><Dt>2018-09-14</Dt></BookgDt><BkTxCd><Prtry><Cd>SIP UKBA CR 40269</Cd></Prtry></BkTxCd><TxDtls><Refs><EndToEndId>00151092632BBJJMDC</EndToEndId><TxId>00151092632BBJJMDC</TxId></Refs><RltdPties><Dbtr><Nm>HAZEL CORE</Nm></Dbtr><DbtrAcct><Id><PrtryAcct><Id>09012834385390</Id></PrtryAcct></Id></DbtrAcct><Cdtr><Nm>ARRO CARD</Nm></Cdtr><CdtrAcct><Id><PrtryAcct><Id>23008200014496</Id></PrtryAcct></Id></CdtrAcct><Prtry><Tp>phone bill</Tp><Pty/></Prtry></RltdPties><RmtInf><Strd><AddtlRmtInf>NO REF</AddtlRmtInf></Strd><Strd><AddtlRmtInf>HAZEL CORE//phone bill</AddtlRmtInf></Strd></RmtInf><RltdDts><TxDtTm>2018-09-14T13:43:58</TxDtTm></RltdDts><AddtlTxInf>00151092632BBJJMDC1020180914826090128</AddtlTxInf></TxDtls><AddtlNtryInf>COMPLETE//0000//002//CREDIT</AddtlNtryInf></Ntry><Ntry><Amt Ccy="GBP">839.00</Amt><CdtDbtInd>CRDT</CdtDbtInd><Sts>BOOK</Sts><BookgDt><Dt>2018-09-14</Dt></BookgDt><BkTxCd><Prtry><Cd>SIP UKBA CR 40269</Cd></Prtry></BkTxCd><TxDtls><Refs><EndToEndId>NOREF</EndToEndId><TxId>RP4679961379010500</TxId></Refs><RltdPties><Dbtr><Nm>SMART C L</Nm></Dbtr><DbtrAcct><Id><PrtryAcct><Id>20723300224618</Id></PrtryAcct></Id></DbtrAcct><Cdtr><Nm>FLIGHTS SCANNERS</Nm></Cdtr><CdtrAcct><Id><PrtryAcct><Id>23008200444932</Id></PrtryAcct></Id></CdtrAcct><Prtry><Tp>MICHAEL RANDELL</Tp><Pty/></Prtry></RltdPties><RmtInf><Strd><AddtlRmtInf>NO REF</AddtlRmtInf></Strd><Strd><AddtlRmtInf>SMART C L//MICHAEL RANDELL</AddtlRmtInf></Strd></RmtInf><RltdDts><TxDtTm>2018-09-14T13:44:25</TxDtTm></RltdDts><AddtlTxInf>RP46799613790105001020180914826200026</AddtlTxInf></TxDtls><AddtlNtryInf>COMPLETE//0000//002//CREDIT</AddtlNtryInf></Ntry><Ntry><Amt Ccy="GBP">0.10</Amt><CdtDbtInd>CRDT</CdtDbtInd><Sts>BOOK</Sts><BookgDt><Dt>2018-09-14</Dt></BookgDt><BkTxCd><Prtry><Cd>SIP UKBA CR 40269</Cd></Prtry></BkTxCd><TxDtls><Refs><EndToEndId>ME</EndToEndId><TxId>12134442843806000N</TxId><Prtry><Tp>STO REF</Tp><Ref>0000</Ref></Prtry></Refs><RltdPties><Dbtr><Nm>HANCOX N</Nm></Dbtr><DbtrAcct><Id><PrtryAcct><Id>56004531192947</Id></PrtryAcct></Id></DbtrAcct><Cdtr><Nm>ME</Nm></Cdtr><CdtrAcct><Id><PrtryAcct><Id>23008200387686</Id></PrtryAcct></Id></CdtrAcct><Prtry><Tp>ME</Tp><Pty/></Prtry></RltdPties><RmtInf><Strd><AddtlRmtInf>HANCOX N          ME                VIA MOBILE - LVP</AddtlRmtInf></Strd><Strd><AddtlRmtInf>HANCOX N//ME</AddtlRmtInf></Strd></RmtInf><RltdDts><TxDtTm>2018-09-14T13:44:43</TxDtTm></RltdDts><AddtlTxInf>12134442843806000N1020180914826560045</AddtlTxInf></TxDtls><AddtlNtryInf>COMPLETE//0000//002//CREDIT</AddtlNtryInf></Ntry><Ntry><Amt Ccy="GBP">400.00</Amt><CdtDbtInd>CRDT</CdtDbtInd><Sts>BOOK</Sts><BookgDt><Dt>2018-09-14</Dt></BookgDt><BkTxCd><Prtry><Cd>SIP UKBA CR 40269</Cd></Prtry></BkTxCd><TxDtls><Refs><EndToEndId>NOREF</EndToEndId><TxId>300000000392400241</TxId></Refs><RltdPties><Dbtr><Nm>O Daodu</Nm></Dbtr><DbtrAcct><Id><PrtryAcct><Id>30667641386260</Id></PrtryAcct></Id></DbtrAcct><Cdtr><Nm>EXPORT SOLUTION</Nm></Cdtr><CdtrAcct><Id><PrtryAcct><Id>23008200044254</Id></PrtryAcct></Id></CdtrAcct><Prtry><Tp>OLA DAODU</Tp><Pty/></Prtry></RltdPties><RmtInf><Strd><AddtlRmtInf>NO REF</AddtlRmtInf></Strd><Strd><AddtlRmtInf>O Daodu//OLA DAODU</AddtlRmtInf></Strd></RmtInf><RltdDts><TxDtTm>2018-09-14T13:46:28</TxDtTm></RltdDts><AddtlTxInf>3000000003924002411020180914826306676</AddtlTxInf></TxDtls><AddtlNtryInf>COMPLETE//0000//002//CREDIT</AddtlNtryInf></Ntry></Ntfctn></BkToCstmrDbtCdtNtfctnV01></Document>