<?xml version="1.0" encoding="UTF-8"?><Document xmlns:xsi="http://www.w3.org/2001/XMLSchema-instance" xmlns="urn:iso:std:iso:20022:tech:xsd:camt.054.001.01"><BkToCstmrDbtCdtNtfctnV01><GrpHdr><MsgId>80309K//12797</MsgId><CreDtTm>2018-09-13T13:30:00</CreDtTm></GrpHdr><Ntfctn><Id>80309K//12797//1</Id><CreDtTm>2018-09-13T13:30:00</CreDtTm><Acct><Id><PrtryAcct><Id>20594233939774</Id></PrtryAcct></Id><Ccy>GBP</Ccy></Acct><TxsSummry><TtlNtries><NbOfNtries>7</NbOfNtries><Sum>3171.00</Sum></TtlNtries><TtlCdtNtries><NbOfNtries>7</NbOfNtries><Sum>3171.00</Sum></TtlCdtNtries><TtlDbtNtries><NbOfNtries>0</NbOfNtries><Sum>0.00</Sum></TtlDbtNtries></TxsSummry><Ntry><Amt Ccy="GBP">52.00</Amt><CdtDbtInd>CRDT</CdtDbtInd><Sts>BOOK</Sts><BookgDt><Dt>2018-09-13</Dt></BookgDt><BkTxCd><Prtry><Cd>SIP UKBA CR 40269</Cd></Prtry></BkTxCd><TxDtls><Refs><EndToEndId>NOREF</EndToEndId><TxId>RP4679961283822800</TxId></Refs><RltdPties><Dbtr><Nm>BUCHANAN J</Nm></Dbtr><DbtrAcct><Id><PrtryAcct><Id>20270523764079</Id></PrtryAcct></Id></DbtrAcct><Cdtr><Nm>MR M ACHILLEOS</Nm></Cdtr><CdtrAcct><Id><PrtryAcct><Id>23008200443605</Id></PrtryAcct></Id></CdtrAcct><Prtry><Tp>JJ LTD</Tp><Pty/></Prtry></RltdPties><RmtInf><Strd><AddtlRmtInf>NO REF</AddtlRmtInf></Strd><Strd><AddtlRmtInf>BUCHANAN J//JJ LTD</AddtlRmtInf></Strd></RmtInf><RltdDts><TxDtTm>2018-09-13T13:04:35</TxDtTm></RltdDts><AddtlTxInf>RP46799612838228001020180913826200026</AddtlTxInf></TxDtls><AddtlNtryInf>COMPLETE//0000//002//CREDIT</AddtlNtryInf></Ntry><Ntry><Amt Ccy="GBP">2700.00</Amt><CdtDbtInd>CRDT</CdtDbtInd><Sts>BOOK</Sts><BookgDt><Dt>2018-09-13</Dt></BookgDt><BkTxCd><Prtry><Cd>DCA UKBA CR 40269</Cd></Prtry></BkTxCd><TxDtls><Refs><EndToEndId>NOREF</EndToEndId><TxId>000000013553908001</TxId><Prtry><Tp>STO REF</Tp><Ref>0000</Ref></Prtry></Refs><RltdPties><Dbtr><Nm>23118500005170</Nm></Dbtr><DbtrAcct><Id><PrtryAcct><Id>20594273536084</Id></PrtryAcct></Id></DbtrAcct><Cdtr><Nm>OLUWASEGUN  ARRO</Nm></Cdtr><CdtrAcct><Id><PrtryAcct><Id>23008200223469</Id></PrtryAcct></Id></CdtrAcct><Prtry><Tp>HOUSE</Tp><Pty/></Prtry></RltdPties><RmtInf><Strd><AddtlRmtInf>NO REF</AddtlRmtInf></Strd><Strd><AddtlRmtInf>23118500005170//HOUSE</AddtlRmtInf></Strd></RmtInf><RltdDts><TxDtTm>2018-09-13T13:16:38</TxDtTm></RltdDts><AddtlTxInf>0000000135539080015020180913826205942</AddtlTxInf></TxDtls><AddtlNtryInf>COMPLETE//0000//002//CREDIT</AddtlNtryInf></Ntry><Ntry><Amt Ccy="GBP">40.00</Amt><CdtDbtInd>CRDT</CdtDbtInd><Sts>BOOK</Sts><BookgDt><Dt>2018-09-13</Dt></BookgDt><BkTxCd><Prtry><Cd>SIP UKBA CR 40269</Cd></Prtry></BkTxCd><TxDtls><Refs><EndToEndId>NOREF</EndToEndId><TxId>500000000388370223</TxId></Refs><RltdPties><Dbtr><Nm>E Martin</Nm></Dbtr><DbtrAcct><Id><PrtryAcct><Id>77852147021668</Id></PrtryAcct></Id></DbtrAcct><Cdtr><Nm>TOS CLEAN SUPREME</Nm></Cdtr><CdtrAcct><Id><PrtryAcct><Id>23008200223887</Id></PrtryAcct></Id></CdtrAcct><Prtry><Tp>00001</Tp><Pty/></Prtry></RltdPties><RmtInf><Strd><AddtlRmtInf>NO REF</AddtlRmtInf></Strd><Strd><AddtlRmtInf>E Martin//00001</AddtlRmtInf></Strd></RmtInf><RltdDts><TxDtTm>2018-09-13T13:16:52</TxDtTm></RltdDts><AddtlTxInf>5000000003883702231020180913826778521</AddtlTxInf></TxDtls><AddtlNtryInf>COMPLETE//0000//002//CREDIT</AddtlNtryInf></Ntry><Ntry><Amt Ccy="GBP">16.00</Amt><CdtDbtInd>CRDT</CdtDbtInd><Sts>BOOK</Sts><BookgDt><Dt>2018-09-13</Dt></BookgDt><BkTxCd><Prtry><Cd>SIP UKBA CR 40269</Cd></Prtry></BkTxCd><TxDtls><Refs><EndToEndId>NOREF</EndToEndId><TxId>27131703790857000N</TxId><Prtry><Tp>STO REF</Tp><Ref>0000</Ref></Prtry></Refs><RltdPties><Dbtr><Nm>YANQUN TANG</Nm><PstlAdr><AdrLine>APS COTTONS CENTRE SE1 2QG</AdrLine><Ctry/></PstlAdr></Dbtr><DbtrAcct><Id><PrtryAcct><Id>08719902753505</Id></PrtryAcct></Id></DbtrAcct><Cdtr><Nm>MR YAORONG XU</Nm></Cdtr><CdtrAcct><Id><PrtryAcct><Id>23008200193342</Id></PrtryAcct></Id></CdtrAcct><Prtry><Tp>YAN</Tp><Pty/></Prtry></RltdPties><RmtInf><Strd><AddtlRmtInf>YAN</AddtlRmtInf></Strd><Strd><AddtlRmtInf>YANQUN TANG//YAN</AddtlRmtInf></Strd></RmtInf><RltdDts><TxDtTm>2018-09-13T13:17:04</TxDtTm></RltdDts><AddtlTxInf>27131703790857000N1020180913826087199</AddtlTxInf></TxDtls><AddtlNtryInf>COMPLETE//0000//002//CREDIT</AddtlNtryInf></Ntry><Ntry><Amt Ccy="GBP">120.00</Amt><CdtDbtInd>CRDT</CdtDbtInd><Sts>BOOK</Sts><BookgDt><Dt>2018-09-13</Dt></BookgDt><BkTxCd><Prtry><Cd>SIP UKBA CR 40269</Cd></Prtry></BkTxCd><TxDtls><Refs><EndToEndId>NOREF</EndToEndId><TxId>RP4679961284844400</TxId></Refs><RltdPties><Dbtr><Nm>WHITE CHRISTOPHE</Nm></Dbtr><DbtrAcct><Id><PrtryAcct><Id>20709483520781</Id></PrtryAcct></Id></DbtrAcct><Cdtr><Nm>CHRISTOPHER WHITE</Nm></Cdtr><CdtrAcct><Id><PrtryAcct><Id>23008200292739</Id></PrtryAcct></Id></CdtrAcct><Prtry><Tp>MONEY</Tp><Pty/></Prtry></RltdPties><RmtInf><Strd><AddtlRmtInf>NO REF</AddtlRmtInf></Strd><Strd><AddtlRmtInf>WHITE CHRISTOPHE//MONEY</AddtlRmtInf></Strd></RmtInf><RltdDts><TxDtTm>2018-09-13T13:17:25</TxDtTm></RltdDts><AddtlTxInf>RP46799612848444001020180913826200026</AddtlTxInf></TxDtls><AddtlNtryInf>COMPLETE//0000//002//CREDIT</AddtlNtryInf></Ntry><Ntry><Amt Ccy="GBP">113.00</Amt><CdtDbtInd>CRDT</CdtDbtInd><Sts>BOOK</Sts><BookgDt><Dt>2018-09-13</Dt></BookgDt><BkTxCd><Prtry><Cd>SIP UKBA CR 40269</Cd></Prtry></BkTxCd><TxDtls><Refs><EndToEndId>NOREF</EndToEndId><TxId>100000000386714241</TxId></Refs><RltdPties><Dbtr><Nm>M Osho</Nm></Dbtr><DbtrAcct><Id><PrtryAcct><Id>11029111231066</Id></PrtryAcct></Id></DbtrAcct><Cdtr><Nm>CLASSIC DIFFERENCE</Nm></Cdtr><CdtrAcct><Id><PrtryAcct><Id>23008200042452</Id></PrtryAcct></Id></CdtrAcct><Prtry><Tp>EVENT</Tp><Pty/></Prtry></RltdPties><RmtInf><Strd><AddtlRmtInf>NO REF</AddtlRmtInf></Strd><Strd><AddtlRmtInf>M Osho//EVENT</AddtlRmtInf></Strd></RmtInf><RltdDts><TxDtTm>2018-09-13T13:18:06</TxDtTm></RltdDts><AddtlTxInf>1000000003867142411020180913826110291</AddtlTxInf></TxDtls><AddtlNtryInf>COMPLETE//0000//002//CREDIT</AddtlNtryInf></Ntry><Ntry><Amt Ccy="GBP">130.00</Amt><CdtDbtInd>CRDT</CdtDbtInd><Sts>BOOK</Sts><BookgDt><Dt>2018-09-13</Dt></BookgDt><BkTxCd><Prtry><Cd>SIP UKBA CR 40269</Cd></Prtry></BkTxCd><TxDtls><Refs><EndToEndId>TONG</EndToEndId><TxId>24131957444043000N</TxId><Prtry><Tp>STO REF</Tp><Ref>0000</Ref></Prtry></Refs><RltdPties><Dbtr><Nm>SWALLOW G</Nm></Dbtr><DbtrAcct><Id><PrtryAcct><Id>60133448567876</Id></PrtryAcct></Id></DbtrAcct><Cdtr><Nm>GRAIPICH VUDTO</Nm></Cdtr><CdtrAcct><Id><PrtryAcct><Id>23008200249668</Id></PrtryAcct></Id></CdtrAcct><Prtry><Tp>TONG</Tp><Pty/></Prtry></RltdPties><RmtInf><Strd><AddtlRmtInf>SWALLOW G         TONG              VIA MOBILE - LVP</AddtlRmtInf></Strd><Strd><AddtlRmtInf>SWALLOW G//TONG</AddtlRmtInf></Strd></RmtInf><RltdDts><TxDtTm>2018-09-13T13:19:57</TxDtTm></RltdDts><AddtlTxInf>24131957444043000N1020180913826601334</AddtlTxInf></TxDtls><AddtlNtryInf>COMPLETE//0000//002//CREDIT</AddtlNtryInf></Ntry></Ntfctn></BkToCstmrDbtCdtNtfctnV01></Document>