<?xml version="1.0" encoding="UTF-8"?><Document xmlns:xsi="http://www.w3.org/2001/XMLSchema-instance" xmlns="urn:iso:std:iso:20022:tech:xsd:camt.054.001.01"><BkToCstmrDbtCdtNtfctnV01><GrpHdr><MsgId>80309K//12399</MsgId><CreDtTm>2018-09-04T08:00:00</CreDtTm></GrpHdr><Ntfctn><Id>80309K//12399//1</Id><CreDtTm>2018-09-04T08:00:00</CreDtTm><Acct><Id><PrtryAcct><Id>20594233939774</Id></PrtryAcct></Id><Ccy>GBP</Ccy></Acct><TxsSummry><TtlNtries><NbOfNtries>7</NbOfNtries><Sum>211.34</Sum></TtlNtries><TtlCdtNtries><NbOfNtries>7</NbOfNtries><Sum>211.34</Sum></TtlCdtNtries><TtlDbtNtries><NbOfNtries>0</NbOfNtries><Sum>0.00</Sum></TtlDbtNtries></TxsSummry><Ntry><Amt Ccy="GBP">60.00</Amt><CdtDbtInd>CRDT</CdtDbtInd><Sts>BOOK</Sts><BookgDt><Dt>2018-09-04</Dt></BookgDt><BkTxCd><Prtry><Cd>SIP UKBA CR 40269</Cd></Prtry></BkTxCd><TxDtls><Refs><EndToEndId>5000000555zPO09RHRW</EndToEndId><TxId>DF0000006393235200</TxId></Refs><RltdPties><Dbtr><Nm>Cassava Enterprises (Gibraltar) Ltd</Nm><PstlAdr><AdrLine>57/63 Line Wall RdGibraltarGX11 1AA</AdrLine><Ctry/></PstlAdr></Dbtr><DbtrAcct><Id><PrtryAcct><Id>20364763140148</Id></PrtryAcct></Id></DbtrAcct><Cdtr><Nm>Alyssa Shouse</Nm></Cdtr><CdtrAcct><Id><PrtryAcct><Id>23008200075984</Id></PrtryAcct></Id></CdtrAcct><Prtry><Tp>/PAYER ACC/PO09RHR</Tp><Pty/></Prtry></RltdPties><RmtInf><Strd><AddtlRmtInf>/PAYER ACC/PO09RHRW/-38533066</AddtlRmtInf></Strd><Strd><AddtlRmtInf>Cassava Enterprise///PAYER ACC/PO09RHR</AddtlRmtInf></Strd></RmtInf><RltdDts><TxDtTm>2018-09-04T07:32:31</TxDtTm></RltdDts><AddtlTxInf>DF00000063932352001020180904826200000</AddtlTxInf></TxDtls><AddtlNtryInf>COMPLETE//0000//001//CREDIT</AddtlNtryInf></Ntry><Ntry><Amt Ccy="GBP">49.33</Amt><CdtDbtInd>CRDT</CdtDbtInd><Sts>BOOK</Sts><BookgDt><Dt>2018-09-04</Dt></BookgDt><BkTxCd><Prtry><Cd>SIP UKBA CR 40269</Cd></Prtry></BkTxCd><TxDtls><Refs><EndToEndId>5000000555zPO09RJME</EndToEndId><TxId>DF0000006393244400</TxId></Refs><RltdPties><Dbtr><Nm>Worldpay AP Ltd</Nm><PstlAdr><AdrLine>25 WalbrooLondonEC4N 8AF</AdrLine><Ctry/></PstlAdr></Dbtr><DbtrAcct><Id><PrtryAcct><Id>20364763140148</Id></PrtryAcct></Id></DbtrAcct><Cdtr><Nm>Jakir Ali</Nm><PstlAdr><AdrLine>174, Gladstone RoadNorthamptonNN5 7</AdrLine><AdrLine>ELGB</AdrLine><Ctry/></PstlAdr></Cdtr><CdtrAcct><Id><PrtryAcct><Id>23008200419341</Id></PrtryAcct></Id></CdtrAcct><Prtry><Tp>/-1929627522</Tp><Pty/></Prtry></RltdPties><RmtInf><Strd><AddtlRmtInf>/-1929627522</AddtlRmtInf></Strd><Strd><AddtlRmtInf>Worldpay AP Ltd///-1929627522</AddtlRmtInf></Strd></RmtInf><RltdDts><TxDtTm>2018-09-04T07:33:28</TxDtTm></RltdDts><AddtlTxInf>DF00000063932444001020180904826200000</AddtlTxInf></TxDtls><AddtlNtryInf>COMPLETE//0000//001//CREDIT</AddtlNtryInf></Ntry><Ntry><Amt Ccy="GBP">75.00</Amt><CdtDbtInd>CRDT</CdtDbtInd><Sts>BOOK</Sts><BookgDt><Dt>2018-09-04</Dt></BookgDt><BkTxCd><Prtry><Cd>SIP UKBA CR 40269</Cd></Prtry></BkTxCd><TxDtls><Refs><EndToEndId>NOREF</EndToEndId><TxId>RP4679960540587400</TxId></Refs><RltdPties><Dbtr><Nm>WHITE CHRISTOPHE</Nm></Dbtr><DbtrAcct><Id><PrtryAcct><Id>20709483520781</Id></PrtryAcct></Id></DbtrAcct><Cdtr><Nm>CHRISTOPHER WHITE</Nm></Cdtr><CdtrAcct><Id><PrtryAcct><Id>23008200292739</Id></PrtryAcct></Id></CdtrAcct><Prtry><Tp>MONEY</Tp><Pty/></Prtry></RltdPties><RmtInf><Strd><AddtlRmtInf>NO REF</AddtlRmtInf></Strd><Strd><AddtlRmtInf>WHITE CHRISTOPHE//MONEY</AddtlRmtInf></Strd></RmtInf><RltdDts><TxDtTm>2018-09-04T07:34:34</TxDtTm></RltdDts><AddtlTxInf>RP46799605405874001020180904826200026</AddtlTxInf></TxDtls><AddtlNtryInf>COMPLETE//0000//001//CREDIT</AddtlNtryInf></Ntry><Ntry><Amt Ccy="GBP">12.00</Amt><CdtDbtInd>CRDT</CdtDbtInd><Sts>BOOK</Sts><BookgDt><Dt>2018-09-04</Dt></BookgDt><BkTxCd><Prtry><Cd>SIP UKBA CR 40269</Cd></Prtry></BkTxCd><TxDtls><Refs><EndToEndId>NOREF</EndToEndId><TxId>400000000390590455</TxId></Refs><RltdPties><Dbtr><Nm>D Jones</Nm></Dbtr><DbtrAcct><Id><PrtryAcct><Id>11181132796104</Id></PrtryAcct></Id></DbtrAcct><Cdtr><Nm>DARRAN JONES</Nm></Cdtr><CdtrAcct><Id><PrtryAcct><Id>23008200125402</Id></PrtryAcct></Id></CdtrAcct><Prtry><Tp>ARRO</Tp><Pty/></Prtry></RltdPties><RmtInf><Strd><AddtlRmtInf>NO REF</AddtlRmtInf></Strd><Strd><AddtlRmtInf>D Jones//ARRO</AddtlRmtInf></Strd></RmtInf><RltdDts><TxDtTm>2018-09-04T07:36:23</TxDtTm></RltdDts><AddtlTxInf>4000000003905904551020180904826111811</AddtlTxInf></TxDtls><AddtlNtryInf>COMPLETE//0000//001//CREDIT</AddtlNtryInf></Ntry><Ntry><Amt Ccy="GBP">0.01</Amt><CdtDbtInd>CRDT</CdtDbtInd><Sts>BOOK</Sts><BookgDt><Dt>2018-09-04</Dt></BookgDt><BkTxCd><Prtry><Cd>SIP UKBA CR 40269</Cd></Prtry></BkTxCd><TxDtls><Refs><EndToEndId>PPRD00000000AKM9EY</EndToEndId><TxId>PPRD00000000AKM9EY</TxId></Refs><RltdPties><Dbtr><Nm>PAYPAL CODE 2698</Nm><PstlAdr><AdrLine>2211 N 1st Street San Jose CA 95131</AdrLine><Ctry/></PstlAdr></Dbtr><DbtrAcct><Id><PrtryAcct><Id>23526285010101</Id></PrtryAcct></Id></DbtrAcct><Cdtr><Nm>QUINLEY MELANIE</Nm><PstlAdr><AdrLine>6 Severn Road</AdrLine><Ctry/></PstlAdr></Cdtr><CdtrAcct><Id><PrtryAcct><Id>23008200429404</Id></PrtryAcct></Id></CdtrAcct><Prtry><Tp>PAYPAL CODE 2698</Tp><Pty/></Prtry></RltdPties><RmtInf><Strd><RfrdDocInf><RfrdDocTp><Prtry>002</Prtry></RfrdDocTp></RfrdDocInf><AddtlRmtInf>NO REF</AddtlRmtInf></Strd><Strd><AddtlRmtInf>PAYPAL CODE 2698//PAYPAL CODE 2698</AddtlRmtInf></Strd></RmtInf><RltdDts><TxDtTm>2018-09-04T07:43:27</TxDtTm></RltdDts><AddtlTxInf>PPRD00000000AKM9EY1020180904826235262</AddtlTxInf></TxDtls><AddtlNtryInf>COMPLETE//0000//001//CREDIT</AddtlNtryInf></Ntry><Ntry><Amt Ccy="GBP">10.00</Amt><CdtDbtInd>CRDT</CdtDbtInd><Sts>BOOK</Sts><BookgDt><Dt>2018-09-04</Dt></BookgDt><BkTxCd><Prtry><Cd>SIP UKBA CR 40269</Cd></Prtry></BkTxCd><TxDtls><Refs><EndToEndId>NOREF</EndToEndId><TxId>400000000390592628</TxId></Refs><RltdPties><Dbtr><Nm>V Usher</Nm></Dbtr><DbtrAcct><Id><PrtryAcct><Id>11808010003662</Id></PrtryAcct></Id></DbtrAcct><Cdtr><Nm>VICTORIA USHER</Nm></Cdtr><CdtrAcct><Id><PrtryAcct><Id>23008200322536</Id></PrtryAcct></Id></CdtrAcct><Prtry><Tp>ME</Tp><Pty/></Prtry></RltdPties><RmtInf><Strd><AddtlRmtInf>NO REF</AddtlRmtInf></Strd><Strd><AddtlRmtInf>V Usher//ME</AddtlRmtInf></Strd></RmtInf><RltdDts><TxDtTm>2018-09-04T07:47:52</TxDtTm></RltdDts><AddtlTxInf>4000000003905926281020180904826118080</AddtlTxInf></TxDtls><AddtlNtryInf>COMPLETE//0000//001//CREDIT</AddtlNtryInf></Ntry><Ntry><Amt Ccy="GBP">5.00</Amt><CdtDbtInd>CRDT</CdtDbtInd><Sts>BOOK</Sts><BookgDt><Dt>2018-09-04</Dt></BookgDt><BkTxCd><Prtry><Cd>SIP UKBA CR 40269</Cd></Prtry></BkTxCd><TxDtls><Refs><EndToEndId>NOREF</EndToEndId><TxId>RP4679960541935000</TxId></Refs><RltdPties><Dbtr><Nm>GHEORGHE T</Nm></Dbtr><DbtrAcct><Id><PrtryAcct><Id>20251980479500</Id></PrtryAcct></Id></DbtrAcct><Cdtr><Nm>THE BEAUTY NEST</Nm></Cdtr><CdtrAcct><Id><PrtryAcct><Id>23008200037963</Id></PrtryAcct></Id></CdtrAcct><Prtry><Tp>BILURI</Tp><Pty/></Prtry></RltdPties><RmtInf><Strd><AddtlRmtInf>NO REF</AddtlRmtInf></Strd><Strd><AddtlRmtInf>GHEORGHE T//BILURI</AddtlRmtInf></Strd></RmtInf><RltdDts><TxDtTm>2018-09-04T07:56:06</TxDtTm></RltdDts><AddtlTxInf>RP46799605419350001020180904826200026</AddtlTxInf></TxDtls><AddtlNtryInf>COMPLETE//0000//001//CREDIT</AddtlNtryInf></Ntry></Ntfctn></BkToCstmrDbtCdtNtfctnV01></Document>