<?xml version="1.0" encoding="UTF-8"?><Document xmlns:xsi="http://www.w3.org/2001/XMLSchema-instance" xmlns="urn:iso:std:iso:20022:tech:xsd:camt.054.001.01"><BkToCstmrDbtCdtNtfctnV01><GrpHdr><MsgId>80309K//12717</MsgId><CreDtTm>2018-09-11T16:30:00</CreDtTm></GrpHdr><Ntfctn><Id>80309K//12717//1</Id><CreDtTm>2018-09-11T16:30:00</CreDtTm><Acct><Id><PrtryAcct><Id>20594233939774</Id></PrtryAcct></Id><Ccy>GBP</Ccy></Acct><TxsSummry><TtlNtries><NbOfNtries>6</NbOfNtries><Sum>647.86</Sum></TtlNtries><TtlCdtNtries><NbOfNtries>6</NbOfNtries><Sum>647.86</Sum></TtlCdtNtries><TtlDbtNtries><NbOfNtries>0</NbOfNtries><Sum>0.00</Sum></TtlDbtNtries></TxsSummry><Ntry><Amt Ccy="GBP">80.00</Amt><CdtDbtInd>CRDT</CdtDbtInd><Sts>BOOK</Sts><BookgDt><Dt>2018-09-11</Dt></BookgDt><BkTxCd><Prtry><Cd>SIP UKBA CR 40269</Cd></Prtry></BkTxCd><TxDtls><Refs><EndToEndId>CONCIERGE SERVICE</EndToEndId><TxId>13161103987613000N</TxId><Prtry><Tp>STO REF</Tp><Ref>0000</Ref></Prtry></Refs><RltdPties><Dbtr><Nm>NOTIONAL LOGISTICS</Nm></Dbtr><DbtrAcct><Id><PrtryAcct><Id>50102921789576</Id></PrtryAcct></Id></DbtrAcct><Cdtr><Nm>CHARLES AMROVHE</Nm></Cdtr><CdtrAcct><Id><PrtryAcct><Id>23008200212810</Id></PrtryAcct></Id></CdtrAcct><Prtry><Tp>CONCIERGE SERVICE</Tp><Pty/></Prtry></RltdPties><RmtInf><Strd><AddtlRmtInf>NOTIONAL LOGISTICSCONCIERGE SERVICE VIA ONLINE - PYMT</AddtlRmtInf></Strd><Strd><AddtlRmtInf>NOTIONAL LOGISTICS//CONCIERGE SERVICE</AddtlRmtInf></Strd></RmtInf><RltdDts><TxDtTm>2018-09-11T16:11:04</TxDtTm></RltdDts><AddtlTxInf>13161103987613000N1020180911826501029</AddtlTxInf></TxDtls><AddtlNtryInf>COMPLETE//0000//002//CREDIT</AddtlNtryInf></Ntry><Ntry><Amt Ccy="GBP">55.00</Amt><CdtDbtInd>CRDT</CdtDbtInd><Sts>BOOK</Sts><BookgDt><Dt>2018-09-11</Dt></BookgDt><BkTxCd><Prtry><Cd>SIP UKBA CR 40269</Cd></Prtry></BkTxCd><TxDtls><Refs><EndToEndId>NOREF</EndToEndId><TxId>400000000392694494</TxId></Refs><RltdPties><Dbtr><Nm>O Olaleye</Nm></Dbtr><DbtrAcct><Id><PrtryAcct><Id>77130527862868</Id></PrtryAcct></Id></DbtrAcct><Cdtr><Nm>MRS CAROL BUCKLAND</Nm></Cdtr><CdtrAcct><Id><PrtryAcct><Id>23008200440153</Id></PrtryAcct></Id></CdtrAcct><Prtry><Tp>BOOK</Tp><Pty/></Prtry></RltdPties><RmtInf><Strd><AddtlRmtInf>NO REF</AddtlRmtInf></Strd><Strd><AddtlRmtInf>O Olaleye//BOOK</AddtlRmtInf></Strd></RmtInf><RltdDts><TxDtTm>2018-09-11T16:15:02</TxDtTm></RltdDts><AddtlTxInf>4000000003926944941020180911826771305</AddtlTxInf></TxDtls><AddtlNtryInf>COMPLETE//0000//002//CREDIT</AddtlNtryInf></Ntry><Ntry><Amt Ccy="GBP">45.00</Amt><CdtDbtInd>CRDT</CdtDbtInd><Sts>BOOK</Sts><BookgDt><Dt>2018-09-11</Dt></BookgDt><BkTxCd><Prtry><Cd>SIP UKBA CR 40269</Cd></Prtry></BkTxCd><TxDtls><Refs><EndToEndId>NOREF</EndToEndId><TxId>PQKBT3G0HPZSLOPID1</TxId></Refs><RltdPties><Dbtr><Nm>Lukman Oyalowo</Nm><PstlAdr><AdrLine>143 Little Ilford Lane, E12 5PJ</AdrLine><Ctry/></PstlAdr></Dbtr><DbtrAcct><Id><PrtryAcct><Id>04000461213943</Id></PrtryAcct></Id></DbtrAcct><Cdtr><Nm>John</Nm></Cdtr><CdtrAcct><Id><PrtryAcct><Id>23008200440298</Id></PrtryAcct></Id></CdtrAcct></RltdPties><RmtInf><Strd><AddtlRmtInf>NO REF</AddtlRmtInf></Strd><Strd><AddtlRmtInf>Lukman Oyalowo//</AddtlRmtInf></Strd></RmtInf><RltdDts><TxDtTm>2018-09-11T16:16:55</TxDtTm></RltdDts><AddtlTxInf>PQKBT3G0HPZSLOPID11020180911826040004</AddtlTxInf></TxDtls><AddtlNtryInf>COMPLETE//0000//002//CREDIT</AddtlNtryInf></Ntry><Ntry><Amt Ccy="GBP">110.86</Amt><CdtDbtInd>CRDT</CdtDbtInd><Sts>BOOK</Sts><BookgDt><Dt>2018-09-11</Dt></BookgDt><BkTxCd><Prtry><Cd>SIP UKBA CR 40269</Cd></Prtry></BkTxCd><TxDtls><Refs><EndToEndId>PPWD00000000AMJPKM</EndToEndId><TxId>PPWD00000000AMJPKM</TxId></Refs><RltdPties><Dbtr><Nm>PayPal</Nm><PstlAdr><AdrLine>2211 N 1st Street San Jose CA 95131</AdrLine><Ctry/></PstlAdr></Dbtr><DbtrAcct><Id><PrtryAcct><Id>23526278959595</Id></PrtryAcct></Id></DbtrAcct><Cdtr><Nm>Esthwaite Properties</Nm><PstlAdr><AdrLine>Ferney green Ferney Green</AdrLine><Ctry/></PstlAdr></Cdtr><CdtrAcct><Id><PrtryAcct><Id>23008200044053</Id></PrtryAcct></Id></CdtrAcct><Prtry><Tp>PPWDL44TJ2AKYXT2JJ</Tp><Pty/></Prtry></RltdPties><RmtInf><Strd><RfrdDocInf><RfrdDocTp><Prtry>002</Prtry></RfrdDocTp></RfrdDocInf><AddtlRmtInf>NO REF</AddtlRmtInf></Strd><Strd><AddtlRmtInf>PayPal//PPWDL44TJ2AKYXT2JJ</AddtlRmtInf></Strd></RmtInf><RltdDts><TxDtTm>2018-09-11T16:27:59</TxDtTm></RltdDts><AddtlTxInf>PPWD00000000AMJPKM1020180911826235262</AddtlTxInf></TxDtls><AddtlNtryInf>COMPLETE//0000//002//CREDIT</AddtlNtryInf></Ntry><Ntry><Amt Ccy="GBP">107.00</Amt><CdtDbtInd>CRDT</CdtDbtInd><Sts>BOOK</Sts><BookgDt><Dt>2018-09-11</Dt></BookgDt><BkTxCd><Prtry><Cd>SIP UKBA CR 40269</Cd></Prtry></BkTxCd><TxDtls><Refs><EndToEndId>NOREF</EndToEndId><TxId>114320128261119001</TxId><Prtry><Tp>STO REF</Tp><Ref>0000</Ref></Prtry></Refs><RltdPties><Dbtr><Nm>DISCREET HEL</Nm></Dbtr><DbtrAcct><Id><PrtryAcct><Id>40463671523449</Id></PrtryAcct></Id></DbtrAcct><Cdtr><Nm>KJR LINE</Nm></Cdtr><CdtrAcct><Id><PrtryAcct><Id>23008200223382</Id></PrtryAcct></Id></CdtrAcct><Prtry><Tp>12743</Tp><Pty/></Prtry></RltdPties><RmtInf><Strd><AddtlRmtInf>NO REF</AddtlRmtInf></Strd><Strd><AddtlRmtInf>DISCREET HEL//12743</AddtlRmtInf></Strd></RmtInf><RltdDts><TxDtTm>2018-09-11T16:28:21</TxDtTm></RltdDts><AddtlTxInf>1143201282611190011020180911826404636</AddtlTxInf></TxDtls><AddtlNtryInf>COMPLETE//0000//002//CREDIT</AddtlNtryInf></Ntry><Ntry><Amt Ccy="GBP">250.00</Amt><CdtDbtInd>CRDT</CdtDbtInd><Sts>BOOK</Sts><BookgDt><Dt>2018-09-11</Dt></BookgDt><BkTxCd><Prtry><Cd>SIP UKBA CR 40269</Cd></Prtry></BkTxCd><TxDtls><Refs><EndToEndId>000000FT182547J7NH</EndToEndId><TxId>000000FT182547J7NH</TxId></Refs><RltdPties><Dbtr><Nm>HAYDAR NAGY DEHAYNI</Nm><PstlAdr><AdrLine>FLAT 2 SHOCKLEY HOUSE 10;MILTON KE;</AdrLine><AdrLine>YNES</AdrLine><Ctry/></PstlAdr></Dbtr><DbtrAcct><Id><PrtryAcct><Id>23058015762012</Id></PrtryAcct></Id></DbtrAcct><Cdtr><Nm>M QUARTEY</Nm><PstlAdr><AdrLine>WIRECARD;Newcastle Upon Tyne</AdrLine><Ctry/></PstlAdr></Cdtr><CdtrAcct><Id><PrtryAcct><Id>23008200182550</Id></PrtryAcct></Id></CdtrAcct><Prtry><Tp>Neighbor rent</Tp><Pty/></Prtry></RltdPties><RmtInf><Strd><AddtlRmtInf>NO REF</AddtlRmtInf></Strd><Strd><AddtlRmtInf>HAYDAR NAGY DEHAYN//Neighbor rent</AddtlRmtInf></Strd></RmtInf><RltdDts><TxDtTm>2018-09-11T16:29:01</TxDtTm></RltdDts><AddtlTxInf>000000FT182547J7NH1020180911826230580</AddtlTxInf></TxDtls><AddtlNtryInf>COMPLETE//0000//002//CREDIT</AddtlNtryInf></Ntry></Ntfctn></BkToCstmrDbtCdtNtfctnV01></Document>