<?xml version="1.0" encoding="UTF-8"?><Document xmlns:xsi="http://www.w3.org/2001/XMLSchema-instance" xmlns="urn:iso:std:iso:20022:tech:xsd:camt.054.001.01"><BkToCstmrDbtCdtNtfctnV01><GrpHdr><MsgId>80309K//12391</MsgId><CreDtTm>2018-09-04T03:00:00</CreDtTm></GrpHdr><Ntfctn><Id>80309K//12391//1</Id><CreDtTm>2018-09-04T03:00:00</CreDtTm><Acct><Id><PrtryAcct><Id>20594233939774</Id></PrtryAcct></Id><Ccy>GBP</Ccy></Acct><TxsSummry><TtlNtries><NbOfNtries>3</NbOfNtries><Sum>5073.00</Sum></TtlNtries><TtlCdtNtries><NbOfNtries>3</NbOfNtries><Sum>5073.00</Sum></TtlCdtNtries><TtlDbtNtries><NbOfNtries>0</NbOfNtries><Sum>0.00</Sum></TtlDbtNtries></TxsSummry><Ntry><Amt Ccy="GBP">1.00</Amt><CdtDbtInd>CRDT</CdtDbtInd><Sts>BOOK</Sts><BookgDt><Dt>2018-09-04</Dt></BookgDt><BkTxCd><Prtry><Cd>FDP UKBA CR 40269</Cd></Prtry></BkTxCd><TxDtls><Refs><EndToEndId>NOREF</EndToEndId><TxId>47023115687219000N</TxId><Prtry><Tp>STO REF</Tp><Ref>0000</Ref></Prtry></Refs><RltdPties><Dbtr><Nm>CONTIS CARD SOLUTI</Nm></Dbtr><DbtrAcct><Id><PrtryAcct><Id>55501057081298</Id></PrtryAcct></Id></DbtrAcct><Cdtr><Nm>23008200360959</Nm></Cdtr><CdtrAcct><Id><PrtryAcct><Id>20594233939774</Id></PrtryAcct></Id></CdtrAcct><Prtry><Tp>OPEN</Tp><Pty/></Prtry></RltdPties><RmtInf><Strd><AddtlRmtInf>OPEN</AddtlRmtInf></Strd><Strd><AddtlRmtInf>CONTIS CARD SOLUTI//OPEN</AddtlRmtInf></Strd></RmtInf><RltdDts><TxDtTm>2018-09-04T02:31:41</TxDtTm></RltdDts><AddtlTxInf>47023115687219000N4020180904826555010</AddtlTxInf></TxDtls><AddtlNtryInf>COMPLETE//0000//003//CREDIT</AddtlNtryInf></Ntry><Ntry><Amt Ccy="GBP">2822.00</Amt><CdtDbtInd>CRDT</CdtDbtInd><Sts>BOOK</Sts><BookgDt><Dt>2018-09-04</Dt></BookgDt><BkTxCd><Prtry><Cd>FDP UKBA CR 40269</Cd></Prtry></BkTxCd><TxDtls><Refs><EndToEndId>NOREF</EndToEndId><TxId>05023319835479000N</TxId><Prtry><Tp>STO REF</Tp><Ref>0000</Ref></Prtry></Refs><RltdPties><Dbtr><Nm>BLUE LOTUS INTERNA</Nm></Dbtr><DbtrAcct><Id><PrtryAcct><Id>50410646051120</Id></PrtryAcct></Id></DbtrAcct><Cdtr><Nm>AURORA BUSINESS DE</Nm></Cdtr><CdtrAcct><Id><PrtryAcct><Id>23008200222632</Id></PrtryAcct></Id></CdtrAcct><Prtry><Tp>AMISHI LONDON</Tp><Pty/></Prtry></RltdPties><RmtInf><Strd><AddtlRmtInf>AMISHI LONDON</AddtlRmtInf></Strd><Strd><AddtlRmtInf>BLUE LOTUS INTERNA//AMISHI LONDON</AddtlRmtInf></Strd></RmtInf><RltdDts><TxDtTm>2018-09-04T02:44:15</TxDtTm></RltdDts><AddtlTxInf>05023319835479000N4020180904826504106</AddtlTxInf></TxDtls><AddtlNtryInf>COMPLETE//0000//003//CREDIT</AddtlNtryInf></Ntry><Ntry><Amt Ccy="GBP">2250.00</Amt><CdtDbtInd>CRDT</CdtDbtInd><Sts>BOOK</Sts><BookgDt><Dt>2018-09-04</Dt></BookgDt><BkTxCd><Prtry><Cd>FDP UKBA CR 40269</Cd></Prtry></BkTxCd><TxDtls><Refs><EndToEndId>NOREF</EndToEndId><TxId>04023344695985000N</TxId><Prtry><Tp>STO REF</Tp><Ref>0000</Ref></Prtry></Refs><RltdPties><Dbtr><Nm>KPHP LIMITED CLIEN</Nm></Dbtr><DbtrAcct><Id><PrtryAcct><Id>01068846891056</Id></PrtryAcct></Id></DbtrAcct><Cdtr><Nm>MISS EMMA PARKS</Nm></Cdtr><CdtrAcct><Id><PrtryAcct><Id>23008200312158</Id></PrtryAcct></Id></CdtrAcct><Prtry><Tp>DAMAGES</Tp><Pty/></Prtry></RltdPties><RmtInf><Strd><AddtlRmtInf>DAMAGES</AddtlRmtInf></Strd><Strd><AddtlRmtInf>KPHP LIMITED CLIEN//DAMAGES</AddtlRmtInf></Strd></RmtInf><RltdDts><TxDtTm>2018-09-04T02:46:09</TxDtTm></RltdDts><AddtlTxInf>04023344695985000N4020180904826010688</AddtlTxInf></TxDtls><AddtlNtryInf>COMPLETE//0000//003//CREDIT</AddtlNtryInf></Ntry></Ntfctn></BkToCstmrDbtCdtNtfctnV01></Document>