<?xml version="1.0" encoding="UTF-8"?><Document xmlns:xsi="http://www.w3.org/2001/XMLSchema-instance" xmlns="urn:iso:std:iso:20022:tech:xsd:camt.054.001.01"><BkToCstmrDbtCdtNtfctnV01><GrpHdr><MsgId>80309K//12969</MsgId><CreDtTm>2018-09-17T14:00:00</CreDtTm></GrpHdr><Ntfctn><Id>80309K//12969//1</Id><CreDtTm>2018-09-17T14:00:00</CreDtTm><Acct><Id><PrtryAcct><Id>20594233939774</Id></PrtryAcct></Id><Ccy>GBP</Ccy></Acct><TxsSummry><TtlNtries><NbOfNtries>6</NbOfNtries><Sum>1189.00</Sum></TtlNtries><TtlCdtNtries><NbOfNtries>6</NbOfNtries><Sum>1189.00</Sum></TtlCdtNtries><TtlDbtNtries><NbOfNtries>0</NbOfNtries><Sum>0.00</Sum></TtlDbtNtries></TxsSummry><Ntry><Amt Ccy="GBP">59.00</Amt><CdtDbtInd>CRDT</CdtDbtInd><Sts>BOOK</Sts><BookgDt><Dt>2018-09-17</Dt></BookgDt><BkTxCd><Prtry><Cd>SIP UKBA CR 40269</Cd></Prtry></BkTxCd><TxDtls><Refs><EndToEndId>00151544632BBKJLTK</EndToEndId><TxId>00151544632BBKJLTK</TxId></Refs><RltdPties><Dbtr><Nm>MARY ROTIMI</Nm></Dbtr><DbtrAcct><Id><PrtryAcct><Id>09012871520529</Id></PrtryAcct></Id></DbtrAcct><Cdtr><Nm>STARGATE</Nm></Cdtr><CdtrAcct><Id><PrtryAcct><Id>23008200031948</Id></PrtryAcct></Id></CdtrAcct><Prtry><Tp>Mary Rotimi</Tp><Pty/></Prtry></RltdPties><RmtInf><Strd><AddtlRmtInf>NO REF</AddtlRmtInf></Strd><Strd><AddtlRmtInf>MARY ROTIMI//Mary Rotimi</AddtlRmtInf></Strd></RmtInf><RltdDts><TxDtTm>2018-09-17T13:34:40</TxDtTm></RltdDts><AddtlTxInf>00151544632BBKJLTK1020180917826090128</AddtlTxInf></TxDtls><AddtlNtryInf>COMPLETE//0000//002//CREDIT</AddtlNtryInf></Ntry><Ntry><Amt Ccy="GBP">500.00</Amt><CdtDbtInd>CRDT</CdtDbtInd><Sts>BOOK</Sts><BookgDt><Dt>2018-09-17</Dt></BookgDt><BkTxCd><Prtry><Cd>SIP UKBA CR 40269</Cd></Prtry></BkTxCd><TxDtls><Refs><EndToEndId>00153425632BWBVFKJ</EndToEndId><TxId>00153425632BWBVFKJ</TxId></Refs><RltdPties><Dbtr><Nm>OCTAVEL VISAN</Nm></Dbtr><DbtrAcct><Id><PrtryAcct><Id>09012926888831</Id></PrtryAcct></Id></DbtrAcct><Cdtr><Nm>BRIS DESIGNS LTD</Nm></Cdtr><CdtrAcct><Id><PrtryAcct><Id>23008200223726</Id></PrtryAcct></Id></CdtrAcct><Prtry><Tp>gas</Tp><Pty/></Prtry></RltdPties><RmtInf><Strd><AddtlRmtInf>NO REF</AddtlRmtInf></Strd><Strd><AddtlRmtInf>OCTAVEL VISAN//gas</AddtlRmtInf></Strd></RmtInf><RltdDts><TxDtTm>2018-09-17T13:35:59</TxDtTm></RltdDts><AddtlTxInf>00153425632BWBVFKJ1020180917826090129</AddtlTxInf></TxDtls><AddtlNtryInf>COMPLETE//0000//002//CREDIT</AddtlNtryInf></Ntry><Ntry><Amt Ccy="GBP">10.00</Amt><CdtDbtInd>CRDT</CdtDbtInd><Sts>BOOK</Sts><BookgDt><Dt>2018-09-17</Dt></BookgDt><BkTxCd><Prtry><Cd>SIP UKBA CR 40269</Cd></Prtry></BkTxCd><TxDtls><Refs><EndToEndId>00151037632BBHLPJQ</EndToEndId><TxId>00151037632BBHLPJQ</TxId></Refs><RltdPties><Dbtr><Nm>KYLE THOMAS</Nm></Dbtr><DbtrAcct><Id><PrtryAcct><Id>09012827849788</Id></PrtryAcct></Id></DbtrAcct><Cdtr><Nm>CLAIRE</Nm></Cdtr><CdtrAcct><Id><PrtryAcct><Id>23008200248775</Id></PrtryAcct></Id></CdtrAcct><Prtry><Tp>Claire</Tp><Pty/></Prtry></RltdPties><RmtInf><Strd><AddtlRmtInf>NO REF</AddtlRmtInf></Strd><Strd><AddtlRmtInf>KYLE THOMAS//Claire</AddtlRmtInf></Strd></RmtInf><RltdDts><TxDtTm>2018-09-17T13:39:44</TxDtTm></RltdDts><AddtlTxInf>00151037632BBHLPJQ1020180917826090128</AddtlTxInf></TxDtls><AddtlNtryInf>COMPLETE//0000//002//CREDIT</AddtlNtryInf></Ntry><Ntry><Amt Ccy="GBP">3.00</Amt><CdtDbtInd>CRDT</CdtDbtInd><Sts>BOOK</Sts><BookgDt><Dt>2018-09-17</Dt></BookgDt><BkTxCd><Prtry><Cd>SIP UKBA CR 40269</Cd></Prtry></BkTxCd><TxDtls><Refs><EndToEndId>AZIZ KAIWAN AMIN</EndToEndId><TxId>TW0000000040159949</TxId></Refs><RltdPties><Dbtr><Nm>Kaiwan amin Aziz TW</Nm></Dbtr><DbtrAcct><Id><PrtryAcct><Id>23147035002901</Id></PrtryAcct></Id></DbtrAcct><Cdtr><Nm>Kaiwan Amin Aziz</Nm></Cdtr><CdtrAcct><Id><PrtryAcct><Id>23008200152012</Id></PrtryAcct></Id></CdtrAcct><Prtry><Tp>AZIZ KAIWAN AMIN</Tp><Pty/></Prtry></RltdPties><RmtInf><Strd><AddtlRmtInf>NO REF</AddtlRmtInf></Strd><Strd><AddtlRmtInf>Kaiwan amin Aziz T//AZIZ KAIWAN AMIN</AddtlRmtInf></Strd></RmtInf><RltdDts><TxDtTm>2018-09-17T13:56:28</TxDtTm></RltdDts><AddtlTxInf>TW00000000401599491020180917826231470</AddtlTxInf></TxDtls><AddtlNtryInf>COMPLETE//0000//002//CREDIT</AddtlNtryInf></Ntry><Ntry><Amt Ccy="GBP">187.00</Amt><CdtDbtInd>CRDT</CdtDbtInd><Sts>BOOK</Sts><BookgDt><Dt>2018-09-17</Dt></BookgDt><BkTxCd><Prtry><Cd>SIP UKBA CR 40269</Cd></Prtry></BkTxCd><TxDtls><Refs><EndToEndId>00152889632BGZGNVK</EndToEndId><TxId>00152889632BGZGNVK</TxId></Refs><RltdPties><Dbtr><Nm>MAD CLEANING LTD</Nm></Dbtr><DbtrAcct><Id><PrtryAcct><Id>09012901778487</Id></PrtryAcct></Id></DbtrAcct><Cdtr><Nm>BENDIO OLIVEIRA</Nm></Cdtr><CdtrAcct><Id><PrtryAcct><Id>23008200312018</Id></PrtryAcct></Id></CdtrAcct><Prtry><Tp>Mad Cleaning</Tp><Pty/></Prtry></RltdPties><RmtInf><Strd><AddtlRmtInf>NO REF</AddtlRmtInf></Strd><Strd><AddtlRmtInf>MAD CLEANING LTD//Mad Cleaning</AddtlRmtInf></Strd></RmtInf><RltdDts><TxDtTm>2018-09-17T13:57:22</TxDtTm></RltdDts><AddtlTxInf>00152889632BGZGNVK1020180917826090129</AddtlTxInf></TxDtls><AddtlNtryInf>COMPLETE//0000//002//CREDIT</AddtlNtryInf></Ntry><Ntry><Amt Ccy="GBP">430.00</Amt><CdtDbtInd>CRDT</CdtDbtInd><Sts>BOOK</Sts><BookgDt><Dt>2018-09-17</Dt></BookgDt><BkTxCd><Prtry><Cd>SIP UKBA CR 40269</Cd></Prtry></BkTxCd><TxDtls><Refs><EndToEndId>PPWD00000000ANZBZ8</EndToEndId><TxId>PPWD00000000ANZBZ8</TxId></Refs><RltdPties><Dbtr><Nm>PayPal</Nm><PstlAdr><AdrLine>2211 N 1st Street San Jose CA 95131</AdrLine><Ctry/></PstlAdr></Dbtr><DbtrAcct><Id><PrtryAcct><Id>23526278959595</Id></PrtryAcct></Id></DbtrAcct><Cdtr><Nm>Richard Christopher McVitty</Nm><PstlAdr><AdrLine>20 Colburn Avenue</AdrLine><Ctry/></PstlAdr></Cdtr><CdtrAcct><Id><PrtryAcct><Id>23008200223901</Id></PrtryAcct></Id></CdtrAcct><Prtry><Tp>PPWDL4W7J2AL5TF6AG</Tp><Pty/></Prtry></RltdPties><RmtInf><Strd><RfrdDocInf><RfrdDocTp><Prtry>002</Prtry></RfrdDocTp></RfrdDocInf><AddtlRmtInf>NO REF</AddtlRmtInf></Strd><Strd><AddtlRmtInf>PayPal//PPWDL4W7J2AL5TF6AG</AddtlRmtInf></Strd></RmtInf><RltdDts><TxDtTm>2018-09-17T13:59:13</TxDtTm></RltdDts><AddtlTxInf>PPWD00000000ANZBZ81020180917826235262</AddtlTxInf></TxDtls><AddtlNtryInf>COMPLETE//0000//002//CREDIT</AddtlNtryInf></Ntry></Ntfctn></BkToCstmrDbtCdtNtfctnV01></Document>