<?xml version="1.0" encoding="UTF-8"?><Document xmlns:xsi="http://www.w3.org/2001/XMLSchema-instance" xmlns="urn:iso:std:iso:20022:tech:xsd:camt.054.001.01"><BkToCstmrDbtCdtNtfctnV01><GrpHdr><MsgId>80309K//13455</MsgId><CreDtTm>2018-09-28T17:00:00</CreDtTm></GrpHdr><Ntfctn><Id>80309K//13455//1</Id><CreDtTm>2018-09-28T17:00:00</CreDtTm><Acct><Id><PrtryAcct><Id>20594233939774</Id></PrtryAcct></Id><Ccy>GBP</Ccy></Acct><TxsSummry><TtlNtries><NbOfNtries>19</NbOfNtries><Sum>1997.70</Sum></TtlNtries><TtlCdtNtries><NbOfNtries>19</NbOfNtries><Sum>1997.70</Sum></TtlCdtNtries><TtlDbtNtries><NbOfNtries>0</NbOfNtries><Sum>0.00</Sum></TtlDbtNtries></TxsSummry><Ntry><Amt Ccy="GBP">160.00</Amt><CdtDbtInd>CRDT</CdtDbtInd><Sts>BOOK</Sts><BookgDt><Dt>2018-09-28</Dt></BookgDt><BkTxCd><Prtry><Cd>SIP UKBA CR 40269</Cd></Prtry></BkTxCd><TxDtls><Refs><EndToEndId>K COTTERILL TRANSP</EndToEndId><TxId>47163133538476000R</TxId><Prtry><Tp>STO REF</Tp><Ref>0000</Ref></Prtry></Refs><RltdPties><Dbtr><Nm>K COTTERILL TRANSP</Nm></Dbtr><DbtrAcct><Id><PrtryAcct><Id>16181511090940</Id></PrtryAcct></Id></DbtrAcct><Cdtr><Nm>DANIEL GLOVER</Nm></Cdtr><CdtrAcct><Id><PrtryAcct><Id>23008200154536</Id></PrtryAcct></Id></CdtrAcct><Prtry><Tp>K COTTERILL TRANSP</Tp><Pty/></Prtry></RltdPties><RmtInf><Strd><AddtlRmtInf>K COTTERILL TRANSPK COTTERILL TRANSPVIA MOBILE - PYMT</AddtlRmtInf></Strd><Strd><AddtlRmtInf>K COTTERILL TRANSP//K COTTERILL TRANSP</AddtlRmtInf></Strd></RmtInf><RltdDts><TxDtTm>2018-09-28T16:31:33</TxDtTm></RltdDts><AddtlTxInf>47163133538476000R1020180928826161815</AddtlTxInf></TxDtls><AddtlNtryInf>COMPLETE//0000//002//CREDIT</AddtlNtryInf></Ntry><Ntry><Amt Ccy="GBP">5.00</Amt><CdtDbtInd>CRDT</CdtDbtInd><Sts>BOOK</Sts><BookgDt><Dt>2018-09-28</Dt></BookgDt><BkTxCd><Prtry><Cd>SIP UKBA CR 40269</Cd></Prtry></BkTxCd><TxDtls><Refs><EndToEndId>NOREF</EndToEndId><TxId>100000000391408092</TxId></Refs><RltdPties><Dbtr><Nm>O Olaleye</Nm></Dbtr><DbtrAcct><Id><PrtryAcct><Id>77130527862868</Id></PrtryAcct></Id></DbtrAcct><Cdtr><Nm>MR DANIEL KEMP</Nm></Cdtr><CdtrAcct><Id><PrtryAcct><Id>23008200472874</Id></PrtryAcct></Id></CdtrAcct><Prtry><Tp>BOOKS</Tp><Pty/></Prtry></RltdPties><RmtInf><Strd><AddtlRmtInf>NO REF</AddtlRmtInf></Strd><Strd><AddtlRmtInf>O Olaleye//BOOKS</AddtlRmtInf></Strd></RmtInf><RltdDts><TxDtTm>2018-09-28T16:31:43</TxDtTm></RltdDts><AddtlTxInf>1000000003914080921020180928826771305</AddtlTxInf></TxDtls><AddtlNtryInf>COMPLETE//0000//002//CREDIT</AddtlNtryInf></Ntry><Ntry><Amt Ccy="GBP">20.00</Amt><CdtDbtInd>CRDT</CdtDbtInd><Sts>BOOK</Sts><BookgDt><Dt>2018-09-28</Dt></BookgDt><BkTxCd><Prtry><Cd>SIP UKBA CR 40269</Cd></Prtry></BkTxCd><TxDtls><Refs><EndToEndId>00151267632BBDZZSN</EndToEndId><TxId>00151267632BBDZZSN</TxId></Refs><RltdPties><Dbtr><Nm>CLARE FARMER</Nm></Dbtr><DbtrAcct><Id><PrtryAcct><Id>09012679511277</Id></PrtryAcct></Id></DbtrAcct><Cdtr><Nm>CLARE ARRO</Nm></Cdtr><CdtrAcct><Id><PrtryAcct><Id>23008200211541</Id></PrtryAcct></Id></CdtrAcct><Prtry><Tp>Household</Tp><Pty/></Prtry></RltdPties><RmtInf><Strd><AddtlRmtInf>NO REF</AddtlRmtInf></Strd><Strd><AddtlRmtInf>CLARE FARMER//Household</AddtlRmtInf></Strd></RmtInf><RltdDts><TxDtTm>2018-09-28T16:31:58</TxDtTm></RltdDts><AddtlTxInf>00151267632BBDZZSN1020180928826090126</AddtlTxInf></TxDtls><AddtlNtryInf>COMPLETE//0000//002//CREDIT</AddtlNtryInf></Ntry><Ntry><Amt Ccy="GBP">20.00</Amt><CdtDbtInd>CRDT</CdtDbtInd><Sts>BOOK</Sts><BookgDt><Dt>2018-09-28</Dt></BookgDt><BkTxCd><Prtry><Cd>SIP UKBA CR 40269</Cd></Prtry></BkTxCd><TxDtls><Refs><EndToEndId>NOREF</EndToEndId><TxId>RP4659985586284300</TxId></Refs><RltdPties><Dbtr><Nm>AJILEYE B</Nm></Dbtr><DbtrAcct><Id><PrtryAcct><Id>20078913891232</Id></PrtryAcct></Id></DbtrAcct><Cdtr><Nm>AYODEJI OMOTOYE</Nm></Cdtr><CdtrAcct><Id><PrtryAcct><Id>23008200034339</Id></PrtryAcct></Id></CdtrAcct><Prtry><Tp>JIDE AJILEYE</Tp><Pty/></Prtry></RltdPties><RmtInf><Strd><AddtlRmtInf>NO REF</AddtlRmtInf></Strd><Strd><AddtlRmtInf>AJILEYE B//JIDE AJILEYE</AddtlRmtInf></Strd></RmtInf><RltdDts><TxDtTm>2018-09-28T16:33:26</TxDtTm></RltdDts><AddtlTxInf>RP46599855862843001020180928826200026</AddtlTxInf></TxDtls><AddtlNtryInf>COMPLETE//0000//002//CREDIT</AddtlNtryInf></Ntry><Ntry><Amt Ccy="GBP">200.00</Amt><CdtDbtInd>CRDT</CdtDbtInd><Sts>BOOK</Sts><BookgDt><Dt>2018-09-28</Dt></BookgDt><BkTxCd><Prtry><Cd>SIP UKBA CR 40269</Cd></Prtry></BkTxCd><TxDtls><Refs><EndToEndId>NOREF</EndToEndId><TxId>RP4679962540023500</TxId></Refs><RltdPties><Dbtr><Nm>KWIATKOWSKI P P</Nm></Dbtr><DbtrAcct><Id><PrtryAcct><Id>20965553111865</Id></PrtryAcct></Id></DbtrAcct><Cdtr><Nm>P P KWIATKOWSKI</Nm></Cdtr><CdtrAcct><Id><PrtryAcct><Id>23008200143527</Id></PrtryAcct></Id></CdtrAcct><Prtry><Tp>ARRO ACCOUNT</Tp><Pty/></Prtry></RltdPties><RmtInf><Strd><AddtlRmtInf>NO REF</AddtlRmtInf></Strd><Strd><AddtlRmtInf>KWIATKOWSKI P P//ARRO ACCOUNT</AddtlRmtInf></Strd></RmtInf><RltdDts><TxDtTm>2018-09-28T16:33:54</TxDtTm></RltdDts><AddtlTxInf>RP46799625400235001020180928826200026</AddtlTxInf></TxDtls><AddtlNtryInf>COMPLETE//0000//002//CREDIT</AddtlNtryInf></Ntry><Ntry><Amt Ccy="GBP">96.00</Amt><CdtDbtInd>CRDT</CdtDbtInd><Sts>BOOK</Sts><BookgDt><Dt>2018-09-28</Dt></BookgDt><BkTxCd><Prtry><Cd>SIP UKBA CR 40269</Cd></Prtry></BkTxCd><TxDtls><Refs><EndToEndId>NOREF</EndToEndId><TxId>RP4659985586474800</TxId></Refs><RltdPties><Dbtr><Nm>CARE COU LTD SW</Nm></Dbtr><DbtrAcct><Id><PrtryAcct><Id>20430403811115</Id></PrtryAcct></Id></DbtrAcct><Cdtr><Nm>DEVREACH</Nm></Cdtr><CdtrAcct><Id><PrtryAcct><Id>23008200222214</Id></PrtryAcct></Id></CdtrAcct><Prtry><Tp>INV 1002</Tp><Pty/></Prtry></RltdPties><RmtInf><Strd><AddtlRmtInf>NO REF</AddtlRmtInf></Strd><Strd><AddtlRmtInf>CARE COU LTD SW//INV 1002</AddtlRmtInf></Strd></RmtInf><RltdDts><TxDtTm>2018-09-28T16:34:44</TxDtTm></RltdDts><AddtlTxInf>RP46599855864748001020180928826200026</AddtlTxInf></TxDtls><AddtlNtryInf>COMPLETE//0000//002//CREDIT</AddtlNtryInf></Ntry><Ntry><Amt Ccy="GBP">12.00</Amt><CdtDbtInd>CRDT</CdtDbtInd><Sts>BOOK</Sts><BookgDt><Dt>2018-09-28</Dt></BookgDt><BkTxCd><Prtry><Cd>SIP UKBA CR 40269</Cd></Prtry></BkTxCd><TxDtls><Refs><EndToEndId>NOREF</EndToEndId><TxId>100000000391411183</TxId></Refs><RltdPties><Dbtr><Nm>F Russell-Morgan</Nm></Dbtr><DbtrAcct><Id><PrtryAcct><Id>30928665553460</Id></PrtryAcct></Id></DbtrAcct><Cdtr><Nm>L</Nm></Cdtr><CdtrAcct><Id><PrtryAcct><Id>23008200249168</Id></PrtryAcct></Id></CdtrAcct><Prtry><Tp>PLAY</Tp><Pty/></Prtry></RltdPties><RmtInf><Strd><AddtlRmtInf>NO REF</AddtlRmtInf></Strd><Strd><AddtlRmtInf>F Russell-Morgan//PLAY</AddtlRmtInf></Strd></RmtInf><RltdDts><TxDtTm>2018-09-28T16:37:55</TxDtTm></RltdDts><AddtlTxInf>1000000003914111831020180928826309286</AddtlTxInf></TxDtls><AddtlNtryInf>COMPLETE//0000//002//CREDIT</AddtlNtryInf></Ntry><Ntry><Amt Ccy="GBP">100.00</Amt><CdtDbtInd>CRDT</CdtDbtInd><Sts>BOOK</Sts><BookgDt><Dt>2018-09-28</Dt></BookgDt><BkTxCd><Prtry><Cd>SIP UKBA CR 40269</Cd></Prtry></BkTxCd><TxDtls><Refs><EndToEndId>NOREF</EndToEndId><TxId>02164349192462000N</TxId><Prtry><Tp>STO REF</Tp><Ref>0000</Ref></Prtry></Refs><RltdPties><Dbtr><Nm>MR PETRUS DINU</Nm></Dbtr><DbtrAcct><Id><PrtryAcct><Id>60013759757523</Id></PrtryAcct></Id></DbtrAcct><Cdtr><Nm>K SARDAR</Nm></Cdtr><CdtrAcct><Id><PrtryAcct><Id>23008200060675</Id></PrtryAcct></Id></CdtrAcct><Prtry><Tp>ARREARS JUNE</Tp><Pty/></Prtry></RltdPties><RmtInf><Strd><AddtlRmtInf>ARREARS JUNE</AddtlRmtInf></Strd><Strd><AddtlRmtInf>MR PETRUS DINU//ARREARS JUNE</AddtlRmtInf></Strd></RmtInf><RltdDts><TxDtTm>2018-09-28T16:43:49</TxDtTm></RltdDts><AddtlTxInf>02164349192462000N1020180928826600137</AddtlTxInf></TxDtls><AddtlNtryInf>COMPLETE//0000//002//CREDIT</AddtlNtryInf></Ntry><Ntry><Amt Ccy="GBP">40.00</Amt><CdtDbtInd>CRDT</CdtDbtInd><Sts>BOOK</Sts><BookgDt><Dt>2018-09-28</Dt></BookgDt><BkTxCd><Prtry><Cd>SIP UKBA CR 40269</Cd></Prtry></BkTxCd><TxDtls><Refs><EndToEndId>NOREF</EndToEndId><TxId>200000000391406087</TxId></Refs><RltdPties><Dbtr><Nm>C Maxwell</Nm></Dbtr><DbtrAcct><Id><PrtryAcct><Id>11010711943169</Id></PrtryAcct></Id></DbtrAcct><Cdtr><Nm>NONYE AKUBUEZE</Nm></Cdtr><CdtrAcct><Id><PrtryAcct><Id>23008200355888</Id></PrtryAcct></Id></CdtrAcct><Prtry><Tp>KOFFI</Tp><Pty/></Prtry></RltdPties><RmtInf><Strd><AddtlRmtInf>NO REF</AddtlRmtInf></Strd><Strd><AddtlRmtInf>C Maxwell//KOFFI</AddtlRmtInf></Strd></RmtInf><RltdDts><TxDtTm>2018-09-28T16:48:23</TxDtTm></RltdDts><AddtlTxInf>2000000003914060871020180928826110107</AddtlTxInf></TxDtls><AddtlNtryInf>COMPLETE//0000//002//CREDIT</AddtlNtryInf></Ntry><Ntry><Amt Ccy="GBP">50.00</Amt><CdtDbtInd>CRDT</CdtDbtInd><Sts>BOOK</Sts><BookgDt><Dt>2018-09-28</Dt></BookgDt><BkTxCd><Prtry><Cd>SIP UKBA CR 40269</Cd></Prtry></BkTxCd><TxDtls><Refs><EndToEndId>NOREF</EndToEndId><TxId>300000000396721946</TxId></Refs><RltdPties><Dbtr><Nm>P Brown</Nm></Dbtr><DbtrAcct><Id><PrtryAcct><Id>30957526584360</Id></PrtryAcct></Id></DbtrAcct><Cdtr><Nm>DAVID TURNER</Nm></Cdtr><CdtrAcct><Id><PrtryAcct><Id>23008200174932</Id></PrtryAcct></Id></CdtrAcct></RltdPties><RmtInf><Strd><AddtlRmtInf>NO REF</AddtlRmtInf></Strd><Strd><AddtlRmtInf>P Brown//</AddtlRmtInf></Strd></RmtInf><RltdDts><TxDtTm>2018-09-28T16:48:37</TxDtTm></RltdDts><AddtlTxInf>3000000003967219461020180928826309575</AddtlTxInf></TxDtls><AddtlNtryInf>COMPLETE//0000//002//CREDIT</AddtlNtryInf></Ntry><Ntry><Amt Ccy="GBP">24.50</Amt><CdtDbtInd>CRDT</CdtDbtInd><Sts>BOOK</Sts><BookgDt><Dt>2018-09-28</Dt></BookgDt><BkTxCd><Prtry><Cd>SIP UKBA CR 40269</Cd></Prtry></BkTxCd><TxDtls><Refs><EndToEndId>5000000691zPOBA6ZYY</EndToEndId><TxId>DF0000006461854700</TxId></Refs><RltdPties><Dbtr><Nm>LC International Limited</Nm><PstlAdr><AdrLine>57/63 Line Wall RoadGibraltarEC4N 8</AdrLine><AdrLine>AF</AdrLine><Ctry/></PstlAdr></Dbtr><DbtrAcct><Id><PrtryAcct><Id>20364763140148</Id></PrtryAcct></Id></DbtrAcct><Cdtr><Nm>Jamie Donnelly</Nm><PstlAdr><AdrLine>Grainger Chambers 3-5 Hood StreetNe</AdrLine><AdrLine>wcastle Upon TyneNE1 6JQGB</AdrLine><Ctry/></PstlAdr></Cdtr><CdtrAcct><Id><PrtryAcct><Id>23008200449440</Id></PrtryAcct></Id></CdtrAcct><Prtry><Tp>/PAYER ACC/POBA6ZY</Tp><Pty/></Prtry></RltdPties><RmtInf><Strd><AddtlRmtInf>/PAYER ACC/POBA6ZYY/jammdonnell-L23173186815</AddtlRmtInf></Strd><Strd><AddtlRmtInf>LC International L///PAYER ACC/POBA6ZY</AddtlRmtInf></Strd></RmtInf><RltdDts><TxDtTm>2018-09-28T16:50:32</TxDtTm></RltdDts><AddtlTxInf>DF00000064618547001020180928826200000</AddtlTxInf></TxDtls><AddtlNtryInf>COMPLETE//0000//002//CREDIT</AddtlNtryInf></Ntry><Ntry><Amt Ccy="GBP">10.00</Amt><CdtDbtInd>CRDT</CdtDbtInd><Sts>BOOK</Sts><BookgDt><Dt>2018-09-28</Dt></BookgDt><BkTxCd><Prtry><Cd>SIP UKBA CR 40269</Cd></Prtry></BkTxCd><TxDtls><Refs><EndToEndId>NOREF</EndToEndId><TxId>300000000396723107</TxId></Refs><RltdPties><Dbtr><Nm>D Jones</Nm></Dbtr><DbtrAcct><Id><PrtryAcct><Id>11181132796104</Id></PrtryAcct></Id></DbtrAcct><Cdtr><Nm>DARRAN JONES</Nm></Cdtr><CdtrAcct><Id><PrtryAcct><Id>23008200125402</Id></PrtryAcct></Id></CdtrAcct><Prtry><Tp>ARRO</Tp><Pty/></Prtry></RltdPties><RmtInf><Strd><AddtlRmtInf>NO REF</AddtlRmtInf></Strd><Strd><AddtlRmtInf>D Jones//ARRO</AddtlRmtInf></Strd></RmtInf><RltdDts><TxDtTm>2018-09-28T16:51:00</TxDtTm></RltdDts><AddtlTxInf>3000000003967231071020180928826111811</AddtlTxInf></TxDtls><AddtlNtryInf>COMPLETE//0000//002//CREDIT</AddtlNtryInf></Ntry><Ntry><Amt Ccy="GBP">40.00</Amt><CdtDbtInd>CRDT</CdtDbtInd><Sts>BOOK</Sts><BookgDt><Dt>2018-09-28</Dt></BookgDt><BkTxCd><Prtry><Cd>SIP UKBA CR 40269</Cd></Prtry></BkTxCd><TxDtls><Refs><EndToEndId>NOREF</EndToEndId><TxId>600000000392790909</TxId></Refs><RltdPties><Dbtr><Nm>U Chima</Nm></Dbtr><DbtrAcct><Id><PrtryAcct><Id>11026402252058</Id></PrtryAcct></Id></DbtrAcct><Cdtr><Nm>S RYAN</Nm></Cdtr><CdtrAcct><Id><PrtryAcct><Id>23008200148479</Id></PrtryAcct></Id></CdtrAcct><Prtry><Tp>UZO GRILL MASTER</Tp><Pty/></Prtry></RltdPties><RmtInf><Strd><AddtlRmtInf>NO REF</AddtlRmtInf></Strd><Strd><AddtlRmtInf>U Chima//UZO GRILL MASTER</AddtlRmtInf></Strd></RmtInf><RltdDts><TxDtTm>2018-09-28T16:52:05</TxDtTm></RltdDts><AddtlTxInf>6000000003927909091020180928826110264</AddtlTxInf></TxDtls><AddtlNtryInf>COMPLETE//0000//002//CREDIT</AddtlNtryInf></Ntry><Ntry><Amt Ccy="GBP">48.00</Amt><CdtDbtInd>CRDT</CdtDbtInd><Sts>BOOK</Sts><BookgDt><Dt>2018-09-28</Dt></BookgDt><BkTxCd><Prtry><Cd>DCA UKBA CR 40269</Cd></Prtry></BkTxCd><TxDtls><Refs><EndToEndId>NOREF</EndToEndId><TxId>000000013704055901</TxId><Prtry><Tp>STO REF</Tp><Ref>9923</Ref></Prtry></Refs><RltdPties><Dbtr><Nm>I IOSUB CRUDU</Nm></Dbtr><DbtrAcct><Id><PrtryAcct><Id>20035373152596</Id></PrtryAcct></Id></DbtrAcct><Cdtr><Nm>VLAD MUNTEANU</Nm></Cdtr><CdtrAcct><Id><PrtryAcct><Id>23008200423900</Id></PrtryAcct></Id></CdtrAcct><Prtry><Tp>VLAD MUNTEANU</Tp><Pty/></Prtry></RltdPties><RmtInf><Strd><AddtlRmtInf>NO REF</AddtlRmtInf></Strd><Strd><AddtlRmtInf>I IOSUB CRUDU//VLAD MUNTEANU</AddtlRmtInf></Strd></RmtInf><RltdDts><TxDtTm>2018-09-28T16:52:38</TxDtTm></RltdDts><AddtlTxInf>0000000137040559015020180928826200353</AddtlTxInf></TxDtls><AddtlNtryInf>COMPLETE//0000//002//CREDIT</AddtlNtryInf></Ntry><Ntry><Amt Ccy="GBP">587.20</Amt><CdtDbtInd>CRDT</CdtDbtInd><Sts>BOOK</Sts><BookgDt><Dt>2018-09-28</Dt></BookgDt><BkTxCd><Prtry><Cd>DCA UKBA CR 40269</Cd></Prtry></BkTxCd><TxDtls><Refs><EndToEndId>NOREF</EndToEndId><TxId>000000013704117201</TxId><Prtry><Tp>STO REF</Tp><Ref>0000</Ref></Prtry></Refs><RltdPties><Dbtr><Nm>WE 300918</Nm></Dbtr><DbtrAcct><Id><PrtryAcct><Id>20956130581720</Id></PrtryAcct></Id></DbtrAcct><Cdtr><Nm>MR ALAN PATRICK DA</Nm></Cdtr><CdtrAcct><Id><PrtryAcct><Id>23008200062816</Id></PrtryAcct></Id></CdtrAcct><Prtry><Tp>082669</Tp><Pty/></Prtry></RltdPties><RmtInf><Strd><AddtlRmtInf>NO REF</AddtlRmtInf></Strd><Strd><AddtlRmtInf>WE 300918//082669</AddtlRmtInf></Strd></RmtInf><RltdDts><TxDtTm>2018-09-28T16:53:12</TxDtTm></RltdDts><AddtlTxInf>0000000137041172015020180928826209561</AddtlTxInf></TxDtls><AddtlNtryInf>COMPLETE//0000//002//CREDIT</AddtlNtryInf></Ntry><Ntry><Amt Ccy="GBP">10.00</Amt><CdtDbtInd>CRDT</CdtDbtInd><Sts>BOOK</Sts><BookgDt><Dt>2018-09-28</Dt></BookgDt><BkTxCd><Prtry><Cd>SIP UKBA CR 40269</Cd></Prtry></BkTxCd><TxDtls><Refs><EndToEndId>X</EndToEndId><TxId>51165543416622000N</TxId><Prtry><Tp>STO REF</Tp><Ref>0000</Ref></Prtry></Refs><RltdPties><Dbtr><Nm>BRIODY L</Nm></Dbtr><DbtrAcct><Id><PrtryAcct><Id>60302134888802</Id></PrtryAcct></Id></DbtrAcct><Cdtr><Nm>ME</Nm></Cdtr><CdtrAcct><Id><PrtryAcct><Id>23008200170994</Id></PrtryAcct></Id></CdtrAcct><Prtry><Tp>X</Tp><Pty/></Prtry></RltdPties><RmtInf><Strd><AddtlRmtInf>BRIODY L          X                 VIA MOBILE - LVP</AddtlRmtInf></Strd><Strd><AddtlRmtInf>BRIODY L//X</AddtlRmtInf></Strd></RmtInf><RltdDts><TxDtTm>2018-09-28T16:55:43</TxDtTm></RltdDts><AddtlTxInf>51165543416622000N1020180928826603021</AddtlTxInf></TxDtls><AddtlNtryInf>COMPLETE//0000//002//CREDIT</AddtlNtryInf></Ntry><Ntry><Amt Ccy="GBP">560.00</Amt><CdtDbtInd>CRDT</CdtDbtInd><Sts>BOOK</Sts><BookgDt><Dt>2018-09-28</Dt></BookgDt><BkTxCd><Prtry><Cd>SIP UKBA CR 40269</Cd></Prtry></BkTxCd><TxDtls><Refs><EndToEndId>000000FT182715LNB0</EndToEndId><TxId>000000FT182715LNB0</TxId></Refs><RltdPties><Dbtr><Nm>TEJPAL THANJAL</Nm><PstlAdr><AdrLine>14;SLOUGH</AdrLine><Ctry/></PstlAdr></Dbtr><DbtrAcct><Id><PrtryAcct><Id>23058018829673</Id></PrtryAcct></Id></DbtrAcct><Cdtr><Nm>Ireland FX Arro</Nm><PstlAdr><AdrLine>NA</AdrLine><Ctry/></PstlAdr></Cdtr><CdtrAcct><Id><PrtryAcct><Id>23008200034051</Id></PrtryAcct></Id></CdtrAcct><Prtry><Tp>Arrow deposit fca</Tp><Pty/></Prtry></RltdPties><RmtInf><Strd><AddtlRmtInf>NO REF</AddtlRmtInf></Strd><Strd><AddtlRmtInf>TEJPAL THANJAL//Arrow deposit fca</AddtlRmtInf></Strd></RmtInf><RltdDts><TxDtTm>2018-09-28T16:57:01</TxDtTm></RltdDts><AddtlTxInf>000000FT182715LNB01020180928826230580</AddtlTxInf></TxDtls><AddtlNtryInf>COMPLETE//0000//002//CREDIT</AddtlNtryInf></Ntry><Ntry><Amt Ccy="GBP">10.00</Amt><CdtDbtInd>CRDT</CdtDbtInd><Sts>BOOK</Sts><BookgDt><Dt>2018-09-28</Dt></BookgDt><BkTxCd><Prtry><Cd>SIP UKBA CR 40269</Cd></Prtry></BkTxCd><TxDtls><Refs><EndToEndId>NOREF</EndToEndId><TxId>RP4659985589661800</TxId></Refs><RltdPties><Dbtr><Nm>NICOLAI D</Nm></Dbtr><DbtrAcct><Id><PrtryAcct><Id>20090353065979</Id></PrtryAcct></Id></DbtrAcct><Cdtr><Nm>F BADANA</Nm></Cdtr><CdtrAcct><Id><PrtryAcct><Id>23008200144592</Id></PrtryAcct></Id></CdtrAcct><Prtry><Tp>FRIEND</Tp><Pty/></Prtry></RltdPties><RmtInf><Strd><AddtlRmtInf>NO REF</AddtlRmtInf></Strd><Strd><AddtlRmtInf>NICOLAI D//FRIEND</AddtlRmtInf></Strd></RmtInf><RltdDts><TxDtTm>2018-09-28T16:58:13</TxDtTm></RltdDts><AddtlTxInf>RP46599855896618001020180928826200026</AddtlTxInf></TxDtls><AddtlNtryInf>COMPLETE//0000//002//CREDIT</AddtlNtryInf></Ntry><Ntry><Amt Ccy="GBP">5.00</Amt><CdtDbtInd>CRDT</CdtDbtInd><Sts>BOOK</Sts><BookgDt><Dt>2018-09-28</Dt></BookgDt><BkTxCd><Prtry><Cd>SIP UKBA CR 40269</Cd></Prtry></BkTxCd><TxDtls><Refs><EndToEndId>NOREF</EndToEndId><TxId>RP4659985589738100</TxId></Refs><RltdPties><Dbtr><Nm>OLALEYE M</Nm></Dbtr><DbtrAcct><Id><PrtryAcct><Id>20262073928527</Id></PrtryAcct></Id></DbtrAcct><Cdtr><Nm>AIDAN</Nm></Cdtr><CdtrAcct><Id><PrtryAcct><Id>23008200473582</Id></PrtryAcct></Id></CdtrAcct><Prtry><Tp>DAVID</Tp><Pty/></Prtry></RltdPties><RmtInf><Strd><AddtlRmtInf>NO REF</AddtlRmtInf></Strd><Strd><AddtlRmtInf>OLALEYE M//DAVID</AddtlRmtInf></Strd></RmtInf><RltdDts><TxDtTm>2018-09-28T16:58:52</TxDtTm></RltdDts><AddtlTxInf>RP46599855897381001020180928826200026</AddtlTxInf></TxDtls><AddtlNtryInf>COMPLETE//0000//002//CREDIT</AddtlNtryInf></Ntry></Ntfctn></BkToCstmrDbtCdtNtfctnV01></Document>