<?xml version="1.0" encoding="UTF-8"?><Document xmlns:xsi="http://www.w3.org/2001/XMLSchema-instance" xmlns="urn:iso:std:iso:20022:tech:xsd:camt.054.001.01"><BkToCstmrDbtCdtNtfctnV01><GrpHdr><MsgId>80309K//12284</MsgId><CreDtTm>2018-09-01T17:00:00</CreDtTm></GrpHdr><Ntfctn><Id>80309K//12284//1</Id><CreDtTm>2018-09-01T17:00:00</CreDtTm><Acct><Id><PrtryAcct><Id>20594233939774</Id></PrtryAcct></Id><Ccy>GBP</Ccy></Acct><TxsSummry><TtlNtries><NbOfNtries>4</NbOfNtries><Sum>215.00</Sum></TtlNtries><TtlCdtNtries><NbOfNtries>4</NbOfNtries><Sum>215.00</Sum></TtlCdtNtries><TtlDbtNtries><NbOfNtries>0</NbOfNtries><Sum>0.00</Sum></TtlDbtNtries></TxsSummry><Ntry><Amt Ccy="GBP">100.00</Amt><CdtDbtInd>CRDT</CdtDbtInd><Sts>BOOK</Sts><BookgDt><Dt>2018-09-03</Dt></BookgDt><BkTxCd><Prtry><Cd>SIP UKBA CR 40269</Cd></Prtry></BkTxCd><TxDtls><Refs><EndToEndId>NOREF</EndToEndId><TxId>200000000383046478</TxId></Refs><RltdPties><Dbtr><Nm>R Resuggan</Nm></Dbtr><DbtrAcct><Id><PrtryAcct><Id>11056700905255</Id></PrtryAcct></Id></DbtrAcct><Cdtr><Nm>SEAN O&apos;NEILL</Nm></Cdtr><CdtrAcct><Id><PrtryAcct><Id>23008200240736</Id></PrtryAcct></Id></CdtrAcct></RltdPties><RmtInf><Strd><AddtlRmtInf>NO REF</AddtlRmtInf></Strd><Strd><AddtlRmtInf>R Resuggan//</AddtlRmtInf></Strd></RmtInf><RltdDts><TxDtTm>2018-09-01T16:32:34</TxDtTm></RltdDts><AddtlTxInf>2000000003830464781020180901826110567</AddtlTxInf></TxDtls><AddtlNtryInf>COMPLETE//0000//003//CREDIT</AddtlNtryInf></Ntry><Ntry><Amt Ccy="GBP">40.00</Amt><CdtDbtInd>CRDT</CdtDbtInd><Sts>BOOK</Sts><BookgDt><Dt>2018-09-03</Dt></BookgDt><BkTxCd><Prtry><Cd>SIP UKBA CR 40269</Cd></Prtry></BkTxCd><TxDtls><Refs><EndToEndId>NOREF</EndToEndId><TxId>RP4679960350158200</TxId></Refs><RltdPties><Dbtr><Nm>JONES PA</Nm></Dbtr><DbtrAcct><Id><PrtryAcct><Id>20925480508500</Id></PrtryAcct></Id></DbtrAcct><Cdtr><Nm>DEBORAH HIPPOLYTE</Nm></Cdtr><CdtrAcct><Id><PrtryAcct><Id>23008200054436</Id></PrtryAcct></Id></CdtrAcct><Prtry><Tp>RESTAURANT</Tp><Pty/></Prtry></RltdPties><RmtInf><Strd><AddtlRmtInf>NO REF</AddtlRmtInf></Strd><Strd><AddtlRmtInf>JONES PA//RESTAURANT</AddtlRmtInf></Strd></RmtInf><RltdDts><TxDtTm>2018-09-01T16:45:26</TxDtTm></RltdDts><AddtlTxInf>RP46799603501582001020180901826200026</AddtlTxInf></TxDtls><AddtlNtryInf>COMPLETE//0000//003//CREDIT</AddtlNtryInf></Ntry><Ntry><Amt Ccy="GBP">70.00</Amt><CdtDbtInd>CRDT</CdtDbtInd><Sts>BOOK</Sts><BookgDt><Dt>2018-09-03</Dt></BookgDt><BkTxCd><Prtry><Cd>SIP UKBA CR 40269</Cd></Prtry></BkTxCd><TxDtls><Refs><EndToEndId>NOREF</EndToEndId><TxId>600000000384439940</TxId></Refs><RltdPties><Dbtr><Nm>J Chrappah</Nm></Dbtr><DbtrAcct><Id><PrtryAcct><Id>11181131677974</Id></PrtryAcct></Id></DbtrAcct><Cdtr><Nm>JAYARO</Nm></Cdtr><CdtrAcct><Id><PrtryAcct><Id>23008200207569</Id></PrtryAcct></Id></CdtrAcct><Prtry><Tp>FUNDS3</Tp><Pty/></Prtry></RltdPties><RmtInf><Strd><AddtlRmtInf>NO REF</AddtlRmtInf></Strd><Strd><AddtlRmtInf>J Chrappah//FUNDS3</AddtlRmtInf></Strd></RmtInf><RltdDts><TxDtTm>2018-09-01T16:46:10</TxDtTm></RltdDts><AddtlTxInf>6000000003844399401020180901826111811</AddtlTxInf></TxDtls><AddtlNtryInf>COMPLETE//0000//003//CREDIT</AddtlNtryInf></Ntry><Ntry><Amt Ccy="GBP">5.00</Amt><CdtDbtInd>CRDT</CdtDbtInd><Sts>BOOK</Sts><BookgDt><Dt>2018-09-03</Dt></BookgDt><BkTxCd><Prtry><Cd>SIP UKBA CR 40269</Cd></Prtry></BkTxCd><TxDtls><Refs><EndToEndId>NOREF</EndToEndId><TxId>400000000389515628</TxId></Refs><RltdPties><Dbtr><Nm>B Ajayi</Nm></Dbtr><DbtrAcct><Id><PrtryAcct><Id>11016112126460</Id></PrtryAcct></Id></DbtrAcct><Cdtr><Nm>PAUL KENNY</Nm></Cdtr><CdtrAcct><Id><PrtryAcct><Id>23008200425884</Id></PrtryAcct></Id></CdtrAcct><Prtry><Tp>DEL</Tp><Pty/></Prtry></RltdPties><RmtInf><Strd><AddtlRmtInf>NO REF</AddtlRmtInf></Strd><Strd><AddtlRmtInf>B Ajayi//DEL</AddtlRmtInf></Strd></RmtInf><RltdDts><TxDtTm>2018-09-01T16:46:23</TxDtTm></RltdDts><AddtlTxInf>4000000003895156281020180901826110161</AddtlTxInf></TxDtls><AddtlNtryInf>COMPLETE//0000//003//CREDIT</AddtlNtryInf></Ntry></Ntfctn></BkToCstmrDbtCdtNtfctnV01></Document>