<?xml version="1.0" encoding="UTF-8"?><Document xmlns:xsi="http://www.w3.org/2001/XMLSchema-instance" xmlns="urn:iso:std:iso:20022:tech:xsd:camt.054.001.01"><BkToCstmrDbtCdtNtfctnV01><GrpHdr><MsgId>80309K//13467</MsgId><CreDtTm>2018-09-28T23:00:00</CreDtTm></GrpHdr><Ntfctn><Id>80309K//13467//1</Id><CreDtTm>2018-09-28T23:00:00</CreDtTm><Acct><Id><PrtryAcct><Id>20594233939774</Id></PrtryAcct></Id><Ccy>GBP</Ccy></Acct><TxsSummry><TtlNtries><NbOfNtries>2</NbOfNtries><Sum>250.01</Sum></TtlNtries><TtlCdtNtries><NbOfNtries>2</NbOfNtries><Sum>250.01</Sum></TtlCdtNtries><TtlDbtNtries><NbOfNtries>0</NbOfNtries><Sum>0.00</Sum></TtlDbtNtries></TxsSummry><Ntry><Amt Ccy="GBP">0.01</Amt><CdtDbtInd>CRDT</CdtDbtInd><Sts>BOOK</Sts><BookgDt><Dt>2018-10-01</Dt></BookgDt><BkTxCd><Prtry><Cd>SIP UKBA CR 40269</Cd></Prtry></BkTxCd><TxDtls><Refs><EndToEndId>PPRD00000000AQYY4Q</EndToEndId><TxId>PPRD00000000AQYY4Q</TxId></Refs><RltdPties><Dbtr><Nm>PAYPAL CODE 7274</Nm><PstlAdr><AdrLine>2211 N 1st Street San Jose CA 95131</AdrLine><Ctry/></PstlAdr></Dbtr><DbtrAcct><Id><PrtryAcct><Id>23526285010101</Id></PrtryAcct></Id></DbtrAcct><Cdtr><Nm>paul skinner</Nm><PstlAdr><AdrLine>crescent road</AdrLine><Ctry/></PstlAdr></Cdtr><CdtrAcct><Id><PrtryAcct><Id>23008200464658</Id></PrtryAcct></Id></CdtrAcct><Prtry><Tp>PAYPAL CODE 7274</Tp><Pty/></Prtry></RltdPties><RmtInf><Strd><RfrdDocInf><RfrdDocTp><Prtry>002</Prtry></RfrdDocTp></RfrdDocInf><AddtlRmtInf>NO REF</AddtlRmtInf></Strd><Strd><AddtlRmtInf>PAYPAL CODE 7274//PAYPAL CODE 7274</AddtlRmtInf></Strd></RmtInf><RltdDts><TxDtTm>2018-09-28T22:46:46</TxDtTm></RltdDts><AddtlTxInf>PPRD00000000AQYY4Q1020180928826235262</AddtlTxInf></TxDtls><AddtlNtryInf>COMPLETE//0000//003//CREDIT</AddtlNtryInf></Ntry><Ntry><Amt Ccy="GBP">250.00</Amt><CdtDbtInd>CRDT</CdtDbtInd><Sts>BOOK</Sts><BookgDt><Dt>2018-10-01</Dt></BookgDt><BkTxCd><Prtry><Cd>SIP UKBA CR 40269</Cd></Prtry></BkTxCd><TxDtls><Refs><EndToEndId>NATHAN OTUEDON</EndToEndId><TxId>41225939416612000N</TxId><Prtry><Tp>STO REF</Tp><Ref>0000</Ref></Prtry></Refs><RltdPties><Dbtr><Nm>OTUEDON N A</Nm></Dbtr><DbtrAcct><Id><PrtryAcct><Id>54306072930330</Id></PrtryAcct></Id></DbtrAcct><Cdtr><Nm>JEDIDIAH GLOBAL</Nm></Cdtr><CdtrAcct><Id><PrtryAcct><Id>23008200032558</Id></PrtryAcct></Id></CdtrAcct><Prtry><Tp>NATHAN OTUEDON</Tp><Pty/></Prtry></RltdPties><RmtInf><Strd><AddtlRmtInf>OTUEDON N A       NATHAN OTUEDON    VIA MOBILE - LVP</AddtlRmtInf></Strd><Strd><AddtlRmtInf>OTUEDON N A//NATHAN OTUEDON</AddtlRmtInf></Strd></RmtInf><RltdDts><TxDtTm>2018-09-28T22:59:39</TxDtTm></RltdDts><AddtlTxInf>41225939416612000N1020180928826543060</AddtlTxInf></TxDtls><AddtlNtryInf>COMPLETE//0000//003//CREDIT</AddtlNtryInf></Ntry></Ntfctn></BkToCstmrDbtCdtNtfctnV01></Document>