<?xml version="1.0" encoding="UTF-8"?><Document xmlns:xsi="http://www.w3.org/2001/XMLSchema-instance" xmlns="urn:iso:std:iso:20022:tech:xsd:camt.054.001.01"><BkToCstmrDbtCdtNtfctnV01><GrpHdr><MsgId>80309K//13153</MsgId><CreDtTm>2018-09-21T17:30:00</CreDtTm></GrpHdr><Ntfctn><Id>80309K//13153//1</Id><CreDtTm>2018-09-21T17:30:00</CreDtTm><Acct><Id><PrtryAcct><Id>20594233939774</Id></PrtryAcct></Id><Ccy>GBP</Ccy></Acct><TxsSummry><TtlNtries><NbOfNtries>18</NbOfNtries><Sum>6170.70</Sum></TtlNtries><TtlCdtNtries><NbOfNtries>18</NbOfNtries><Sum>6170.70</Sum></TtlCdtNtries><TtlDbtNtries><NbOfNtries>0</NbOfNtries><Sum>0.00</Sum></TtlDbtNtries></TxsSummry><Ntry><Amt Ccy="GBP">40.00</Amt><CdtDbtInd>CRDT</CdtDbtInd><Sts>BOOK</Sts><BookgDt><Dt>2018-09-21</Dt></BookgDt><BkTxCd><Prtry><Cd>SIP UKBA CR 40269</Cd></Prtry></BkTxCd><TxDtls><Refs><EndToEndId>NOREF</EndToEndId><TxId>29170137964787000N</TxId><Prtry><Tp>STO REF</Tp><Ref>0000</Ref></Prtry></Refs><RltdPties><Dbtr><Nm>BRENDA GAYE</Nm><PstlAdr><AdrLine>APS COTTONS CENTRE SE1 2QG</AdrLine><Ctry/></PstlAdr></Dbtr><DbtrAcct><Id><PrtryAcct><Id>08719980285347</Id></PrtryAcct></Id></DbtrAcct><Cdtr><Nm>DELIA EDWARDS</Nm></Cdtr><CdtrAcct><Id><PrtryAcct><Id>23008200456437</Id></PrtryAcct></Id></CdtrAcct><Prtry><Tp>BILL</Tp><Pty/></Prtry></RltdPties><RmtInf><Strd><AddtlRmtInf>BILL</AddtlRmtInf></Strd><Strd><AddtlRmtInf>BRENDA GAYE//BILL</AddtlRmtInf></Strd></RmtInf><RltdDts><TxDtTm>2018-09-21T17:01:38</TxDtTm></RltdDts><AddtlTxInf>29170137964787000N1020180921826087199</AddtlTxInf></TxDtls><AddtlNtryInf>COMPLETE//0000//003//CREDIT</AddtlNtryInf></Ntry><Ntry><Amt Ccy="GBP">30.00</Amt><CdtDbtInd>CRDT</CdtDbtInd><Sts>BOOK</Sts><BookgDt><Dt>2018-09-21</Dt></BookgDt><BkTxCd><Prtry><Cd>SIP UKBA CR 40269</Cd></Prtry></BkTxCd><TxDtls><Refs><EndToEndId>NOREF</EndToEndId><TxId>59170141304202000N</TxId><Prtry><Tp>STO REF</Tp><Ref>0000</Ref></Prtry></Refs><RltdPties><Dbtr><Nm>BRENDA GAYE</Nm><PstlAdr><AdrLine>APS COTTONS CENTRE SE1 2QG</AdrLine><Ctry/></PstlAdr></Dbtr><DbtrAcct><Id><PrtryAcct><Id>08719980285347</Id></PrtryAcct></Id></DbtrAcct><Cdtr><Nm>J HEARTFIELD</Nm></Cdtr><CdtrAcct><Id><PrtryAcct><Id>23008200456990</Id></PrtryAcct></Id></CdtrAcct><Prtry><Tp>RENT</Tp><Pty/></Prtry></RltdPties><RmtInf><Strd><AddtlRmtInf>RENT</AddtlRmtInf></Strd><Strd><AddtlRmtInf>BRENDA GAYE//RENT</AddtlRmtInf></Strd></RmtInf><RltdDts><TxDtTm>2018-09-21T17:01:41</TxDtTm></RltdDts><AddtlTxInf>59170141304202000N1020180921826087199</AddtlTxInf></TxDtls><AddtlNtryInf>COMPLETE//0000//003//CREDIT</AddtlNtryInf></Ntry><Ntry><Amt Ccy="GBP">151.24</Amt><CdtDbtInd>CRDT</CdtDbtInd><Sts>BOOK</Sts><BookgDt><Dt>2018-09-21</Dt></BookgDt><BkTxCd><Prtry><Cd>SIP UKBA CR 40269</Cd></Prtry></BkTxCd><TxDtls><Refs><EndToEndId>NO REF</EndToEndId><TxId>MF00013961321EBE00</TxId></Refs><RltdPties><Dbtr><Nm>GLOB PAY LTD SW</Nm></Dbtr><DbtrAcct><Id><PrtryAcct><Id>20956130581720</Id></PrtryAcct></Id></DbtrAcct><Cdtr><Nm>ABDIWALI ALI AHMED</Nm></Cdtr><CdtrAcct><Id><PrtryAcct><Id>23008200175505</Id></PrtryAcct></Id></CdtrAcct><Prtry><Tp>NO REF</Tp><Pty/></Prtry></RltdPties><RmtInf><Strd><RfrdDocInf><RfrdDocTp><Prtry>002</Prtry></RfrdDocTp></RfrdDocInf><AddtlRmtInf>NO REF</AddtlRmtInf></Strd><Strd><AddtlRmtInf>GLOB PAY LTD SW//NO REF</AddtlRmtInf></Strd></RmtInf><RltdDts><TxDtTm>2018-09-21T17:01:54</TxDtTm></RltdDts><AddtlTxInf>MF00013961321EBE001020180921826200026</AddtlTxInf></TxDtls><AddtlNtryInf>COMPLETE//0000//003//CREDIT</AddtlNtryInf></Ntry><Ntry><Amt Ccy="GBP">0.01</Amt><CdtDbtInd>CRDT</CdtDbtInd><Sts>BOOK</Sts><BookgDt><Dt>2018-09-21</Dt></BookgDt><BkTxCd><Prtry><Cd>SIP UKBA CR 40269</Cd></Prtry></BkTxCd><TxDtls><Refs><EndToEndId>PPRD00000000AP4KBG</EndToEndId><TxId>PPRD00000000AP4KBG</TxId></Refs><RltdPties><Dbtr><Nm>PAYPAL CODE 1277</Nm><PstlAdr><AdrLine>2211 N 1st Street San Jose CA 95131</AdrLine><Ctry/></PstlAdr></Dbtr><DbtrAcct><Id><PrtryAcct><Id>23526285010101</Id></PrtryAcct></Id></DbtrAcct><Cdtr><Nm>Daniel Whiston</Nm><PstlAdr><AdrLine>1 Ryde Close</AdrLine><Ctry/></PstlAdr></Cdtr><CdtrAcct><Id><PrtryAcct><Id>23008200458914</Id></PrtryAcct></Id></CdtrAcct><Prtry><Tp>PAYPAL CODE 1277</Tp><Pty/></Prtry></RltdPties><RmtInf><Strd><RfrdDocInf><RfrdDocTp><Prtry>002</Prtry></RfrdDocTp></RfrdDocInf><AddtlRmtInf>NO REF</AddtlRmtInf></Strd><Strd><AddtlRmtInf>PAYPAL CODE 1277//PAYPAL CODE 1277</AddtlRmtInf></Strd></RmtInf><RltdDts><TxDtTm>2018-09-21T17:02:46</TxDtTm></RltdDts><AddtlTxInf>PPRD00000000AP4KBG1020180921826235262</AddtlTxInf></TxDtls><AddtlNtryInf>COMPLETE//0000//003//CREDIT</AddtlNtryInf></Ntry><Ntry><Amt Ccy="GBP">400.00</Amt><CdtDbtInd>CRDT</CdtDbtInd><Sts>BOOK</Sts><BookgDt><Dt>2018-09-21</Dt></BookgDt><BkTxCd><Prtry><Cd>SIP UKBA CR 40269</Cd></Prtry></BkTxCd><TxDtls><Refs><EndToEndId>SIMPLICITY</EndToEndId><TxId>MF000839613309EB00</TxId></Refs><RltdPties><Dbtr><Nm>SIMPLICITY CON LTD</Nm></Dbtr><DbtrAcct><Id><PrtryAcct><Id>20769253472159</Id></PrtryAcct></Id></DbtrAcct><Cdtr><Nm>GC DECORATORS</Nm></Cdtr><CdtrAcct><Id><PrtryAcct><Id>23008200026031</Id></PrtryAcct></Id></CdtrAcct><Prtry><Tp>SIMPLICITY</Tp><Pty/></Prtry></RltdPties><RmtInf><Strd><RfrdDocInf><RfrdDocTp><Prtry>002</Prtry></RfrdDocTp></RfrdDocInf><AddtlRmtInf>NO REF</AddtlRmtInf></Strd><Strd><AddtlRmtInf>SIMPLICITY CON LTD//SIMPLICITY</AddtlRmtInf></Strd></RmtInf><RltdDts><TxDtTm>2018-09-21T17:03:21</TxDtTm></RltdDts><AddtlTxInf>MF000839613309EB001020180921826200026</AddtlTxInf></TxDtls><AddtlNtryInf>COMPLETE//0000//003//CREDIT</AddtlNtryInf></Ntry><Ntry><Amt Ccy="GBP">748.00</Amt><CdtDbtInd>CRDT</CdtDbtInd><Sts>BOOK</Sts><BookgDt><Dt>2018-09-21</Dt></BookgDt><BkTxCd><Prtry><Cd>SIP UKBA CR 40269</Cd></Prtry></BkTxCd><TxDtls><Refs><EndToEndId>NOREF</EndToEndId><TxId>RP4679961930604600</TxId></Refs><RltdPties><Dbtr><Nm>SUP CO S LTD SW</Nm></Dbtr><DbtrAcct><Id><PrtryAcct><Id>20746390529877</Id></PrtryAcct></Id></DbtrAcct><Cdtr><Nm>RUSI NIKOLOV</Nm></Cdtr><CdtrAcct><Id><PrtryAcct><Id>23008200016793</Id></PrtryAcct></Id></CdtrAcct><Prtry><Tp>SUB STR</Tp><Pty/></Prtry></RltdPties><RmtInf><Strd><AddtlRmtInf>NO REF</AddtlRmtInf></Strd><Strd><AddtlRmtInf>SUP CO S LTD SW//SUB STR</AddtlRmtInf></Strd></RmtInf><RltdDts><TxDtTm>2018-09-21T17:03:45</TxDtTm></RltdDts><AddtlTxInf>RP46799619306046001020180921826200026</AddtlTxInf></TxDtls><AddtlNtryInf>COMPLETE//0000//003//CREDIT</AddtlNtryInf></Ntry><Ntry><Amt Ccy="GBP">50.00</Amt><CdtDbtInd>CRDT</CdtDbtInd><Sts>BOOK</Sts><BookgDt><Dt>2018-09-21</Dt></BookgDt><BkTxCd><Prtry><Cd>SIP UKBA CR 40269</Cd></Prtry></BkTxCd><TxDtls><Refs><EndToEndId>NOREF</EndToEndId><TxId>400000000395567419</TxId></Refs><RltdPties><Dbtr><Nm>J Ekanem</Nm></Dbtr><DbtrAcct><Id><PrtryAcct><Id>30978522652968</Id></PrtryAcct></Id></DbtrAcct><Cdtr><Nm>C AKUBUEZE</Nm></Cdtr><CdtrAcct><Id><PrtryAcct><Id>23008200355888</Id></PrtryAcct></Id></CdtrAcct></RltdPties><RmtInf><Strd><AddtlRmtInf>NO REF</AddtlRmtInf></Strd><Strd><AddtlRmtInf>J Ekanem//</AddtlRmtInf></Strd></RmtInf><RltdDts><TxDtTm>2018-09-21T17:04:28</TxDtTm></RltdDts><AddtlTxInf>4000000003955674191020180921826309785</AddtlTxInf></TxDtls><AddtlNtryInf>COMPLETE//0000//003//CREDIT</AddtlNtryInf></Ntry><Ntry><Amt Ccy="GBP">210.00</Amt><CdtDbtInd>CRDT</CdtDbtInd><Sts>BOOK</Sts><BookgDt><Dt>2018-09-21</Dt></BookgDt><BkTxCd><Prtry><Cd>SIP UKBA CR 40269</Cd></Prtry></BkTxCd><TxDtls><Refs><EndToEndId>NOREF</EndToEndId><TxId>500000000390770126</TxId></Refs><RltdPties><Dbtr><Nm>LENNON WRIGHT ASSO</Nm></Dbtr><DbtrAcct><Id><PrtryAcct><Id>30990324784760</Id></PrtryAcct></Id></DbtrAcct><Cdtr><Nm>COSTER CONTENT LTD</Nm></Cdtr><CdtrAcct><Id><PrtryAcct><Id>23008200221244</Id></PrtryAcct></Id></CdtrAcct><Prtry><Tp>0245 LENNON WRIGHT</Tp><Pty/></Prtry></RltdPties><RmtInf><Strd><AddtlRmtInf>NO REF</AddtlRmtInf></Strd><Strd><AddtlRmtInf>LENNON WRIGHT ASSO//0245 LENNON WRIGHT</AddtlRmtInf></Strd></RmtInf><RltdDts><TxDtTm>2018-09-21T17:04:30</TxDtTm></RltdDts><AddtlTxInf>5000000003907701261020180921826309903</AddtlTxInf></TxDtls><AddtlNtryInf>COMPLETE//0000//003//CREDIT</AddtlNtryInf></Ntry><Ntry><Amt Ccy="GBP">0.50</Amt><CdtDbtInd>CRDT</CdtDbtInd><Sts>BOOK</Sts><BookgDt><Dt>2018-09-21</Dt></BookgDt><BkTxCd><Prtry><Cd>SIP UKBA CR 40269</Cd></Prtry></BkTxCd><TxDtls><Refs><EndToEndId>NOREF</EndToEndId><TxId>RP4679961930710900</TxId></Refs><RltdPties><Dbtr><Nm>CUTHBERT K</Nm></Dbtr><DbtrAcct><Id><PrtryAcct><Id>20709450516945</Id></PrtryAcct></Id></DbtrAcct><Cdtr><Nm>KELLY ARRO</Nm></Cdtr><CdtrAcct><Id><PrtryAcct><Id>23008200458890</Id></PrtryAcct></Id></CdtrAcct><Prtry><Tp>TRANS</Tp><Pty/></Prtry></RltdPties><RmtInf><Strd><AddtlRmtInf>NO REF</AddtlRmtInf></Strd><Strd><AddtlRmtInf>CUTHBERT K//TRANS</AddtlRmtInf></Strd></RmtInf><RltdDts><TxDtTm>2018-09-21T17:04:41</TxDtTm></RltdDts><AddtlTxInf>RP46799619307109001020180921826200026</AddtlTxInf></TxDtls><AddtlNtryInf>COMPLETE//0000//003//CREDIT</AddtlNtryInf></Ntry><Ntry><Amt Ccy="GBP">1536.00</Amt><CdtDbtInd>CRDT</CdtDbtInd><Sts>BOOK</Sts><BookgDt><Dt>2018-09-21</Dt></BookgDt><BkTxCd><Prtry><Cd>SIP UKBA CR 40269</Cd></Prtry></BkTxCd><TxDtls><Refs><EndToEndId>ROBERT HANLEY 7</EndToEndId><TxId>10171520586167000N</TxId><Prtry><Tp>STO REF</Tp><Ref>0000</Ref></Prtry></Refs><RltdPties><Dbtr><Nm>PIPING ENGINEERING</Nm></Dbtr><DbtrAcct><Id><PrtryAcct><Id>60073548606774</Id></PrtryAcct></Id></DbtrAcct><Cdtr><Nm>FREQUENCY CONSULT</Nm></Cdtr><CdtrAcct><Id><PrtryAcct><Id>23008200032016</Id></PrtryAcct></Id></CdtrAcct><Prtry><Tp>ROBERT HANLEY 7</Tp><Pty/></Prtry></RltdPties><RmtInf><Strd><AddtlRmtInf>PIPING ENGINEERINGROBERT HANLEY 7   VIA ONLINE - PYMT</AddtlRmtInf></Strd><Strd><AddtlRmtInf>PIPING ENGINEERING//ROBERT HANLEY 7</AddtlRmtInf></Strd></RmtInf><RltdDts><TxDtTm>2018-09-21T17:15:20</TxDtTm></RltdDts><AddtlTxInf>10171520586167000N1020180921826600735</AddtlTxInf></TxDtls><AddtlNtryInf>COMPLETE//0000//003//CREDIT</AddtlNtryInf></Ntry><Ntry><Amt Ccy="GBP">629.20</Amt><CdtDbtInd>CRDT</CdtDbtInd><Sts>BOOK</Sts><BookgDt><Dt>2018-09-21</Dt></BookgDt><BkTxCd><Prtry><Cd>DCA UKBA CR 40269</Cd></Prtry></BkTxCd><TxDtls><Refs><EndToEndId>NOREF</EndToEndId><TxId>000000013637359001</TxId><Prtry><Tp>STO REF</Tp><Ref>0000</Ref></Prtry></Refs><RltdPties><Dbtr><Nm>WE 230918</Nm></Dbtr><DbtrAcct><Id><PrtryAcct><Id>20956130581720</Id></PrtryAcct></Id></DbtrAcct><Cdtr><Nm>MR ALAN PATRICK DA</Nm></Cdtr><CdtrAcct><Id><PrtryAcct><Id>23008200062816</Id></PrtryAcct></Id></CdtrAcct><Prtry><Tp>082669</Tp><Pty/></Prtry></RltdPties><RmtInf><Strd><AddtlRmtInf>NO REF</AddtlRmtInf></Strd><Strd><AddtlRmtInf>WE 230918//082669</AddtlRmtInf></Strd></RmtInf><RltdDts><TxDtTm>2018-09-21T17:15:38</TxDtTm></RltdDts><AddtlTxInf>0000000136373590015020180921826209561</AddtlTxInf></TxDtls><AddtlNtryInf>COMPLETE//0000//003//CREDIT</AddtlNtryInf></Ntry><Ntry><Amt Ccy="GBP">1495.00</Amt><CdtDbtInd>CRDT</CdtDbtInd><Sts>BOOK</Sts><BookgDt><Dt>2018-09-21</Dt></BookgDt><BkTxCd><Prtry><Cd>SIP UKBA CR 40269</Cd></Prtry></BkTxCd><TxDtls><Refs><EndToEndId>NOREF</EndToEndId><TxId>RP4679961932324200</TxId></Refs><RltdPties><Dbtr><Nm>TENTEN EVENT LTD</Nm></Dbtr><DbtrAcct><Id><PrtryAcct><Id>20169903373487</Id></PrtryAcct></Id></DbtrAcct><Cdtr><Nm>ADRIAN BOTORADU</Nm></Cdtr><CdtrAcct><Id><PrtryAcct><Id>23008200106359</Id></PrtryAcct></Id></CdtrAcct><Prtry><Tp>TENTEN EVENTS</Tp><Pty/></Prtry></RltdPties><RmtInf><Strd><AddtlRmtInf>NO REF</AddtlRmtInf></Strd><Strd><AddtlRmtInf>TENTEN EVENT LTD//TENTEN EVENTS</AddtlRmtInf></Strd></RmtInf><RltdDts><TxDtTm>2018-09-21T17:20:29</TxDtTm></RltdDts><AddtlTxInf>RP46799619323242001020180921826200026</AddtlTxInf></TxDtls><AddtlNtryInf>COMPLETE//0000//003//CREDIT</AddtlNtryInf></Ntry><Ntry><Amt Ccy="GBP">90.00</Amt><CdtDbtInd>CRDT</CdtDbtInd><Sts>BOOK</Sts><BookgDt><Dt>2018-09-21</Dt></BookgDt><BkTxCd><Prtry><Cd>SIP UKBA CR 40269</Cd></Prtry></BkTxCd><TxDtls><Refs><EndToEndId>NOREF</EndToEndId><TxId>400000000395573739</TxId></Refs><RltdPties><Dbtr><Nm>C Taylor</Nm></Dbtr><DbtrAcct><Id><PrtryAcct><Id>11066710193560</Id></PrtryAcct></Id></DbtrAcct><Cdtr><Nm>KATIE DAVIES</Nm></Cdtr><CdtrAcct><Id><PrtryAcct><Id>23008200458919</Id></PrtryAcct></Id></CdtrAcct><Prtry><Tp>TICKET</Tp><Pty/></Prtry></RltdPties><RmtInf><Strd><AddtlRmtInf>NO REF</AddtlRmtInf></Strd><Strd><AddtlRmtInf>C Taylor//TICKET</AddtlRmtInf></Strd></RmtInf><RltdDts><TxDtTm>2018-09-21T17:23:40</TxDtTm></RltdDts><AddtlTxInf>4000000003955737391020180921826110667</AddtlTxInf></TxDtls><AddtlNtryInf>COMPLETE//0000//003//CREDIT</AddtlNtryInf></Ntry><Ntry><Amt Ccy="GBP">270.00</Amt><CdtDbtInd>CRDT</CdtDbtInd><Sts>BOOK</Sts><BookgDt><Dt>2018-09-21</Dt></BookgDt><BkTxCd><Prtry><Cd>SIP UKBA CR 40269</Cd></Prtry></BkTxCd><TxDtls><Refs><EndToEndId>NOREF</EndToEndId><TxId>RP4659985043470900</TxId></Refs><RltdPties><Dbtr><Nm>MERRICK O</Nm></Dbtr><DbtrAcct><Id><PrtryAcct><Id>20452870894788</Id></PrtryAcct></Id></DbtrAcct><Cdtr><Nm>OLIVER</Nm></Cdtr><CdtrAcct><Id><PrtryAcct><Id>23008200044053</Id></PrtryAcct></Id></CdtrAcct><Prtry><Tp>TEST</Tp><Pty/></Prtry></RltdPties><RmtInf><Strd><AddtlRmtInf>NO REF</AddtlRmtInf></Strd><Strd><AddtlRmtInf>MERRICK O//TEST</AddtlRmtInf></Strd></RmtInf><RltdDts><TxDtTm>2018-09-21T17:26:16</TxDtTm></RltdDts><AddtlTxInf>RP46599850434709001020180921826200026</AddtlTxInf></TxDtls><AddtlNtryInf>COMPLETE//0000//003//CREDIT</AddtlNtryInf></Ntry><Ntry><Amt Ccy="GBP">90.75</Amt><CdtDbtInd>CRDT</CdtDbtInd><Sts>BOOK</Sts><BookgDt><Dt>2018-09-21</Dt></BookgDt><BkTxCd><Prtry><Cd>SIP UKBA CR 40269</Cd></Prtry></BkTxCd><TxDtls><Refs><EndToEndId>PPWD00000000AP4SK4</EndToEndId><TxId>PPWD00000000AP4SK4</TxId></Refs><RltdPties><Dbtr><Nm>PayPal</Nm><PstlAdr><AdrLine>2211 N 1st Street San Jose CA 95131</AdrLine><Ctry/></PstlAdr></Dbtr><DbtrAcct><Id><PrtryAcct><Id>23526278959595</Id></PrtryAcct></Id></DbtrAcct><Cdtr><Nm>Lycy Roberts</Nm><PstlAdr><AdrLine>79 Dukes Meadow</AdrLine><Ctry/></PstlAdr></Cdtr><CdtrAcct><Id><PrtryAcct><Id>23008200458853</Id></PrtryAcct></Id></CdtrAcct><Prtry><Tp>PPWDL5YH22AL9MN4UU</Tp><Pty/></Prtry></RltdPties><RmtInf><Strd><RfrdDocInf><RfrdDocTp><Prtry>002</Prtry></RfrdDocTp></RfrdDocInf><AddtlRmtInf>NO REF</AddtlRmtInf></Strd><Strd><AddtlRmtInf>PayPal//PPWDL5YH22AL9MN4UU</AddtlRmtInf></Strd></RmtInf><RltdDts><TxDtTm>2018-09-21T17:26:46</TxDtTm></RltdDts><AddtlTxInf>PPWD00000000AP4SK41020180921826235262</AddtlTxInf></TxDtls><AddtlNtryInf>COMPLETE//0000//003//CREDIT</AddtlNtryInf></Ntry><Ntry><Amt Ccy="GBP">360.00</Amt><CdtDbtInd>CRDT</CdtDbtInd><Sts>BOOK</Sts><BookgDt><Dt>2018-09-21</Dt></BookgDt><BkTxCd><Prtry><Cd>SIP UKBA CR 40269</Cd></Prtry></BkTxCd><TxDtls><Refs><EndToEndId>NOREF</EndToEndId><TxId>17172802138309000N</TxId><Prtry><Tp>STO REF</Tp><Ref>0000</Ref></Prtry></Refs><RltdPties><Dbtr><Nm>A.B. DEMOLITION ENGINEER  UK  LTD</Nm><PstlAdr><AdrLine>APS COTTONS CENTRE SE1 2QG</AdrLine><Ctry/></PstlAdr></Dbtr><DbtrAcct><Id><PrtryAcct><Id>08719971430308</Id></PrtryAcct></Id></DbtrAcct><Cdtr><Nm>PB SERVICES</Nm></Cdtr><CdtrAcct><Id><PrtryAcct><Id>23008200041022</Id></PrtryAcct></Id></CdtrAcct><Prtry><Tp>ABDEMO</Tp><Pty/></Prtry></RltdPties><RmtInf><Strd><AddtlRmtInf>ABDEMO</AddtlRmtInf></Strd><Strd><AddtlRmtInf>A.B. DEMOLITION EN//ABDEMO</AddtlRmtInf></Strd></RmtInf><RltdDts><TxDtTm>2018-09-21T17:28:02</TxDtTm></RltdDts><AddtlTxInf>17172802138309000N1020180921826087199</AddtlTxInf></TxDtls><AddtlNtryInf>COMPLETE//0000//003//CREDIT</AddtlNtryInf></Ntry><Ntry><Amt Ccy="GBP">50.00</Amt><CdtDbtInd>CRDT</CdtDbtInd><Sts>BOOK</Sts><BookgDt><Dt>2018-09-21</Dt></BookgDt><BkTxCd><Prtry><Cd>SIP UKBA CR 40269</Cd></Prtry></BkTxCd><TxDtls><Refs><EndToEndId>K COTTERILL TRANSP</EndToEndId><TxId>57172852971833000R</TxId><Prtry><Tp>STO REF</Tp><Ref>0000</Ref></Prtry></Refs><RltdPties><Dbtr><Nm>K COTTERILL TRANSP</Nm></Dbtr><DbtrAcct><Id><PrtryAcct><Id>16181511090940</Id></PrtryAcct></Id></DbtrAcct><Cdtr><Nm>DANIEL GLOVER</Nm></Cdtr><CdtrAcct><Id><PrtryAcct><Id>23008200154536</Id></PrtryAcct></Id></CdtrAcct><Prtry><Tp>K COTTERILL TRANSP</Tp><Pty/></Prtry></RltdPties><RmtInf><Strd><AddtlRmtInf>K COTTERILL TRANSPK COTTERILL TRANSPVIA MOBILE - PYMT</AddtlRmtInf></Strd><Strd><AddtlRmtInf>K COTTERILL TRANSP//K COTTERILL TRANSP</AddtlRmtInf></Strd></RmtInf><RltdDts><TxDtTm>2018-09-21T17:28:53</TxDtTm></RltdDts><AddtlTxInf>57172852971833000R1020180921826161815</AddtlTxInf></TxDtls><AddtlNtryInf>COMPLETE//0000//003//CREDIT</AddtlNtryInf></Ntry><Ntry><Amt Ccy="GBP">20.00</Amt><CdtDbtInd>CRDT</CdtDbtInd><Sts>BOOK</Sts><BookgDt><Dt>2018-09-21</Dt></BookgDt><BkTxCd><Prtry><Cd>SIP UKBA CR 40269</Cd></Prtry></BkTxCd><TxDtls><Refs><EndToEndId>GIFT</EndToEndId><TxId>23172913171528000N</TxId><Prtry><Tp>STO REF</Tp><Ref>0000</Ref></Prtry></Refs><RltdPties><Dbtr><Nm>FIRTALA MC</Nm></Dbtr><DbtrAcct><Id><PrtryAcct><Id>60010441716426</Id></PrtryAcct></Id></DbtrAcct><Cdtr><Nm>MR MC FIRTALA</Nm></Cdtr><CdtrAcct><Id><PrtryAcct><Id>23008200054370</Id></PrtryAcct></Id></CdtrAcct><Prtry><Tp>GIFT</Tp><Pty/></Prtry></RltdPties><RmtInf><Strd><AddtlRmtInf>FIRTALA MC        GIFT              VIA ONLINE - PYMT</AddtlRmtInf></Strd><Strd><AddtlRmtInf>FIRTALA MC//GIFT</AddtlRmtInf></Strd></RmtInf><RltdDts><TxDtTm>2018-09-21T17:29:13</TxDtTm></RltdDts><AddtlTxInf>23172913171528000N1020180921826600104</AddtlTxInf></TxDtls><AddtlNtryInf>COMPLETE//0000//003//CREDIT</AddtlNtryInf></Ntry></Ntfctn></BkToCstmrDbtCdtNtfctnV01></Document>