<?xml version="1.0" encoding="UTF-8"?><Document xmlns:xsi="http://www.w3.org/2001/XMLSchema-instance" xmlns="urn:iso:std:iso:20022:tech:xsd:camt.054.001.01"><BkToCstmrDbtCdtNtfctnV01><GrpHdr><MsgId>80309K//12402</MsgId><CreDtTm>2018-09-04T09:30:00</CreDtTm></GrpHdr><Ntfctn><Id>80309K//12402//1</Id><CreDtTm>2018-09-04T09:30:00</CreDtTm><Acct><Id><PrtryAcct><Id>20594233939774</Id></PrtryAcct></Id><Ccy>GBP</Ccy></Acct><TxsSummry><TtlNtries><NbOfNtries>5</NbOfNtries><Sum>1621.83</Sum></TtlNtries><TtlCdtNtries><NbOfNtries>5</NbOfNtries><Sum>1621.83</Sum></TtlCdtNtries><TtlDbtNtries><NbOfNtries>0</NbOfNtries><Sum>0.00</Sum></TtlDbtNtries></TxsSummry><Ntry><Amt Ccy="GBP">5.38</Amt><CdtDbtInd>CRDT</CdtDbtInd><Sts>BOOK</Sts><BookgDt><Dt>2018-09-04</Dt></BookgDt><BkTxCd><Prtry><Cd>SIP UKBA CR 40269</Cd></Prtry></BkTxCd><TxDtls><Refs><EndToEndId>NOREF</EndToEndId><TxId>500000000385811470</TxId></Refs><RltdPties><Dbtr><Nm>S Elyossiry</Nm></Dbtr><DbtrAcct><Id><PrtryAcct><Id>11645910461461</Id></PrtryAcct></Id></DbtrAcct><Cdtr><Nm>NAOTO YAMAMOTO</Nm></Cdtr><CdtrAcct><Id><PrtryAcct><Id>23008200397564</Id></PrtryAcct></Id></CdtrAcct><Prtry><Tp>ARROMONEY CARD</Tp><Pty/></Prtry></RltdPties><RmtInf><Strd><AddtlRmtInf>NO REF</AddtlRmtInf></Strd><Strd><AddtlRmtInf>S Elyossiry//ARROMONEY CARD</AddtlRmtInf></Strd></RmtInf><RltdDts><TxDtTm>2018-09-04T09:00:12</TxDtTm></RltdDts><AddtlTxInf>5000000003858114701020180904826116459</AddtlTxInf></TxDtls><AddtlNtryInf>COMPLETE//0000//001//CREDIT</AddtlNtryInf></Ntry><Ntry><Amt Ccy="GBP">100.00</Amt><CdtDbtInd>CRDT</CdtDbtInd><Sts>BOOK</Sts><BookgDt><Dt>2018-09-04</Dt></BookgDt><BkTxCd><Prtry><Cd>SIP UKBA CR 40269</Cd></Prtry></BkTxCd><TxDtls><Refs><EndToEndId>PPWD00000000AKMUFI</EndToEndId><TxId>PPWD00000000AKMUFI</TxId></Refs><RltdPties><Dbtr><Nm>PayPal</Nm><PstlAdr><AdrLine>2211 N 1st Street San Jose CA 95131</AdrLine><Ctry/></PstlAdr></Dbtr><DbtrAcct><Id><PrtryAcct><Id>23526278959595</Id></PrtryAcct></Id></DbtrAcct><Cdtr><Nm>Andrew Grogan</Nm><PstlAdr><AdrLine>1 Verax Street</AdrLine><Ctry/></PstlAdr></Cdtr><CdtrAcct><Id><PrtryAcct><Id>23008200399562</Id></PrtryAcct></Id></CdtrAcct><Prtry><Tp>PPWDL58DJ2AKRNH8SA</Tp><Pty/></Prtry></RltdPties><RmtInf><Strd><RfrdDocInf><RfrdDocTp><Prtry>002</Prtry></RfrdDocTp></RfrdDocInf><AddtlRmtInf>NO REF</AddtlRmtInf></Strd><Strd><AddtlRmtInf>PayPal//PPWDL58DJ2AKRNH8SA</AddtlRmtInf></Strd></RmtInf><RltdDts><TxDtTm>2018-09-04T09:04:39</TxDtTm></RltdDts><AddtlTxInf>PPWD00000000AKMUFI1020180904826235262</AddtlTxInf></TxDtls><AddtlNtryInf>COMPLETE//0000//001//CREDIT</AddtlNtryInf></Ntry><Ntry><Amt Ccy="GBP">1501.45</Amt><CdtDbtInd>CRDT</CdtDbtInd><Sts>BOOK</Sts><BookgDt><Dt>2018-09-04</Dt></BookgDt><BkTxCd><Prtry><Cd>SIP UKBA CR 40269</Cd></Prtry></BkTxCd><TxDtls><Refs><EndToEndId>NOREF</EndToEndId><TxId>300000000389463879</TxId></Refs><RltdPties><Dbtr><Nm>Gamma Cleaning Ser</Nm></Dbtr><DbtrAcct><Id><PrtryAcct><Id>77300717626060</Id></PrtryAcct></Id></DbtrAcct><Cdtr><Nm>VESI&apos;S HUSBAND</Nm></Cdtr><CdtrAcct><Id><PrtryAcct><Id>23008200293143</Id></PrtryAcct></Id></CdtrAcct><Prtry><Tp>WAGES</Tp><Pty/></Prtry></RltdPties><RmtInf><Strd><AddtlRmtInf>NO REF</AddtlRmtInf></Strd><Strd><AddtlRmtInf>Gamma Cleaning Ser//WAGES</AddtlRmtInf></Strd></RmtInf><RltdDts><TxDtTm>2018-09-04T09:18:21</TxDtTm></RltdDts><AddtlTxInf>3000000003894638791020180904826773007</AddtlTxInf></TxDtls><AddtlNtryInf>COMPLETE//0000//001//CREDIT</AddtlNtryInf></Ntry><Ntry><Amt Ccy="GBP">10.00</Amt><CdtDbtInd>CRDT</CdtDbtInd><Sts>BOOK</Sts><BookgDt><Dt>2018-09-04</Dt></BookgDt><BkTxCd><Prtry><Cd>SIP UKBA CR 40269</Cd></Prtry></BkTxCd><TxDtls><Refs><EndToEndId>NOREF</EndToEndId><TxId>RP4679960548142700</TxId></Refs><RltdPties><Dbtr><Nm>D + J STEPHENSON</Nm></Dbtr><DbtrAcct><Id><PrtryAcct><Id>20202030087025</Id></PrtryAcct></Id></DbtrAcct><Cdtr><Nm>LIAM</Nm></Cdtr><CdtrAcct><Id><PrtryAcct><Id>23008200337969</Id></PrtryAcct></Id></CdtrAcct><Prtry><Tp>LIAM PETROL</Tp><Pty/></Prtry></RltdPties><RmtInf><Strd><AddtlRmtInf>NO REF</AddtlRmtInf></Strd><Strd><AddtlRmtInf>D + J STEPHENSON//LIAM PETROL</AddtlRmtInf></Strd></RmtInf><RltdDts><TxDtTm>2018-09-04T09:20:03</TxDtTm></RltdDts><AddtlTxInf>RP46799605481427001020180904826200026</AddtlTxInf></TxDtls><AddtlNtryInf>COMPLETE//0000//001//CREDIT</AddtlNtryInf></Ntry><Ntry><Amt Ccy="GBP">5.00</Amt><CdtDbtInd>CRDT</CdtDbtInd><Sts>BOOK</Sts><BookgDt><Dt>2018-09-04</Dt></BookgDt><BkTxCd><Prtry><Cd>SIP UKBA CR 40269</Cd></Prtry></BkTxCd><TxDtls><Refs><EndToEndId>NOREF</EndToEndId><TxId>RP4659983795848100</TxId></Refs><RltdPties><Dbtr><Nm>MCKNIGHT S</Nm></Dbtr><DbtrAcct><Id><PrtryAcct><Id>20744533087069</Id></PrtryAcct></Id></DbtrAcct><Cdtr><Nm>MR NICHOLAS REES</Nm></Cdtr><CdtrAcct><Id><PrtryAcct><Id>23008200233069</Id></PrtryAcct></Id></CdtrAcct><Prtry><Tp>BUS</Tp><Pty/></Prtry></RltdPties><RmtInf><Strd><AddtlRmtInf>NO REF</AddtlRmtInf></Strd><Strd><AddtlRmtInf>MCKNIGHT S//BUS</AddtlRmtInf></Strd></RmtInf><RltdDts><TxDtTm>2018-09-04T09:26:45</TxDtTm></RltdDts><AddtlTxInf>RP46599837958481001020180904826200026</AddtlTxInf></TxDtls><AddtlNtryInf>COMPLETE//0000//001//CREDIT</AddtlNtryInf></Ntry></Ntfctn></BkToCstmrDbtCdtNtfctnV01></Document>