<?xml version="1.0" encoding="UTF-8"?><Document xmlns:xsi="http://www.w3.org/2001/XMLSchema-instance" xmlns="urn:iso:std:iso:20022:tech:xsd:camt.054.001.01"><BkToCstmrDbtCdtNtfctnV01><GrpHdr><MsgId>80309K//12308</MsgId><CreDtTm>2018-09-02T07:30:00</CreDtTm></GrpHdr><Ntfctn><Id>80309K//12308//1</Id><CreDtTm>2018-09-02T07:30:00</CreDtTm><Acct><Id><PrtryAcct><Id>20594233939774</Id></PrtryAcct></Id><Ccy>GBP</Ccy></Acct><TxsSummry><TtlNtries><NbOfNtries>1</NbOfNtries><Sum>5.00</Sum></TtlNtries><TtlCdtNtries><NbOfNtries>1</NbOfNtries><Sum>5.00</Sum></TtlCdtNtries><TtlDbtNtries><NbOfNtries>0</NbOfNtries><Sum>0.00</Sum></TtlDbtNtries></TxsSummry><Ntry><Amt Ccy="GBP">5.00</Amt><CdtDbtInd>CRDT</CdtDbtInd><Sts>BOOK</Sts><BookgDt><Dt>2018-09-03</Dt></BookgDt><BkTxCd><Prtry><Cd>DCA UKBA CR 40269</Cd></Prtry></BkTxCd><TxDtls><Refs><EndToEndId>NOREF</EndToEndId><TxId>000000013445589801</TxId><Prtry><Tp>STO REF</Tp><Ref>3877</Ref></Prtry></Refs><RltdPties><Dbtr><Nm>FUAD TAWFIQ</Nm></Dbtr><DbtrAcct><Id><PrtryAcct><Id>20035373152596</Id></PrtryAcct></Id></DbtrAcct><Cdtr><Nm>FUAD TAWFIQ1</Nm></Cdtr><CdtrAcct><Id><PrtryAcct><Id>23008200122114</Id></PrtryAcct></Id></CdtrAcct><Prtry><Tp>TAWFIQ007</Tp><Pty/></Prtry></RltdPties><RmtInf><Strd><AddtlRmtInf>NO REF</AddtlRmtInf></Strd><Strd><AddtlRmtInf>FUAD TAWFIQ//TAWFIQ007</AddtlRmtInf></Strd></RmtInf><RltdDts><TxDtTm>2018-09-02T07:21:50</TxDtTm></RltdDts><AddtlTxInf>0000000134455898015020180902826200353</AddtlTxInf></TxDtls><AddtlNtryInf>COMPLETE//0000//003//CREDIT</AddtlNtryInf></Ntry></Ntfctn></BkToCstmrDbtCdtNtfctnV01></Document>