<?xml version="1.0" encoding="UTF-8"?><Document xmlns:xsi="http://www.w3.org/2001/XMLSchema-instance" xmlns="urn:iso:std:iso:20022:tech:xsd:camt.054.001.01"><BkToCstmrDbtCdtNtfctnV01><GrpHdr><MsgId>80309K//13035</MsgId><CreDtTm>2018-09-19T02:00:00</CreDtTm></GrpHdr><Ntfctn><Id>80309K//13035//1</Id><CreDtTm>2018-09-19T02:00:00</CreDtTm><Acct><Id><PrtryAcct><Id>20594233939774</Id></PrtryAcct></Id><Ccy>GBP</Ccy></Acct><TxsSummry><TtlNtries><NbOfNtries>3</NbOfNtries><Sum>8.00</Sum></TtlNtries><TtlCdtNtries><NbOfNtries>3</NbOfNtries><Sum>8.00</Sum></TtlCdtNtries><TtlDbtNtries><NbOfNtries>0</NbOfNtries><Sum>0.00</Sum></TtlDbtNtries></TxsSummry><Ntry><Amt Ccy="GBP">5.00</Amt><CdtDbtInd>CRDT</CdtDbtInd><Sts>BOOK</Sts><BookgDt><Dt>2018-09-19</Dt></BookgDt><BkTxCd><Prtry><Cd>SIP UKBA CR 40269</Cd></Prtry></BkTxCd><TxDtls><Refs><EndToEndId>NOREF</EndToEndId><TxId>600000000389611308</TxId></Refs><RltdPties><Dbtr><Nm>C Sambrook</Nm></Dbtr><DbtrAcct><Id><PrtryAcct><Id>30162022720968</Id></PrtryAcct></Id></DbtrAcct><Cdtr><Nm>PAYMENT</Nm></Cdtr><CdtrAcct><Id><PrtryAcct><Id>23008200080333</Id></PrtryAcct></Id></CdtrAcct><Prtry><Tp>PAYMENT</Tp><Pty/></Prtry></RltdPties><RmtInf><Strd><AddtlRmtInf>NO REF</AddtlRmtInf></Strd><Strd><AddtlRmtInf>C Sambrook//PAYMENT</AddtlRmtInf></Strd></RmtInf><RltdDts><TxDtTm>2018-09-19T01:30:06</TxDtTm></RltdDts><AddtlTxInf>6000000003896113081020180919826301620</AddtlTxInf></TxDtls><AddtlNtryInf>COMPLETE//0000//003//CREDIT</AddtlNtryInf></Ntry><Ntry><Amt Ccy="GBP">1.00</Amt><CdtDbtInd>CRDT</CdtDbtInd><Sts>BOOK</Sts><BookgDt><Dt>2018-09-19</Dt></BookgDt><BkTxCd><Prtry><Cd>FDP UKBA CR 40269</Cd></Prtry></BkTxCd><TxDtls><Refs><EndToEndId>310Z52WE</EndToEndId><TxId>PH1000001372814900</TxId></Refs><RltdPties><Dbtr><Nm>CB Payments Ltd</Nm><PstlAdr><AdrLine>126 HUNDRED ACRE ROAD BIRMINGHAM B7</AdrLine><AdrLine>43DE GB</AdrLine><Ctry/></PstlAdr></Dbtr><DbtrAcct><Id><PrtryAcct><Id>20060563056902</Id></PrtryAcct></Id></DbtrAcct><Cdtr><Nm>23008200427602</Nm></Cdtr><CdtrAcct><Id><PrtryAcct><Id>20594233939774</Id></PrtryAcct></Id></CdtrAcct><Prtry><Tp>CBAGBPJXELCRSV</Tp><Pty/></Prtry></RltdPties><RmtInf><Strd><AddtlRmtInf>NO REF</AddtlRmtInf></Strd><Strd><AddtlRmtInf>CB Payments Ltd//CBAGBPJXELCRSV</AddtlRmtInf></Strd></RmtInf><RltdDts><TxDtTm>2018-09-19T01:31:42</TxDtTm></RltdDts><AddtlTxInf>PH10000013728149004020180919826203253</AddtlTxInf></TxDtls><AddtlNtryInf>COMPLETE//0000//003//CREDIT</AddtlNtryInf></Ntry><Ntry><Amt Ccy="GBP">2.00</Amt><CdtDbtInd>CRDT</CdtDbtInd><Sts>BOOK</Sts><BookgDt><Dt>2018-09-19</Dt></BookgDt><BkTxCd><Prtry><Cd>FDP UKBA CR 40269</Cd></Prtry></BkTxCd><TxDtls><Refs><EndToEndId>2271I3WE</EndToEndId><TxId>PH1000001372815000</TxId></Refs><RltdPties><Dbtr><Nm>CB Payments Ltd</Nm><PstlAdr><AdrLine>126 HUNDRED ACRE ROAD BIRMINGHAM B7</AdrLine><AdrLine>43DE GB</AdrLine><Ctry/></PstlAdr></Dbtr><DbtrAcct><Id><PrtryAcct><Id>20060563056902</Id></PrtryAcct></Id></DbtrAcct><Cdtr><Nm>23008200225168</Nm></Cdtr><CdtrAcct><Id><PrtryAcct><Id>20594233939774</Id></PrtryAcct></Id></CdtrAcct><Prtry><Tp>CBAGBPJXELCRSV</Tp><Pty/></Prtry></RltdPties><RmtInf><Strd><AddtlRmtInf>NO REF</AddtlRmtInf></Strd><Strd><AddtlRmtInf>CB Payments Ltd//CBAGBPJXELCRSV</AddtlRmtInf></Strd></RmtInf><RltdDts><TxDtTm>2018-09-19T01:31:42</TxDtTm></RltdDts><AddtlTxInf>PH10000013728150004020180919826203253</AddtlTxInf></TxDtls><AddtlNtryInf>COMPLETE//0000//003//CREDIT</AddtlNtryInf></Ntry></Ntfctn></BkToCstmrDbtCdtNtfctnV01></Document>