<?xml version="1.0" encoding="UTF-8"?><Document xmlns:xsi="http://www.w3.org/2001/XMLSchema-instance" xmlns="urn:iso:std:iso:20022:tech:xsd:camt.054.001.01"><BkToCstmrDbtCdtNtfctnV01><GrpHdr><MsgId>80309K//13245</MsgId><CreDtTm>2018-09-23T23:30:00</CreDtTm></GrpHdr><Ntfctn><Id>80309K//13245//1</Id><CreDtTm>2018-09-23T23:30:00</CreDtTm><Acct><Id><PrtryAcct><Id>20594233939774</Id></PrtryAcct></Id><Ccy>GBP</Ccy></Acct><TxsSummry><TtlNtries><NbOfNtries>5</NbOfNtries><Sum>1813.80</Sum></TtlNtries><TtlCdtNtries><NbOfNtries>3</NbOfNtries><Sum>88.00</Sum></TtlCdtNtries><TtlDbtNtries><NbOfNtries>2</NbOfNtries><Sum>1725.80</Sum></TtlDbtNtries></TxsSummry><Ntry><Amt Ccy="GBP">1325.80</Amt><CdtDbtInd>DBIT</CdtDbtInd><Sts>BOOK</Sts><BookgDt><Dt>2018-09-24</Dt></BookgDt><BkTxCd><Prtry><Cd>AUT UKBA DR 30278</Cd></Prtry></BkTxCd><TxDtls><Refs><TxId>000000000337651300</TxId></Refs><RltdPties><DbtrAcct><Id><PrtryAcct><Id>20594233939774</Id></PrtryAcct></Id></DbtrAcct></RltdPties><RmtInf><Strd><AddtlRmtInf>NO REF</AddtlRmtInf></Strd><Strd><AddtlRmtInf>20180923A44639//7S      F2B9P6K507</AddtlRmtInf></Strd></RmtInf><RltdDts><TxDtTm>2018-09-23T23:01:44</TxDtTm></RltdDts><AddtlTxInf>0000000003376513000020180923826205942</AddtlTxInf></TxDtls><AddtlNtryInf>AUTHSENT//0000//003//DEBIT</AddtlNtryInf></Ntry><Ntry><Amt Ccy="GBP">400.00</Amt><CdtDbtInd>DBIT</CdtDbtInd><Sts>BOOK</Sts><BookgDt><Dt>2018-09-24</Dt></BookgDt><BkTxCd><Prtry><Cd>AUT UKBA DR 30278</Cd></Prtry></BkTxCd><TxDtls><Refs><TxId>000000000337651400</TxId></Refs><RltdPties><DbtrAcct><Id><PrtryAcct><Id>20594233939774</Id></PrtryAcct></Id></DbtrAcct></RltdPties><RmtInf><Strd><AddtlRmtInf>NO REF</AddtlRmtInf></Strd><Strd><AddtlRmtInf>20180923A44639//7S      F2B7UOI505</AddtlRmtInf></Strd></RmtInf><RltdDts><TxDtTm>2018-09-23T23:01:59</TxDtTm></RltdDts><AddtlTxInf>0000000003376514000020180923826205942</AddtlTxInf></TxDtls><AddtlNtryInf>AUTHSENT//0000//003//DEBIT</AddtlNtryInf></Ntry><Ntry><Amt Ccy="GBP">31.00</Amt><CdtDbtInd>CRDT</CdtDbtInd><Sts>BOOK</Sts><BookgDt><Dt>2018-09-24</Dt></BookgDt><BkTxCd><Prtry><Cd>SIP UKBA CR 40269</Cd></Prtry></BkTxCd><TxDtls><Refs><EndToEndId>00151137632BBFFPHX</EndToEndId><TxId>00151137632BBFFPHX</TxId></Refs><RltdPties><Dbtr><Nm>AYSE AYDINLI</Nm></Dbtr><DbtrAcct><Id><PrtryAcct><Id>09012872107352</Id></PrtryAcct></Id></DbtrAcct><Cdtr><Nm>MRS A L AYDINLI</Nm></Cdtr><CdtrAcct><Id><PrtryAcct><Id>23008200025169</Id></PrtryAcct></Id></CdtrAcct><Prtry><Tp>ARRA</Tp><Pty/></Prtry></RltdPties><RmtInf><Strd><AddtlRmtInf>NO REF</AddtlRmtInf></Strd><Strd><AddtlRmtInf>AYSE AYDINLI//ARRA</AddtlRmtInf></Strd></RmtInf><RltdDts><TxDtTm>2018-09-23T23:04:44</TxDtTm></RltdDts><AddtlTxInf>00151137632BBFFPHX1020180923826090128</AddtlTxInf></TxDtls><AddtlNtryInf>COMPLETE//0000//003//CREDIT</AddtlNtryInf></Ntry><Ntry><Amt Ccy="GBP">7.00</Amt><CdtDbtInd>CRDT</CdtDbtInd><Sts>BOOK</Sts><BookgDt><Dt>2018-09-24</Dt></BookgDt><BkTxCd><Prtry><Cd>SIP UKBA CR 40269</Cd></Prtry></BkTxCd><TxDtls><Refs><EndToEndId>00151037632BBHLZWK</EndToEndId><TxId>00151037632BBHLZWK</TxId></Refs><RltdPties><Dbtr><Nm>KYLE THOMAS</Nm></Dbtr><DbtrAcct><Id><PrtryAcct><Id>09012827849788</Id></PrtryAcct></Id></DbtrAcct><Cdtr><Nm>CLAIRE</Nm></Cdtr><CdtrAcct><Id><PrtryAcct><Id>23008200248775</Id></PrtryAcct></Id></CdtrAcct><Prtry><Tp>Claire</Tp><Pty/></Prtry></RltdPties><RmtInf><Strd><AddtlRmtInf>NO REF</AddtlRmtInf></Strd><Strd><AddtlRmtInf>KYLE THOMAS//Claire</AddtlRmtInf></Strd></RmtInf><RltdDts><TxDtTm>2018-09-23T23:22:35</TxDtTm></RltdDts><AddtlTxInf>00151037632BBHLZWK1020180923826090128</AddtlTxInf></TxDtls><AddtlNtryInf>COMPLETE//0000//003//CREDIT</AddtlNtryInf></Ntry><Ntry><Amt Ccy="GBP">50.00</Amt><CdtDbtInd>CRDT</CdtDbtInd><Sts>BOOK</Sts><BookgDt><Dt>2018-09-24</Dt></BookgDt><BkTxCd><Prtry><Cd>SIP UKBA CR 40269</Cd></Prtry></BkTxCd><TxDtls><Refs><EndToEndId>LOI SYN</EndToEndId><TxId>15232912345295000N</TxId><Prtry><Tp>STO REF</Tp><Ref>0000</Ref></Prtry></Refs><RltdPties><Dbtr><Nm>EVANS M C</Nm></Dbtr><DbtrAcct><Id><PrtryAcct><Id>60110613417150</Id></PrtryAcct></Id></DbtrAcct><Cdtr><Nm>IOP</Nm></Cdtr><CdtrAcct><Id><PrtryAcct><Id>23008200433862</Id></PrtryAcct></Id></CdtrAcct><Prtry><Tp>LOI SYN</Tp><Pty/></Prtry></RltdPties><RmtInf><Strd><AddtlRmtInf>EVANS M C         LOI SYN           VIA MOBILE - LVP</AddtlRmtInf></Strd><Strd><AddtlRmtInf>EVANS M C//LOI SYN</AddtlRmtInf></Strd></RmtInf><RltdDts><TxDtTm>2018-09-23T23:29:12</TxDtTm></RltdDts><AddtlTxInf>15232912345295000N1020180923826601106</AddtlTxInf></TxDtls><AddtlNtryInf>COMPLETE//0000//003//CREDIT</AddtlNtryInf></Ntry></Ntfctn></BkToCstmrDbtCdtNtfctnV01></Document>