<?xml version="1.0" encoding="UTF-8"?><Document xmlns:xsi="http://www.w3.org/2001/XMLSchema-instance" xmlns="urn:iso:std:iso:20022:tech:xsd:camt.054.001.01"><BkToCstmrDbtCdtNtfctnV01><GrpHdr><MsgId>80309K//13187</MsgId><CreDtTm>2018-09-22T14:00:00</CreDtTm></GrpHdr><Ntfctn><Id>80309K//13187//1</Id><CreDtTm>2018-09-22T14:00:00</CreDtTm><Acct><Id><PrtryAcct><Id>20594233939774</Id></PrtryAcct></Id><Ccy>GBP</Ccy></Acct><TxsSummry><TtlNtries><NbOfNtries>7</NbOfNtries><Sum>1638.22</Sum></TtlNtries><TtlCdtNtries><NbOfNtries>7</NbOfNtries><Sum>1638.22</Sum></TtlCdtNtries><TtlDbtNtries><NbOfNtries>0</NbOfNtries><Sum>0.00</Sum></TtlDbtNtries></TxsSummry><Ntry><Amt Ccy="GBP">250.00</Amt><CdtDbtInd>CRDT</CdtDbtInd><Sts>BOOK</Sts><BookgDt><Dt>2018-09-24</Dt></BookgDt><BkTxCd><Prtry><Cd>SIP UKBA CR 40269</Cd></Prtry></BkTxCd><TxDtls><Refs><EndToEndId>M S SERVICES</EndToEndId><TxId>58133118886250000N</TxId><Prtry><Tp>STO REF</Tp><Ref>0000</Ref></Prtry></Refs><RltdPties><Dbtr><Nm>MUNIR FA</Nm></Dbtr><DbtrAcct><Id><PrtryAcct><Id>60125136411647</Id></PrtryAcct></Id></DbtrAcct><Cdtr><Nm>M S SERVICES</Nm></Cdtr><CdtrAcct><Id><PrtryAcct><Id>23008200043242</Id></PrtryAcct></Id></CdtrAcct><Prtry><Tp>M S SERVICES</Tp><Pty/></Prtry></RltdPties><RmtInf><Strd><AddtlRmtInf>MUNIR FA          M S SERVICES      VIA MOBILE - LVP</AddtlRmtInf></Strd><Strd><AddtlRmtInf>MUNIR FA//M S SERVICES</AddtlRmtInf></Strd></RmtInf><RltdDts><TxDtTm>2018-09-22T13:31:19</TxDtTm></RltdDts><AddtlTxInf>58133118886250000N1020180922826601251</AddtlTxInf></TxDtls><AddtlNtryInf>COMPLETE//0000//003//CREDIT</AddtlNtryInf></Ntry><Ntry><Amt Ccy="GBP">944.00</Amt><CdtDbtInd>CRDT</CdtDbtInd><Sts>BOOK</Sts><BookgDt><Dt>2018-09-24</Dt></BookgDt><BkTxCd><Prtry><Cd>SIP UKBA CR 40269</Cd></Prtry></BkTxCd><TxDtls><Refs><EndToEndId>NOREF</EndToEndId><TxId>RP4679961991369500</TxId></Refs><RltdPties><Dbtr><Nm>OSUNTA AC</Nm></Dbtr><DbtrAcct><Id><PrtryAcct><Id>20665520179876</Id></PrtryAcct></Id></DbtrAcct><Cdtr><Nm>FLY AFRICA TRAVELS</Nm></Cdtr><CdtrAcct><Id><PrtryAcct><Id>23008200344419</Id></PrtryAcct></Id></CdtrAcct><Prtry><Tp>FA-1022</Tp><Pty/></Prtry></RltdPties><RmtInf><Strd><AddtlRmtInf>NO REF</AddtlRmtInf></Strd><Strd><AddtlRmtInf>OSUNTA AC//FA-1022</AddtlRmtInf></Strd></RmtInf><RltdDts><TxDtTm>2018-09-22T13:33:21</TxDtTm></RltdDts><AddtlTxInf>RP46799619913695001020180922826200026</AddtlTxInf></TxDtls><AddtlNtryInf>COMPLETE//0000//003//CREDIT</AddtlNtryInf></Ntry><Ntry><Amt Ccy="GBP">0.16</Amt><CdtDbtInd>CRDT</CdtDbtInd><Sts>BOOK</Sts><BookgDt><Dt>2018-09-24</Dt></BookgDt><BkTxCd><Prtry><Cd>SIP UKBA CR 40269</Cd></Prtry></BkTxCd><TxDtls><Refs><EndToEndId>00156230632BBCRPWK</EndToEndId><TxId>00156230632BBCRPWK</TxId></Refs><RltdPties><Dbtr><Nm>KIRSTY BURTON</Nm></Dbtr><DbtrAcct><Id><PrtryAcct><Id>09012917974741</Id></PrtryAcct></Id></DbtrAcct><Cdtr><Nm>Kirsty</Nm></Cdtr><CdtrAcct><Id><PrtryAcct><Id>23008200456236</Id></PrtryAcct></Id></CdtrAcct><Prtry><Tp>hi</Tp><Pty/></Prtry></RltdPties><RmtInf><Strd><AddtlRmtInf>NO REF</AddtlRmtInf></Strd><Strd><AddtlRmtInf>KIRSTY BURTON//hi</AddtlRmtInf></Strd></RmtInf><RltdDts><TxDtTm>2018-09-22T13:45:37</TxDtTm></RltdDts><AddtlTxInf>00156230632BBCRPWK1020180922826090129</AddtlTxInf></TxDtls><AddtlNtryInf>COMPLETE//0000//003//CREDIT</AddtlNtryInf></Ntry><Ntry><Amt Ccy="GBP">34.56</Amt><CdtDbtInd>CRDT</CdtDbtInd><Sts>BOOK</Sts><BookgDt><Dt>2018-09-24</Dt></BookgDt><BkTxCd><Prtry><Cd>SIP UKBA CR 40269</Cd></Prtry></BkTxCd><TxDtls><Refs><EndToEndId>PPWD00000000APB256</EndToEndId><TxId>PPWD00000000APB256</TxId></Refs><RltdPties><Dbtr><Nm>PayPal</Nm><PstlAdr><AdrLine>2211 N 1st Street San Jose CA 95131</AdrLine><Ctry/></PstlAdr></Dbtr><DbtrAcct><Id><PrtryAcct><Id>23526278959595</Id></PrtryAcct></Id></DbtrAcct><Cdtr><Nm>shaun rowley</Nm><PstlAdr><AdrLine>18 Chaucer Road</AdrLine><Ctry/></PstlAdr></Cdtr><CdtrAcct><Id><PrtryAcct><Id>23008200195443</Id></PrtryAcct></Id></CdtrAcct><Prtry><Tp>PPWDL5RP22ALAA9RL4</Tp><Pty/></Prtry></RltdPties><RmtInf><Strd><RfrdDocInf><RfrdDocTp><Prtry>002</Prtry></RfrdDocTp></RfrdDocInf><AddtlRmtInf>NO REF</AddtlRmtInf></Strd><Strd><AddtlRmtInf>PayPal//PPWDL5RP22ALAA9RL4</AddtlRmtInf></Strd></RmtInf><RltdDts><TxDtTm>2018-09-22T13:46:23</TxDtTm></RltdDts><AddtlTxInf>PPWD00000000APB2561020180922826235262</AddtlTxInf></TxDtls><AddtlNtryInf>COMPLETE//0000//003//CREDIT</AddtlNtryInf></Ntry><Ntry><Amt Ccy="GBP">10.00</Amt><CdtDbtInd>CRDT</CdtDbtInd><Sts>BOOK</Sts><BookgDt><Dt>2018-09-24</Dt></BookgDt><BkTxCd><Prtry><Cd>SIP UKBA CR 40269</Cd></Prtry></BkTxCd><TxDtls><Refs><EndToEndId>NOREF</EndToEndId><TxId>18134845199717000R</TxId><Prtry><Tp>STO REF</Tp><Ref>0000</Ref></Prtry></Refs><RltdPties><Dbtr><Nm>ABAYOMI OPEYEMI ODUMADE</Nm><PstlAdr><AdrLine>FLAT 40 SANDGATE HOUSE;</AdrLine><AdrLine>PEMBURY ROAD;</AdrLine><AdrLine>LONDON         UNITED KIN</AdrLine><Ctry/></PstlAdr></Dbtr><DbtrAcct><Id><PrtryAcct><Id>16201516761631</Id></PrtryAcct></Id></DbtrAcct><Cdtr><Nm>ABAYOMI ODUMADE</Nm></Cdtr><CdtrAcct><Id><PrtryAcct><Id>23008200147586</Id></PrtryAcct></Id></CdtrAcct><Prtry><Tp>YOMI</Tp><Pty/></Prtry></RltdPties><RmtInf><Strd><AddtlRmtInf>YOMI</AddtlRmtInf></Strd><Strd><AddtlRmtInf>ABAYOMI OPEYEMI OD//YOMI</AddtlRmtInf></Strd></RmtInf><RltdDts><TxDtTm>2018-09-22T13:48:45</TxDtTm></RltdDts><AddtlTxInf>18134845199717000R1020180922826162015</AddtlTxInf></TxDtls><AddtlNtryInf>COMPLETE//0000//003//CREDIT</AddtlNtryInf></Ntry><Ntry><Amt Ccy="GBP">59.50</Amt><CdtDbtInd>CRDT</CdtDbtInd><Sts>BOOK</Sts><BookgDt><Dt>2018-09-24</Dt></BookgDt><BkTxCd><Prtry><Cd>SIP UKBA CR 40269</Cd></Prtry></BkTxCd><TxDtls><Refs><EndToEndId>NOREF</EndToEndId><TxId>RP4679961993086900</TxId></Refs><RltdPties><Dbtr><Nm>VIANN XA</Nm></Dbtr><DbtrAcct><Id><PrtryAcct><Id>20691730066141</Id></PrtryAcct></Id></DbtrAcct><Cdtr><Nm>KATLENE MANHAS</Nm></Cdtr><CdtrAcct><Id><PrtryAcct><Id>23008200114636</Id></PrtryAcct></Id></CdtrAcct><Prtry><Tp>XENIA</Tp><Pty/></Prtry></RltdPties><RmtInf><Strd><AddtlRmtInf>NO REF</AddtlRmtInf></Strd><Strd><AddtlRmtInf>VIANN XA//XENIA</AddtlRmtInf></Strd></RmtInf><RltdDts><TxDtTm>2018-09-22T13:54:50</TxDtTm></RltdDts><AddtlTxInf>RP46799619930869001020180922826200026</AddtlTxInf></TxDtls><AddtlNtryInf>COMPLETE//0000//003//CREDIT</AddtlNtryInf></Ntry><Ntry><Amt Ccy="GBP">340.00</Amt><CdtDbtInd>CRDT</CdtDbtInd><Sts>BOOK</Sts><BookgDt><Dt>2018-09-24</Dt></BookgDt><BkTxCd><Prtry><Cd>SIP UKBA CR 40269</Cd></Prtry></BkTxCd><TxDtls><Refs><EndToEndId>NOREF</EndToEndId><TxId>RP4679961993447200</TxId></Refs><RltdPties><Dbtr><Nm>EWEKA K</Nm></Dbtr><DbtrAcct><Id><PrtryAcct><Id>20466020541222</Id></PrtryAcct></Id></DbtrAcct><Cdtr><Nm>CLASSIC BUISNESS</Nm></Cdtr><CdtrAcct><Id><PrtryAcct><Id>23008200042452</Id></PrtryAcct></Id></CdtrAcct><Prtry><Tp>BIRTHDAY</Tp><Pty/></Prtry></RltdPties><RmtInf><Strd><AddtlRmtInf>NO REF</AddtlRmtInf></Strd><Strd><AddtlRmtInf>EWEKA K//BIRTHDAY</AddtlRmtInf></Strd></RmtInf><RltdDts><TxDtTm>2018-09-22T13:59:30</TxDtTm></RltdDts><AddtlTxInf>RP46799619934472001020180922826200026</AddtlTxInf></TxDtls><AddtlNtryInf>COMPLETE//0000//003//CREDIT</AddtlNtryInf></Ntry></Ntfctn></BkToCstmrDbtCdtNtfctnV01></Document>