<?xml version="1.0" encoding="UTF-8"?><Document xmlns:xsi="http://www.w3.org/2001/XMLSchema-instance" xmlns="urn:iso:std:iso:20022:tech:xsd:camt.054.001.01"><BkToCstmrDbtCdtNtfctnV01><GrpHdr><MsgId>80309K//13492</MsgId><CreDtTm>2018-09-29T15:00:00</CreDtTm></GrpHdr><Ntfctn><Id>80309K//13492//1</Id><CreDtTm>2018-09-29T15:00:00</CreDtTm><Acct><Id><PrtryAcct><Id>20594233939774</Id></PrtryAcct></Id><Ccy>GBP</Ccy></Acct><TxsSummry><TtlNtries><NbOfNtries>11</NbOfNtries><Sum>2675.01</Sum></TtlNtries><TtlCdtNtries><NbOfNtries>11</NbOfNtries><Sum>2675.01</Sum></TtlCdtNtries><TtlDbtNtries><NbOfNtries>0</NbOfNtries><Sum>0.00</Sum></TtlDbtNtries></TxsSummry><Ntry><Amt Ccy="GBP">10.00</Amt><CdtDbtInd>CRDT</CdtDbtInd><Sts>BOOK</Sts><BookgDt><Dt>2018-10-01</Dt></BookgDt><BkTxCd><Prtry><Cd>FDP UKBA CR 40269</Cd></Prtry></BkTxCd><TxDtls><Refs><EndToEndId>NOREF</EndToEndId><TxId>439071941141929001</TxId><Prtry><Tp>STO REF</Tp><Ref>0000</Ref></Prtry></Refs><RltdPties><Dbtr><Nm>VOLOSIN D</Nm></Dbtr><DbtrAcct><Id><PrtryAcct><Id>40231372395320</Id></PrtryAcct></Id></DbtrAcct><Cdtr><Nm>Stefan severa</Nm></Cdtr><CdtrAcct><Id><PrtryAcct><Id>23008200465004</Id></PrtryAcct></Id></CdtrAcct><Prtry><Tp>Fotbal</Tp><Pty/></Prtry></RltdPties><RmtInf><Strd><AddtlRmtInf>NO REF</AddtlRmtInf></Strd><Strd><AddtlRmtInf>VOLOSIN D//Fotbal</AddtlRmtInf></Strd></RmtInf><RltdDts><TxDtTm>2018-09-29T14:30:08</TxDtTm></RltdDts><AddtlTxInf>4390719411419290014020180929826402313</AddtlTxInf></TxDtls><AddtlNtryInf>COMPLETE//0000//003//CREDIT</AddtlNtryInf></Ntry><Ntry><Amt Ccy="GBP">10.00</Amt><CdtDbtInd>CRDT</CdtDbtInd><Sts>BOOK</Sts><BookgDt><Dt>2018-10-01</Dt></BookgDt><BkTxCd><Prtry><Cd>SIP UKBA CR 40269</Cd></Prtry></BkTxCd><TxDtls><Refs><EndToEndId>NOREF</EndToEndId><TxId>200000000391660660</TxId></Refs><RltdPties><Dbtr><Nm>P Auer</Nm></Dbtr><DbtrAcct><Id><PrtryAcct><Id>11647704978767</Id></PrtryAcct></Id></DbtrAcct><Cdtr><Nm>PAUL SKINNER</Nm></Cdtr><CdtrAcct><Id><PrtryAcct><Id>23008200464658</Id></PrtryAcct></Id></CdtrAcct><Prtry><Tp>PAULA</Tp><Pty/></Prtry></RltdPties><RmtInf><Strd><AddtlRmtInf>NO REF</AddtlRmtInf></Strd><Strd><AddtlRmtInf>P Auer//PAULA</AddtlRmtInf></Strd></RmtInf><RltdDts><TxDtTm>2018-09-29T14:31:05</TxDtTm></RltdDts><AddtlTxInf>2000000003916606601020180929826116477</AddtlTxInf></TxDtls><AddtlNtryInf>COMPLETE//0000//003//CREDIT</AddtlNtryInf></Ntry><Ntry><Amt Ccy="GBP">10.00</Amt><CdtDbtInd>CRDT</CdtDbtInd><Sts>BOOK</Sts><BookgDt><Dt>2018-10-01</Dt></BookgDt><BkTxCd><Prtry><Cd>SIP UKBA CR 40269</Cd></Prtry></BkTxCd><TxDtls><Refs><EndToEndId>NOREF</EndToEndId><TxId>RP4679962628393900</TxId></Refs><RltdPties><Dbtr><Nm>MIRZA I A</Nm></Dbtr><DbtrAcct><Id><PrtryAcct><Id>20533353944743</Id></PrtryAcct></Id></DbtrAcct><Cdtr><Nm>MR IMRAN KHAN</Nm></Cdtr><CdtrAcct><Id><PrtryAcct><Id>23008200315787</Id></PrtryAcct></Id></CdtrAcct><Prtry><Tp>MIRZA</Tp><Pty/></Prtry></RltdPties><RmtInf><Strd><AddtlRmtInf>NO REF</AddtlRmtInf></Strd><Strd><AddtlRmtInf>MIRZA I A//MIRZA</AddtlRmtInf></Strd></RmtInf><RltdDts><TxDtTm>2018-09-29T14:44:01</TxDtTm></RltdDts><AddtlTxInf>RP46799626283939001020180929826200026</AddtlTxInf></TxDtls><AddtlNtryInf>COMPLETE//0000//003//CREDIT</AddtlNtryInf></Ntry><Ntry><Amt Ccy="GBP">100.00</Amt><CdtDbtInd>CRDT</CdtDbtInd><Sts>BOOK</Sts><BookgDt><Dt>2018-10-01</Dt></BookgDt><BkTxCd><Prtry><Cd>SIP UKBA CR 40269</Cd></Prtry></BkTxCd><TxDtls><Refs><EndToEndId>NOREF</EndToEndId><TxId>180929144408084246</TxId></Refs><RltdPties><Dbtr><Nm>Melissa Bromley</Nm></Dbtr><DbtrAcct><Id><PrtryAcct><Id>77752802315668</Id></PrtryAcct></Id></DbtrAcct><Cdtr><Nm>heather harrison</Nm></Cdtr><CdtrAcct><Id><PrtryAcct><Id>23008200154912</Id></PrtryAcct></Id></CdtrAcct></RltdPties><RmtInf><Strd><AddtlRmtInf>NO REF</AddtlRmtInf></Strd><Strd><AddtlRmtInf>Melissa Bromley//</AddtlRmtInf></Strd></RmtInf><RltdDts><TxDtTm>2018-09-29T14:44:05</TxDtTm></RltdDts><AddtlTxInf>1809291444080842461020180929826777528</AddtlTxInf></TxDtls><AddtlNtryInf>COMPLETE//0000//003//CREDIT</AddtlNtryInf></Ntry><Ntry><Amt Ccy="GBP">40.00</Amt><CdtDbtInd>CRDT</CdtDbtInd><Sts>BOOK</Sts><BookgDt><Dt>2018-10-01</Dt></BookgDt><BkTxCd><Prtry><Cd>SIP UKBA CR 40269</Cd></Prtry></BkTxCd><TxDtls><Refs><EndToEndId>NOREF</EndToEndId><TxId>300000000396980283</TxId></Refs><RltdPties><Dbtr><Nm>R Rodrigues Ventur</Nm></Dbtr><DbtrAcct><Id><PrtryAcct><Id>11059714012464</Id></PrtryAcct></Id></DbtrAcct><Cdtr><Nm>BRUNO VENTURA</Nm></Cdtr><CdtrAcct><Id><PrtryAcct><Id>23008200167723</Id></PrtryAcct></Id></CdtrAcct></RltdPties><RmtInf><Strd><AddtlRmtInf>NO REF</AddtlRmtInf></Strd><Strd><AddtlRmtInf>R Rodrigues Ventur//</AddtlRmtInf></Strd></RmtInf><RltdDts><TxDtTm>2018-09-29T14:46:24</TxDtTm></RltdDts><AddtlTxInf>3000000003969802831020180929826110597</AddtlTxInf></TxDtls><AddtlNtryInf>COMPLETE//0000//003//CREDIT</AddtlNtryInf></Ntry><Ntry><Amt Ccy="GBP">570.00</Amt><CdtDbtInd>CRDT</CdtDbtInd><Sts>BOOK</Sts><BookgDt><Dt>2018-10-01</Dt></BookgDt><BkTxCd><Prtry><Cd>SIP UKBA CR 40269</Cd></Prtry></BkTxCd><TxDtls><Refs><EndToEndId>NOREF</EndToEndId><TxId>180929144943326683</TxId></Refs><RltdPties><Dbtr><Nm>Jennifer Walmsley</Nm></Dbtr><DbtrAcct><Id><PrtryAcct><Id>77202459894468</Id></PrtryAcct></Id></DbtrAcct><Cdtr><Nm>kris arro</Nm></Cdtr><CdtrAcct><Id><PrtryAcct><Id>23008200414931</Id></PrtryAcct></Id></CdtrAcct></RltdPties><RmtInf><Strd><AddtlRmtInf>NO REF</AddtlRmtInf></Strd><Strd><AddtlRmtInf>Jennifer Walmsley//</AddtlRmtInf></Strd></RmtInf><RltdDts><TxDtTm>2018-09-29T14:49:40</TxDtTm></RltdDts><AddtlTxInf>1809291449433266831020180929826772024</AddtlTxInf></TxDtls><AddtlNtryInf>COMPLETE//0000//003//CREDIT</AddtlNtryInf></Ntry><Ntry><Amt Ccy="GBP">272.00</Amt><CdtDbtInd>CRDT</CdtDbtInd><Sts>BOOK</Sts><BookgDt><Dt>2018-10-01</Dt></BookgDt><BkTxCd><Prtry><Cd>SIP UKBA CR 40269</Cd></Prtry></BkTxCd><TxDtls><Refs><EndToEndId>NOREF</EndToEndId><TxId>180929145109364793</TxId></Refs><RltdPties><Dbtr><Nm>Jennifer Walmsley</Nm></Dbtr><DbtrAcct><Id><PrtryAcct><Id>77202459894468</Id></PrtryAcct></Id></DbtrAcct><Cdtr><Nm>kris arro</Nm></Cdtr><CdtrAcct><Id><PrtryAcct><Id>23008200414931</Id></PrtryAcct></Id></CdtrAcct></RltdPties><RmtInf><Strd><AddtlRmtInf>NO REF</AddtlRmtInf></Strd><Strd><AddtlRmtInf>Jennifer Walmsley//</AddtlRmtInf></Strd></RmtInf><RltdDts><TxDtTm>2018-09-29T14:51:06</TxDtTm></RltdDts><AddtlTxInf>1809291451093647931020180929826772024</AddtlTxInf></TxDtls><AddtlNtryInf>COMPLETE//0000//003//CREDIT</AddtlNtryInf></Ntry><Ntry><Amt Ccy="GBP">0.01</Amt><CdtDbtInd>CRDT</CdtDbtInd><Sts>BOOK</Sts><BookgDt><Dt>2018-10-01</Dt></BookgDt><BkTxCd><Prtry><Cd>SIP UKBA CR 40269</Cd></Prtry></BkTxCd><TxDtls><Refs><EndToEndId>PPRD00000000AR333A</EndToEndId><TxId>PPRD00000000AR333A</TxId></Refs><RltdPties><Dbtr><Nm>PAYPAL CODE 6621</Nm><PstlAdr><AdrLine>2211 N 1st Street San Jose CA 95131</AdrLine><Ctry/></PstlAdr></Dbtr><DbtrAcct><Id><PrtryAcct><Id>23526285010101</Id></PrtryAcct></Id></DbtrAcct><Cdtr><Nm>barry mason</Nm><PstlAdr><AdrLine>28 Ashburnham Gardens</AdrLine><Ctry/></PstlAdr></Cdtr><CdtrAcct><Id><PrtryAcct><Id>23008200475202</Id></PrtryAcct></Id></CdtrAcct><Prtry><Tp>PAYPAL CODE 6621</Tp><Pty/></Prtry></RltdPties><RmtInf><Strd><RfrdDocInf><RfrdDocTp><Prtry>002</Prtry></RfrdDocTp></RfrdDocInf><AddtlRmtInf>NO REF</AddtlRmtInf></Strd><Strd><AddtlRmtInf>PAYPAL CODE 6621//PAYPAL CODE 6621</AddtlRmtInf></Strd></RmtInf><RltdDts><TxDtTm>2018-09-29T14:51:45</TxDtTm></RltdDts><AddtlTxInf>PPRD00000000AR333A1020180929826235262</AddtlTxInf></TxDtls><AddtlNtryInf>COMPLETE//0000//003//CREDIT</AddtlNtryInf></Ntry><Ntry><Amt Ccy="GBP">1652.00</Amt><CdtDbtInd>CRDT</CdtDbtInd><Sts>BOOK</Sts><BookgDt><Dt>2018-10-01</Dt></BookgDt><BkTxCd><Prtry><Cd>SIP UKBA CR 40269</Cd></Prtry></BkTxCd><TxDtls><Refs><EndToEndId>NOREF</EndToEndId><TxId>FP18272O12793365</TxId></Refs><RltdPties><Dbtr><Nm>Okoko Kufre</Nm></Dbtr><DbtrAcct><Id><PrtryAcct><Id>07024630522756</Id></PrtryAcct></Id></DbtrAcct><Cdtr><Nm>LUTON LTD</Nm></Cdtr><CdtrAcct><Id><PrtryAcct><Id>23008200471505</Id></PrtryAcct></Id></CdtrAcct><Prtry><Tp>KUFRE OKOKO</Tp><Pty/></Prtry></RltdPties><RmtInf><Strd><AddtlRmtInf>NO REF</AddtlRmtInf></Strd><Strd><AddtlRmtInf>Okoko Kufre//KUFRE OKOKO</AddtlRmtInf></Strd></RmtInf><RltdDts><TxDtTm>2018-09-29T14:53:38</TxDtTm></RltdDts><AddtlTxInf>FP18272O12793365  1020180929826070246</AddtlTxInf></TxDtls><AddtlNtryInf>COMPLETE//0000//003//CREDIT</AddtlNtryInf></Ntry><Ntry><Amt Ccy="GBP">1.00</Amt><CdtDbtInd>CRDT</CdtDbtInd><Sts>BOOK</Sts><BookgDt><Dt>2018-10-01</Dt></BookgDt><BkTxCd><Prtry><Cd>SIP UKBA CR 40269</Cd></Prtry></BkTxCd><TxDtls><Refs><EndToEndId>NOREF</EndToEndId><TxId>193908953541929001</TxId><Prtry><Tp>STO REF</Tp><Ref>0000</Ref></Prtry></Refs><RltdPties><Dbtr><Nm>PICKERING S</Nm></Dbtr><DbtrAcct><Id><PrtryAcct><Id>40090014865367</Id></PrtryAcct></Id></DbtrAcct><Cdtr><Nm>Danny arlo</Nm></Cdtr><CdtrAcct><Id><PrtryAcct><Id>23008200459127</Id></PrtryAcct></Id></CdtrAcct><Prtry><Tp>Pet</Tp><Pty/></Prtry></RltdPties><RmtInf><Strd><AddtlRmtInf>NO REF</AddtlRmtInf></Strd><Strd><AddtlRmtInf>PICKERING S//Pet</AddtlRmtInf></Strd></RmtInf><RltdDts><TxDtTm>2018-09-29T14:54:00</TxDtTm></RltdDts><AddtlTxInf>1939089535419290011020180929826400900</AddtlTxInf></TxDtls><AddtlNtryInf>COMPLETE//0000//003//CREDIT</AddtlNtryInf></Ntry><Ntry><Amt Ccy="GBP">10.00</Amt><CdtDbtInd>CRDT</CdtDbtInd><Sts>BOOK</Sts><BookgDt><Dt>2018-10-01</Dt></BookgDt><BkTxCd><Prtry><Cd>SIP UKBA CR 40269</Cd></Prtry></BkTxCd><TxDtls><Refs><EndToEndId>NOREF</EndToEndId><TxId>41145519289551000R</TxId><Prtry><Tp>STO REF</Tp><Ref>0000</Ref></Prtry></Refs><RltdPties><Dbtr><Nm>ABAYOMI OPEYEMI ODUMADE</Nm><PstlAdr><AdrLine>FLAT 40 SANDGATE HOUSE;</AdrLine><AdrLine>PEMBURY ROAD;</AdrLine><AdrLine>LONDON         UNITED KIN</AdrLine><Ctry/></PstlAdr></Dbtr><DbtrAcct><Id><PrtryAcct><Id>16201516761631</Id></PrtryAcct></Id></DbtrAcct><Cdtr><Nm>ABAYOMI ODUMADE</Nm></Cdtr><CdtrAcct><Id><PrtryAcct><Id>23008200147586</Id></PrtryAcct></Id></CdtrAcct><Prtry><Tp>YOMI</Tp><Pty/></Prtry></RltdPties><RmtInf><Strd><AddtlRmtInf>YOMI</AddtlRmtInf></Strd><Strd><AddtlRmtInf>ABAYOMI OPEYEMI OD//YOMI</AddtlRmtInf></Strd></RmtInf><RltdDts><TxDtTm>2018-09-29T14:55:19</TxDtTm></RltdDts><AddtlTxInf>41145519289551000R1020180929826162015</AddtlTxInf></TxDtls><AddtlNtryInf>COMPLETE//0000//003//CREDIT</AddtlNtryInf></Ntry></Ntfctn></BkToCstmrDbtCdtNtfctnV01></Document>