<?xml version="1.0" encoding="UTF-8"?><Document xmlns:xsi="http://www.w3.org/2001/XMLSchema-instance" xmlns="urn:iso:std:iso:20022:tech:xsd:camt.054.001.01"><BkToCstmrDbtCdtNtfctnV01><GrpHdr><MsgId>80309K//12741</MsgId><CreDtTm>2018-09-12T08:00:00</CreDtTm></GrpHdr><Ntfctn><Id>80309K//12741//1</Id><CreDtTm>2018-09-12T08:00:00</CreDtTm><Acct><Id><PrtryAcct><Id>20594233939774</Id></PrtryAcct></Id><Ccy>GBP</Ccy></Acct><TxsSummry><TtlNtries><NbOfNtries>5</NbOfNtries><Sum>503.00</Sum></TtlNtries><TtlCdtNtries><NbOfNtries>5</NbOfNtries><Sum>503.00</Sum></TtlCdtNtries><TtlDbtNtries><NbOfNtries>0</NbOfNtries><Sum>0.00</Sum></TtlDbtNtries></TxsSummry><Ntry><Amt Ccy="GBP">45.00</Amt><CdtDbtInd>CRDT</CdtDbtInd><Sts>BOOK</Sts><BookgDt><Dt>2018-09-12</Dt></BookgDt><BkTxCd><Prtry><Cd>SIP UKBA CR 40269</Cd></Prtry></BkTxCd><TxDtls><Refs><EndToEndId>SAM</EndToEndId><TxId>40073209041850000N</TxId><Prtry><Tp>STO REF</Tp><Ref>0000</Ref></Prtry></Refs><RltdPties><Dbtr><Nm>DANCE KM</Nm></Dbtr><DbtrAcct><Id><PrtryAcct><Id>55811986663798</Id></PrtryAcct></Id></DbtrAcct><Cdtr><Nm>MISS S GALLAGHER</Nm></Cdtr><CdtrAcct><Id><PrtryAcct><Id>23008200155543</Id></PrtryAcct></Id></CdtrAcct><Prtry><Tp>SAM</Tp><Pty/></Prtry></RltdPties><RmtInf><Strd><AddtlRmtInf>DANCE KM          SAM               VIA MOBILE - LVP</AddtlRmtInf></Strd><Strd><AddtlRmtInf>DANCE KM//SAM</AddtlRmtInf></Strd></RmtInf><RltdDts><TxDtTm>2018-09-12T07:32:09</TxDtTm></RltdDts><AddtlTxInf>40073209041850000N1020180912826558119</AddtlTxInf></TxDtls><AddtlNtryInf>COMPLETE//0000//001//CREDIT</AddtlNtryInf></Ntry><Ntry><Amt Ccy="GBP">35.00</Amt><CdtDbtInd>CRDT</CdtDbtInd><Sts>BOOK</Sts><BookgDt><Dt>2018-09-12</Dt></BookgDt><BkTxCd><Prtry><Cd>SIP UKBA CR 40269</Cd></Prtry></BkTxCd><TxDtls><Refs><EndToEndId>5000000597zPO09727P</EndToEndId><TxId>DF0000006417718600</TxId></Refs><RltdPties><Dbtr><Nm>TSE Malta LP</Nm><PstlAdr><AdrLine>57/63 Line Wall RoadGibraltarEC4N 8</AdrLine><AdrLine>AF</AdrLine><Ctry/></PstlAdr></Dbtr><DbtrAcct><Id><PrtryAcct><Id>20364763140148</Id></PrtryAcct></Id></DbtrAcct><Cdtr><Nm>Owen Derrick</Nm><PstlAdr><AdrLine>227 Clasemont RoadSwanseaSA6 6BTGB</AdrLine><Ctry/></PstlAdr></Cdtr><CdtrAcct><Id><PrtryAcct><Id>23008200432416</Id></PrtryAcct></Id></CdtrAcct><Prtry><Tp>/PAYER ACC/PO09727</Tp><Pty/></Prtry></RltdPties><RmtInf><Strd><AddtlRmtInf>/PAYER ACC/PO09727P/-90066832585</AddtlRmtInf></Strd><Strd><AddtlRmtInf>TSE Malta LP///PAYER ACC/PO09727</AddtlRmtInf></Strd></RmtInf><RltdDts><TxDtTm>2018-09-12T07:34:37</TxDtTm></RltdDts><AddtlTxInf>DF00000064177186001020180912826200000</AddtlTxInf></TxDtls><AddtlNtryInf>COMPLETE//0000//001//CREDIT</AddtlNtryInf></Ntry><Ntry><Amt Ccy="GBP">100.00</Amt><CdtDbtInd>CRDT</CdtDbtInd><Sts>BOOK</Sts><BookgDt><Dt>2018-09-12</Dt></BookgDt><BkTxCd><Prtry><Cd>SIP UKBA CR 40269</Cd></Prtry></BkTxCd><TxDtls><Refs><EndToEndId>5000000597zPO097QVN</EndToEndId><TxId>DF0000006417687000</TxId></Refs><RltdPties><Dbtr><Nm>Cassava Enterprises (Gibraltar) Ltd</Nm><PstlAdr><AdrLine>57/63 Line Wall RdGibraltarGX11 1AA</AdrLine><Ctry/></PstlAdr></Dbtr><DbtrAcct><Id><PrtryAcct><Id>20364763140148</Id></PrtryAcct></Id></DbtrAcct><Cdtr><Nm>Ryan Michael</Nm></Cdtr><CdtrAcct><Id><PrtryAcct><Id>23008200075984</Id></PrtryAcct></Id></CdtrAcct><Prtry><Tp>/PAYER ACC/PO097QV</Tp><Pty/></Prtry></RltdPties><RmtInf><Strd><AddtlRmtInf>/PAYER ACC/PO097QVN/-38556716</AddtlRmtInf></Strd><Strd><AddtlRmtInf>Cassava Enterprise///PAYER ACC/PO097QV</AddtlRmtInf></Strd></RmtInf><RltdDts><TxDtTm>2018-09-12T07:34:48</TxDtTm></RltdDts><AddtlTxInf>DF00000064176870001020180912826200000</AddtlTxInf></TxDtls><AddtlNtryInf>COMPLETE//0000//001//CREDIT</AddtlNtryInf></Ntry><Ntry><Amt Ccy="GBP">23.00</Amt><CdtDbtInd>CRDT</CdtDbtInd><Sts>BOOK</Sts><BookgDt><Dt>2018-09-12</Dt></BookgDt><BkTxCd><Prtry><Cd>SIP UKBA CR 40269</Cd></Prtry></BkTxCd><TxDtls><Refs><EndToEndId>5000000597zPO0975UY</EndToEndId><TxId>DF0000006417721100</TxId></Refs><RltdPties><Dbtr><Nm>TSE Malta LP</Nm><PstlAdr><AdrLine>57/63 Line Wall RoadGibraltarEC4N 8</AdrLine><AdrLine>AF</AdrLine><Ctry/></PstlAdr></Dbtr><DbtrAcct><Id><PrtryAcct><Id>20364763140148</Id></PrtryAcct></Id></DbtrAcct><Cdtr><Nm>Owen Baily</Nm><PstlAdr><AdrLine>11 Burdell AvenueOxfordOX3 8EEGB</AdrLine><Ctry/></PstlAdr></Cdtr><CdtrAcct><Id><PrtryAcct><Id>23008200433584</Id></PrtryAcct></Id></CdtrAcct><Prtry><Tp>/PAYER ACC/PO0975U</Tp><Pty/></Prtry></RltdPties><RmtInf><Strd><AddtlRmtInf>/PAYER ACC/PO0975UY/-90066832646</AddtlRmtInf></Strd><Strd><AddtlRmtInf>TSE Malta LP///PAYER ACC/PO0975U</AddtlRmtInf></Strd></RmtInf><RltdDts><TxDtTm>2018-09-12T07:38:36</TxDtTm></RltdDts><AddtlTxInf>DF00000064177211001020180912826200000</AddtlTxInf></TxDtls><AddtlNtryInf>COMPLETE//0000//001//CREDIT</AddtlNtryInf></Ntry><Ntry><Amt Ccy="GBP">300.00</Amt><CdtDbtInd>CRDT</CdtDbtInd><Sts>BOOK</Sts><BookgDt><Dt>2018-09-12</Dt></BookgDt><BkTxCd><Prtry><Cd>DCA UKBA CR 40269</Cd></Prtry></BkTxCd><TxDtls><Refs><EndToEndId>NOREF</EndToEndId><TxId>000000013542487101</TxId><Prtry><Tp>STO REF</Tp><Ref>5124</Ref></Prtry></Refs><RltdPties><Dbtr><Nm>I BADEA</Nm></Dbtr><DbtrAcct><Id><PrtryAcct><Id>20035373152596</Id></PrtryAcct></Id></DbtrAcct><Cdtr><Nm>ION BADEA</Nm></Cdtr><CdtrAcct><Id><PrtryAcct><Id>23008200365920</Id></PrtryAcct></Id></CdtrAcct><Prtry><Tp>ION BADEA</Tp><Pty/></Prtry></RltdPties><RmtInf><Strd><AddtlRmtInf>NO REF</AddtlRmtInf></Strd><Strd><AddtlRmtInf>I BADEA//ION BADEA</AddtlRmtInf></Strd></RmtInf><RltdDts><TxDtTm>2018-09-12T07:51:55</TxDtTm></RltdDts><AddtlTxInf>0000000135424871015020180912826200353</AddtlTxInf></TxDtls><AddtlNtryInf>COMPLETE//0000//001//CREDIT</AddtlNtryInf></Ntry></Ntfctn></BkToCstmrDbtCdtNtfctnV01></Document>