<?xml version="1.0" encoding="UTF-8"?><Document xmlns:xsi="http://www.w3.org/2001/XMLSchema-instance" xmlns="urn:iso:std:iso:20022:tech:xsd:camt.054.001.01"><BkToCstmrDbtCdtNtfctnV01><GrpHdr><MsgId>80309K//12459</MsgId><CreDtTm>2018-09-05T17:00:00</CreDtTm></GrpHdr><Ntfctn><Id>80309K//12459//1</Id><CreDtTm>2018-09-05T17:00:00</CreDtTm><Acct><Id><PrtryAcct><Id>20594233939774</Id></PrtryAcct></Id><Ccy>GBP</Ccy></Acct><TxsSummry><TtlNtries><NbOfNtries>5</NbOfNtries><Sum>1095.20</Sum></TtlNtries><TtlCdtNtries><NbOfNtries>5</NbOfNtries><Sum>1095.20</Sum></TtlCdtNtries><TtlDbtNtries><NbOfNtries>0</NbOfNtries><Sum>0.00</Sum></TtlDbtNtries></TxsSummry><Ntry><Amt Ccy="GBP">350.20</Amt><CdtDbtInd>CRDT</CdtDbtInd><Sts>BOOK</Sts><BookgDt><Dt>2018-09-05</Dt></BookgDt><BkTxCd><Prtry><Cd>SIP UKBA CR 40269</Cd></Prtry></BkTxCd><TxDtls><Refs><EndToEndId>000000FT1824809B4G</EndToEndId><TxId>000000FT1824809B4G</TxId></Refs><RltdPties><Dbtr><Nm>HAMPSTEAD DELICATESSEN LIMITED T/A</Nm><PstlAdr><AdrLine>46 ROSSLYN HILL;LONDON</AdrLine><Ctry/></PstlAdr></Dbtr><DbtrAcct><Id><PrtryAcct><Id>23058026497981</Id></PrtryAcct></Id></DbtrAcct><Cdtr><Nm>Alex</Nm><PstlAdr><AdrLine>WIRECARD;WIRECARD CARD SOLUTIONS</AdrLine><Ctry/></PstlAdr></Cdtr><CdtrAcct><Id><PrtryAcct><Id>23008200004833</Id></PrtryAcct></Id></CdtrAcct><Prtry><Tp>wage</Tp><Pty/></Prtry></RltdPties><RmtInf><Strd><AddtlRmtInf>NO REF</AddtlRmtInf></Strd><Strd><AddtlRmtInf>HAMPSTEAD DELICATE//wage</AddtlRmtInf></Strd></RmtInf><RltdDts><TxDtTm>2018-09-05T16:39:47</TxDtTm></RltdDts><AddtlTxInf>000000FT1824809B4G1020180905826230580</AddtlTxInf></TxDtls><AddtlNtryInf>COMPLETE//0000//002//CREDIT</AddtlNtryInf></Ntry><Ntry><Amt Ccy="GBP">650.00</Amt><CdtDbtInd>CRDT</CdtDbtInd><Sts>BOOK</Sts><BookgDt><Dt>2018-09-05</Dt></BookgDt><BkTxCd><Prtry><Cd>SIP UKBA CR 40269</Cd></Prtry></BkTxCd><TxDtls><Refs><EndToEndId>000000FT18248YCG0S</EndToEndId><TxId>000000FT18248YCG0S</TxId></Refs><RltdPties><Dbtr><Nm>HAMPSTEAD DELICATESSEN LIMITED T/A</Nm><PstlAdr><AdrLine>46 ROSSLYN HILL;LONDON</AdrLine><Ctry/></PstlAdr></Dbtr><DbtrAcct><Id><PrtryAcct><Id>23058026497981</Id></PrtryAcct></Id></DbtrAcct><Cdtr><Nm>Alex</Nm><PstlAdr><AdrLine>WIRECARD;WIRECARD CARD SOLUTIONS</AdrLine><Ctry/></PstlAdr></Cdtr><CdtrAcct><Id><PrtryAcct><Id>23008200004833</Id></PrtryAcct></Id></CdtrAcct><Prtry><Tp>downpayment sep</Tp><Pty/></Prtry></RltdPties><RmtInf><Strd><AddtlRmtInf>NO REF</AddtlRmtInf></Strd><Strd><AddtlRmtInf>HAMPSTEAD DELICATE//downpayment sep</AddtlRmtInf></Strd></RmtInf><RltdDts><TxDtTm>2018-09-05T16:40:07</TxDtTm></RltdDts><AddtlTxInf>000000FT18248YCG0S1020180905826230580</AddtlTxInf></TxDtls><AddtlNtryInf>COMPLETE//0000//002//CREDIT</AddtlNtryInf></Ntry><Ntry><Amt Ccy="GBP">30.00</Amt><CdtDbtInd>CRDT</CdtDbtInd><Sts>BOOK</Sts><BookgDt><Dt>2018-09-05</Dt></BookgDt><BkTxCd><Prtry><Cd>SIP UKBA CR 40269</Cd></Prtry></BkTxCd><TxDtls><Refs><EndToEndId>CC</EndToEndId><TxId>02164625377982000N</TxId><Prtry><Tp>STO REF</Tp><Ref>0000</Ref></Prtry></Refs><RltdPties><Dbtr><Nm>BOUCQUEY SKL</Nm></Dbtr><DbtrAcct><Id><PrtryAcct><Id>60220864149609</Id></PrtryAcct></Id></DbtrAcct><Cdtr><Nm>S BOUCQUEY</Nm></Cdtr><CdtrAcct><Id><PrtryAcct><Id>23008200212455</Id></PrtryAcct></Id></CdtrAcct><Prtry><Tp>CC</Tp><Pty/></Prtry></RltdPties><RmtInf><Strd><AddtlRmtInf>BOUCQUEY SKL      CC                VIA MOBILE - LVP</AddtlRmtInf></Strd><Strd><AddtlRmtInf>BOUCQUEY SKL//CC</AddtlRmtInf></Strd></RmtInf><RltdDts><TxDtTm>2018-09-05T16:46:25</TxDtTm></RltdDts><AddtlTxInf>02164625377982000N1020180905826602208</AddtlTxInf></TxDtls><AddtlNtryInf>COMPLETE//0000//002//CREDIT</AddtlNtryInf></Ntry><Ntry><Amt Ccy="GBP">15.00</Amt><CdtDbtInd>CRDT</CdtDbtInd><Sts>BOOK</Sts><BookgDt><Dt>2018-09-05</Dt></BookgDt><BkTxCd><Prtry><Cd>SIP UKBA CR 40269</Cd></Prtry></BkTxCd><TxDtls><Refs><EndToEndId>NOREF</EndToEndId><TxId>RP4679960687829100</TxId></Refs><RltdPties><Dbtr><Nm>WHITE CHRISTOPHE</Nm></Dbtr><DbtrAcct><Id><PrtryAcct><Id>20709483520781</Id></PrtryAcct></Id></DbtrAcct><Cdtr><Nm>CHRISTOPHER WHITE</Nm></Cdtr><CdtrAcct><Id><PrtryAcct><Id>23008200292739</Id></PrtryAcct></Id></CdtrAcct><Prtry><Tp>MONEY</Tp><Pty/></Prtry></RltdPties><RmtInf><Strd><AddtlRmtInf>NO REF</AddtlRmtInf></Strd><Strd><AddtlRmtInf>WHITE CHRISTOPHE//MONEY</AddtlRmtInf></Strd></RmtInf><RltdDts><TxDtTm>2018-09-05T16:51:24</TxDtTm></RltdDts><AddtlTxInf>RP46799606878291001020180905826200026</AddtlTxInf></TxDtls><AddtlNtryInf>COMPLETE//0000//002//CREDIT</AddtlNtryInf></Ntry><Ntry><Amt Ccy="GBP">50.00</Amt><CdtDbtInd>CRDT</CdtDbtInd><Sts>BOOK</Sts><BookgDt><Dt>2018-09-05</Dt></BookgDt><BkTxCd><Prtry><Cd>SIP UKBA CR 40269</Cd></Prtry></BkTxCd><TxDtls><Refs><EndToEndId>NOREF</EndToEndId><TxId>000000000127314109</TxId></Refs><RltdPties><Dbtr><Nm>MRS J A HESLINGTON</Nm></Dbtr><DbtrAcct><Id><PrtryAcct><Id>08924910240067</Id></PrtryAcct></Id></DbtrAcct><Cdtr><Nm>MATTHEW BURTON</Nm></Cdtr><CdtrAcct><Id><PrtryAcct><Id>23008200320610</Id></PrtryAcct></Id></CdtrAcct><Prtry><Tp>JEN</Tp><Pty/></Prtry></RltdPties><RmtInf><Strd><AddtlRmtInf>NO REF</AddtlRmtInf></Strd><Strd><AddtlRmtInf>MRS J A HESLINGTON//JEN</AddtlRmtInf></Strd></RmtInf><RltdDts><TxDtTm>2018-09-05T16:53:37</TxDtTm></RltdDts><AddtlTxInf>0000000001273141091020180905826089249</AddtlTxInf></TxDtls><AddtlNtryInf>COMPLETE//0000//002//CREDIT</AddtlNtryInf></Ntry></Ntfctn></BkToCstmrDbtCdtNtfctnV01></Document>