<?xml version="1.0" encoding="UTF-8"?><Document xmlns:xsi="http://www.w3.org/2001/XMLSchema-instance" xmlns="urn:iso:std:iso:20022:tech:xsd:camt.054.001.01"><BkToCstmrDbtCdtNtfctnV01><GrpHdr><MsgId>80309K//12513</MsgId><CreDtTm>2018-09-06T20:30:00</CreDtTm></GrpHdr><Ntfctn><Id>80309K//12513//1</Id><CreDtTm>2018-09-06T20:30:00</CreDtTm><Acct><Id><PrtryAcct><Id>20594233939774</Id></PrtryAcct></Id><Ccy>GBP</Ccy></Acct><TxsSummry><TtlNtries><NbOfNtries>9</NbOfNtries><Sum>4242.37</Sum></TtlNtries><TtlCdtNtries><NbOfNtries>9</NbOfNtries><Sum>4242.37</Sum></TtlCdtNtries><TtlDbtNtries><NbOfNtries>0</NbOfNtries><Sum>0.00</Sum></TtlDbtNtries></TxsSummry><Ntry><Amt Ccy="GBP">10.00</Amt><CdtDbtInd>CRDT</CdtDbtInd><Sts>BOOK</Sts><BookgDt><Dt>2018-09-07</Dt></BookgDt><BkTxCd><Prtry><Cd>SIP UKBA CR 40269</Cd></Prtry></BkTxCd><TxDtls><Refs><EndToEndId>NOREF</EndToEndId><TxId>RP4679960786832500</TxId></Refs><RltdPties><Dbtr><Nm>ADEGOKE O M</Nm></Dbtr><DbtrAcct><Id><PrtryAcct><Id>20442283082881</Id></PrtryAcct></Id></DbtrAcct><Cdtr><Nm>RYAN</Nm></Cdtr><CdtrAcct><Id><PrtryAcct><Id>23008200148479</Id></PrtryAcct></Id></CdtrAcct><Prtry><Tp>KOKO</Tp><Pty/></Prtry></RltdPties><RmtInf><Strd><AddtlRmtInf>NO REF</AddtlRmtInf></Strd><Strd><AddtlRmtInf>ADEGOKE O M//KOKO</AddtlRmtInf></Strd></RmtInf><RltdDts><TxDtTm>2018-09-06T20:01:04</TxDtTm></RltdDts><AddtlTxInf>RP46799607868325001020180906826200026</AddtlTxInf></TxDtls><AddtlNtryInf>COMPLETE//0000//003//CREDIT</AddtlNtryInf></Ntry><Ntry><Amt Ccy="GBP">45.93</Amt><CdtDbtInd>CRDT</CdtDbtInd><Sts>BOOK</Sts><BookgDt><Dt>2018-09-07</Dt></BookgDt><BkTxCd><Prtry><Cd>SIP UKBA CR 40269</Cd></Prtry></BkTxCd><TxDtls><Refs><EndToEndId>PPWD00000000ALD5HO</EndToEndId><TxId>PPWD00000000ALD5HO</TxId></Refs><RltdPties><Dbtr><Nm>PayPal</Nm><PstlAdr><AdrLine>2211 N 1st Street San Jose CA 95131</AdrLine><Ctry/></PstlAdr></Dbtr><DbtrAcct><Id><PrtryAcct><Id>23526278959595</Id></PrtryAcct></Id></DbtrAcct><Cdtr><Nm>mathew farnham</Nm><PstlAdr><AdrLine>507 coed y gores</AdrLine><Ctry/></PstlAdr></Cdtr><CdtrAcct><Id><PrtryAcct><Id>23008200042415</Id></PrtryAcct></Id></CdtrAcct><Prtry><Tp>PPWDL52BJ2AKUT96Z4</Tp><Pty/></Prtry></RltdPties><RmtInf><Strd><RfrdDocInf><RfrdDocTp><Prtry>002</Prtry></RfrdDocTp></RfrdDocInf><AddtlRmtInf>NO REF</AddtlRmtInf></Strd><Strd><AddtlRmtInf>PayPal//PPWDL52BJ2AKUT96Z4</AddtlRmtInf></Strd></RmtInf><RltdDts><TxDtTm>2018-09-06T20:04:11</TxDtTm></RltdDts><AddtlTxInf>PPWD00000000ALD5HO1020180906826235262</AddtlTxInf></TxDtls><AddtlNtryInf>COMPLETE//0000//003//CREDIT</AddtlNtryInf></Ntry><Ntry><Amt Ccy="GBP">126.50</Amt><CdtDbtInd>CRDT</CdtDbtInd><Sts>BOOK</Sts><BookgDt><Dt>2018-09-07</Dt></BookgDt><BkTxCd><Prtry><Cd>SIP UKBA CR 40269</Cd></Prtry></BkTxCd><TxDtls><Refs><EndToEndId>NOREF</EndToEndId><TxId>100000000384941120</TxId></Refs><RltdPties><Dbtr><Nm>R Jackson</Nm></Dbtr><DbtrAcct><Id><PrtryAcct><Id>30258000867012</Id></PrtryAcct></Id></DbtrAcct><Cdtr><Nm>NTLS SERVICES</Nm></Cdtr><CdtrAcct><Id><PrtryAcct><Id>23008200221749</Id></PrtryAcct></Id></CdtrAcct><Prtry><Tp>CLEANING</Tp><Pty/></Prtry></RltdPties><RmtInf><Strd><AddtlRmtInf>NO REF</AddtlRmtInf></Strd><Strd><AddtlRmtInf>R Jackson//CLEANING</AddtlRmtInf></Strd></RmtInf><RltdDts><TxDtTm>2018-09-06T20:11:01</TxDtTm></RltdDts><AddtlTxInf>1000000003849411201020180906826302580</AddtlTxInf></TxDtls><AddtlNtryInf>COMPLETE//0000//003//CREDIT</AddtlNtryInf></Ntry><Ntry><Amt Ccy="GBP">631.00</Amt><CdtDbtInd>CRDT</CdtDbtInd><Sts>BOOK</Sts><BookgDt><Dt>2018-09-07</Dt></BookgDt><BkTxCd><Prtry><Cd>SIP UKBA CR 40269</Cd></Prtry></BkTxCd><TxDtls><Refs><EndToEndId>NOREF</EndToEndId><TxId>180906201338657951</TxId></Refs><RltdPties><Dbtr><Nm>Martin Jeffery</Nm></Dbtr><DbtrAcct><Id><PrtryAcct><Id>30945300177003</Id></PrtryAcct></Id></DbtrAcct><Cdtr><Nm>Mr Warner</Nm></Cdtr><CdtrAcct><Id><PrtryAcct><Id>23008200432871</Id></PrtryAcct></Id></CdtrAcct><Prtry><Tp>392117696468 Ebay</Tp><Pty/></Prtry></RltdPties><RmtInf><Strd><AddtlRmtInf>NO REF</AddtlRmtInf></Strd><Strd><AddtlRmtInf>Martin Jeffery//392117696468 Ebay</AddtlRmtInf></Strd></RmtInf><RltdDts><TxDtTm>2018-09-06T20:13:36</TxDtTm></RltdDts><AddtlTxInf>1809062013386579511020180906826309453</AddtlTxInf></TxDtls><AddtlNtryInf>COMPLETE//0000//003//CREDIT</AddtlNtryInf></Ntry><Ntry><Amt Ccy="GBP">5.00</Amt><CdtDbtInd>CRDT</CdtDbtInd><Sts>BOOK</Sts><BookgDt><Dt>2018-09-07</Dt></BookgDt><BkTxCd><Prtry><Cd>SIP UKBA CR 40269</Cd></Prtry></BkTxCd><TxDtls><Refs><EndToEndId>DAD</EndToEndId><TxId>15201707562649000N</TxId><Prtry><Tp>STO REF</Tp><Ref>0000</Ref></Prtry></Refs><RltdPties><Dbtr><Nm>LARNDER-SMITH SA</Nm></Dbtr><DbtrAcct><Id><PrtryAcct><Id>55502864581667</Id></PrtryAcct></Id></DbtrAcct><Cdtr><Nm>CORY LARNDER-SMITH</Nm></Cdtr><CdtrAcct><Id><PrtryAcct><Id>23008200246431</Id></PrtryAcct></Id></CdtrAcct><Prtry><Tp>DAD</Tp><Pty/></Prtry></RltdPties><RmtInf><Strd><AddtlRmtInf>LARNDER-SMITH SA  DAD               VIA MOBILE - LVP</AddtlRmtInf></Strd><Strd><AddtlRmtInf>LARNDER-SMITH SA//DAD</AddtlRmtInf></Strd></RmtInf><RltdDts><TxDtTm>2018-09-06T20:17:07</TxDtTm></RltdDts><AddtlTxInf>15201707562649000N1020180906826555028</AddtlTxInf></TxDtls><AddtlNtryInf>COMPLETE//0000//003//CREDIT</AddtlNtryInf></Ntry><Ntry><Amt Ccy="GBP">50.00</Amt><CdtDbtInd>CRDT</CdtDbtInd><Sts>BOOK</Sts><BookgDt><Dt>2018-09-07</Dt></BookgDt><BkTxCd><Prtry><Cd>DCA UKBA CR 40269</Cd></Prtry></BkTxCd><TxDtls><Refs><EndToEndId>NOREF</EndToEndId><TxId>000000013497161701</TxId><Prtry><Tp>STO REF</Tp><Ref>2324</Ref></Prtry></Refs><RltdPties><Dbtr><Nm>S HAIDER</Nm></Dbtr><DbtrAcct><Id><PrtryAcct><Id>20035373152596</Id></PrtryAcct></Id></DbtrAcct><Cdtr><Nm>MR S H JAFFREY</Nm></Cdtr><CdtrAcct><Id><PrtryAcct><Id>23008200347202</Id></PrtryAcct></Id></CdtrAcct><Prtry><Tp>TRANFER</Tp><Pty/></Prtry></RltdPties><RmtInf><Strd><AddtlRmtInf>NO REF</AddtlRmtInf></Strd><Strd><AddtlRmtInf>S HAIDER//TRANFER</AddtlRmtInf></Strd></RmtInf><RltdDts><TxDtTm>2018-09-06T20:17:42</TxDtTm></RltdDts><AddtlTxInf>0000000134971617015020180906826200353</AddtlTxInf></TxDtls><AddtlNtryInf>COMPLETE//0000//003//CREDIT</AddtlNtryInf></Ntry><Ntry><Amt Ccy="GBP">373.94</Amt><CdtDbtInd>CRDT</CdtDbtInd><Sts>BOOK</Sts><BookgDt><Dt>2018-09-07</Dt></BookgDt><BkTxCd><Prtry><Cd>SIP UKBA CR 40269</Cd></Prtry></BkTxCd><TxDtls><Refs><EndToEndId>NOREF</EndToEndId><TxId>59202046004745000N</TxId><Prtry><Tp>STO REF</Tp><Ref>0000</Ref></Prtry></Refs><RltdPties><Dbtr><Nm>ROMPTER LTD</Nm><PstlAdr><AdrLine>5 QUEEN STREET NORWICH NR24TL UNITE</AdrLine><AdrLine>D KINGDOM</AdrLine><Ctry/></PstlAdr></Dbtr><DbtrAcct><Id><PrtryAcct><Id>60837040240967</Id></PrtryAcct></Id></DbtrAcct><Cdtr><Nm>MR V ZIGA</Nm></Cdtr><CdtrAcct><Id><PrtryAcct><Id>23008200130496</Id></PrtryAcct></Id></CdtrAcct><Prtry><Tp>WAGES 1507</Tp><Pty/></Prtry></RltdPties><RmtInf><Strd><AddtlRmtInf>WAGES 1507</AddtlRmtInf></Strd><Strd><AddtlRmtInf>ROMPTER LTD//WAGES 1507</AddtlRmtInf></Strd></RmtInf><RltdDts><TxDtTm>2018-09-06T20:20:46</TxDtTm></RltdDts><AddtlTxInf>59202046004745000N1020180906826608370</AddtlTxInf></TxDtls><AddtlNtryInf>COMPLETE//0000//003//CREDIT</AddtlNtryInf></Ntry><Ntry><Amt Ccy="GBP">1500.00</Amt><CdtDbtInd>CRDT</CdtDbtInd><Sts>BOOK</Sts><BookgDt><Dt>2018-09-07</Dt></BookgDt><BkTxCd><Prtry><Cd>SIP UKBA CR 40269</Cd></Prtry></BkTxCd><TxDtls><Refs><EndToEndId>STARLING-4QDP7N18XM6XV6XLEG</EndToEndId><TxId>4QDP7N18XM6XV6XLEG</TxId></Refs><RltdPties><Dbtr><Nm>Chikezie Omotola</Nm></Dbtr><DbtrAcct><Id><PrtryAcct><Id>60837178269468</Id></PrtryAcct></Id></DbtrAcct><Cdtr><Nm>Arro personal</Nm></Cdtr><CdtrAcct><Id><PrtryAcct><Id>23008200174850</Id></PrtryAcct></Id></CdtrAcct><Prtry><Tp>Pay</Tp><Pty/></Prtry></RltdPties><RmtInf><Strd><AddtlRmtInf>NO REF</AddtlRmtInf></Strd><Strd><AddtlRmtInf>Chikezie Omotola//Pay</AddtlRmtInf></Strd></RmtInf><RltdDts><TxDtTm>2018-09-06T20:25:16</TxDtTm></RltdDts><AddtlTxInf>4QDP7N18XM6XV6XLEG1020180906826608371</AddtlTxInf></TxDtls><AddtlNtryInf>COMPLETE//0000//003//CREDIT</AddtlNtryInf></Ntry><Ntry><Amt Ccy="GBP">1500.00</Amt><CdtDbtInd>CRDT</CdtDbtInd><Sts>BOOK</Sts><BookgDt><Dt>2018-09-07</Dt></BookgDt><BkTxCd><Prtry><Cd>SIP UKBA CR 40269</Cd></Prtry></BkTxCd><TxDtls><Refs><EndToEndId>STARLING-ZJ63EV45X8D72OWGPR</EndToEndId><TxId>ZJ63EV45X8D72OWGPR</TxId></Refs><RltdPties><Dbtr><Nm>Chikezie Omotola</Nm></Dbtr><DbtrAcct><Id><PrtryAcct><Id>60837178269468</Id></PrtryAcct></Id></DbtrAcct><Cdtr><Nm>Zurna ltd</Nm></Cdtr><CdtrAcct><Id><PrtryAcct><Id>23008200031665</Id></PrtryAcct></Id></CdtrAcct><Prtry><Tp>Pay</Tp><Pty/></Prtry></RltdPties><RmtInf><Strd><AddtlRmtInf>NO REF</AddtlRmtInf></Strd><Strd><AddtlRmtInf>Chikezie Omotola//Pay</AddtlRmtInf></Strd></RmtInf><RltdDts><TxDtTm>2018-09-06T20:25:59</TxDtTm></RltdDts><AddtlTxInf>ZJ63EV45X8D72OWGPR1020180906826608371</AddtlTxInf></TxDtls><AddtlNtryInf>COMPLETE//0000//003//CREDIT</AddtlNtryInf></Ntry></Ntfctn></BkToCstmrDbtCdtNtfctnV01></Document>