<?xml version="1.0" encoding="UTF-8"?><Document xmlns:xsi="http://www.w3.org/2001/XMLSchema-instance" xmlns="urn:iso:std:iso:20022:tech:xsd:camt.054.001.01"><BkToCstmrDbtCdtNtfctnV01><GrpHdr><MsgId>80309K//13103</MsgId><CreDtTm>2018-09-20T15:00:00</CreDtTm></GrpHdr><Ntfctn><Id>80309K//13103//1</Id><CreDtTm>2018-09-20T15:00:00</CreDtTm><Acct><Id><PrtryAcct><Id>20594233939774</Id></PrtryAcct></Id><Ccy>GBP</Ccy></Acct><TxsSummry><TtlNtries><NbOfNtries>7</NbOfNtries><Sum>669.42</Sum></TtlNtries><TtlCdtNtries><NbOfNtries>7</NbOfNtries><Sum>669.42</Sum></TtlCdtNtries><TtlDbtNtries><NbOfNtries>0</NbOfNtries><Sum>0.00</Sum></TtlDbtNtries></TxsSummry><Ntry><Amt Ccy="GBP">0.40</Amt><CdtDbtInd>CRDT</CdtDbtInd><Sts>BOOK</Sts><BookgDt><Dt>2018-09-20</Dt></BookgDt><BkTxCd><Prtry><Cd>DCA UKBA CR 40269</Cd></Prtry></BkTxCd><TxDtls><Refs><EndToEndId>NOREF</EndToEndId><TxId>000000013617327601</TxId><Prtry><Tp>STO REF</Tp><Ref>0000</Ref></Prtry></Refs><RltdPties><Dbtr><Nm>TOP UP</Nm></Dbtr><DbtrAcct><Id><PrtryAcct><Id>20594233674975</Id></PrtryAcct></Id></DbtrAcct><Cdtr><Nm>INGRID CLEARY</Nm></Cdtr><CdtrAcct><Id><PrtryAcct><Id>23008200181069</Id></PrtryAcct></Id></CdtrAcct><Prtry><Tp>L022078</Tp><Pty/></Prtry></RltdPties><RmtInf><Strd><AddtlRmtInf>NO REF</AddtlRmtInf></Strd><Strd><AddtlRmtInf>TOP UP//L022078</AddtlRmtInf></Strd></RmtInf><RltdDts><TxDtTm>2018-09-20T14:40:23</TxDtTm></RltdDts><AddtlTxInf>0000000136173276015020180920826205942</AddtlTxInf></TxDtls><AddtlNtryInf>COMPLETE//0000//002//CREDIT</AddtlNtryInf></Ntry><Ntry><Amt Ccy="GBP">250.00</Amt><CdtDbtInd>CRDT</CdtDbtInd><Sts>BOOK</Sts><BookgDt><Dt>2018-09-20</Dt></BookgDt><BkTxCd><Prtry><Cd>SIP UKBA CR 40269</Cd></Prtry></BkTxCd><TxDtls><Refs><EndToEndId>PAYMENT</EndToEndId><TxId>55144408072874000N</TxId><Prtry><Tp>STO REF</Tp><Ref>0000</Ref></Prtry></Refs><RltdPties><Dbtr><Nm>BROWNE SF</Nm></Dbtr><DbtrAcct><Id><PrtryAcct><Id>60215762111965</Id></PrtryAcct></Id></DbtrAcct><Cdtr><Nm>WAYNE REESE</Nm></Cdtr><CdtrAcct><Id><PrtryAcct><Id>23008200155987</Id></PrtryAcct></Id></CdtrAcct><Prtry><Tp>PAYMENT</Tp><Pty/></Prtry></RltdPties><RmtInf><Strd><AddtlRmtInf>BROWNE SF         PAYMENT           VIA MOBILE - LVP</AddtlRmtInf></Strd><Strd><AddtlRmtInf>BROWNE SF//PAYMENT</AddtlRmtInf></Strd></RmtInf><RltdDts><TxDtTm>2018-09-20T14:44:08</TxDtTm></RltdDts><AddtlTxInf>55144408072874000N1020180920826602157</AddtlTxInf></TxDtls><AddtlNtryInf>COMPLETE//0000//002//CREDIT</AddtlNtryInf></Ntry><Ntry><Amt Ccy="GBP">200.00</Amt><CdtDbtInd>CRDT</CdtDbtInd><Sts>BOOK</Sts><BookgDt><Dt>2018-09-20</Dt></BookgDt><BkTxCd><Prtry><Cd>SIP UKBA CR 40269</Cd></Prtry></BkTxCd><TxDtls><Refs><EndToEndId>NOREF</EndToEndId><TxId>071321918441029001</TxId><Prtry><Tp>STO REF</Tp><Ref>0000</Ref></Prtry></Refs><RltdPties><Dbtr><Nm>CLARK J S</Nm></Dbtr><DbtrAcct><Id><PrtryAcct><Id>40303611454323</Id></PrtryAcct></Id></DbtrAcct><Cdtr><Nm>mr robert mackay</Nm></Cdtr><CdtrAcct><Id><PrtryAcct><Id>23008200151661</Id></PrtryAcct></Id></CdtrAcct><Prtry><Tp>i adore you xx</Tp><Pty/></Prtry></RltdPties><RmtInf><Strd><AddtlRmtInf>NO REF</AddtlRmtInf></Strd><Strd><AddtlRmtInf>CLARK J S//i adore you xx</AddtlRmtInf></Strd></RmtInf><RltdDts><TxDtTm>2018-09-20T14:48:19</TxDtTm></RltdDts><AddtlTxInf>0713219184410290011020180920826403036</AddtlTxInf></TxDtls><AddtlNtryInf>COMPLETE//0000//002//CREDIT</AddtlNtryInf></Ntry><Ntry><Amt Ccy="GBP">115.00</Amt><CdtDbtInd>CRDT</CdtDbtInd><Sts>BOOK</Sts><BookgDt><Dt>2018-09-20</Dt></BookgDt><BkTxCd><Prtry><Cd>SIP UKBA CR 40269</Cd></Prtry></BkTxCd><TxDtls><Refs><EndToEndId>NOREF</EndToEndId><TxId>FP18263O03947362</TxId></Refs><RltdPties><Dbtr><Nm>Pragnell Beverley</Nm></Dbtr><DbtrAcct><Id><PrtryAcct><Id>07043621559007</Id></PrtryAcct></Id></DbtrAcct><Cdtr><Nm>SHANIE</Nm></Cdtr><CdtrAcct><Id><PrtryAcct><Id>23008200211607</Id></PrtryAcct></Id></CdtrAcct><Prtry><Tp>CASH</Tp><Pty/></Prtry></RltdPties><RmtInf><Strd><AddtlRmtInf>NO REF</AddtlRmtInf></Strd><Strd><AddtlRmtInf>Pragnell Beverley//CASH</AddtlRmtInf></Strd></RmtInf><RltdDts><TxDtTm>2018-09-20T14:49:17</TxDtTm></RltdDts><AddtlTxInf>FP18263O03947362  1020180920826070436</AddtlTxInf></TxDtls><AddtlNtryInf>COMPLETE//0000//002//CREDIT</AddtlNtryInf></Ntry><Ntry><Amt Ccy="GBP">34.02</Amt><CdtDbtInd>CRDT</CdtDbtInd><Sts>BOOK</Sts><BookgDt><Dt>2018-09-20</Dt></BookgDt><BkTxCd><Prtry><Cd>SIP UKBA CR 40269</Cd></Prtry></BkTxCd><TxDtls><Refs><EndToEndId>NOREF</EndToEndId><TxId>RP4679961814900700</TxId></Refs><RltdPties><Dbtr><Nm>DULLA I</Nm></Dbtr><DbtrAcct><Id><PrtryAcct><Id>20805740922420</Id></PrtryAcct></Id></DbtrAcct><Cdtr><Nm>B-ZWEB MR CHUNGUI</Nm></Cdtr><CdtrAcct><Id><PrtryAcct><Id>23008200221286</Id></PrtryAcct></Id></CdtrAcct><Prtry><Tp>LRG-018A</Tp><Pty/></Prtry></RltdPties><RmtInf><Strd><AddtlRmtInf>NO REF</AddtlRmtInf></Strd><Strd><AddtlRmtInf>DULLA I//LRG-018A</AddtlRmtInf></Strd></RmtInf><RltdDts><TxDtTm>2018-09-20T14:50:01</TxDtTm></RltdDts><AddtlTxInf>RP46799618149007001020180920826200026</AddtlTxInf></TxDtls><AddtlNtryInf>COMPLETE//0000//002//CREDIT</AddtlNtryInf></Ntry><Ntry><Amt Ccy="GBP">50.00</Amt><CdtDbtInd>CRDT</CdtDbtInd><Sts>BOOK</Sts><BookgDt><Dt>2018-09-20</Dt></BookgDt><BkTxCd><Prtry><Cd>DCA UKBA CR 40269</Cd></Prtry></BkTxCd><TxDtls><Refs><EndToEndId>NOREF</EndToEndId><TxId>000000013617372801</TxId><Prtry><Tp>STO REF</Tp><Ref>9506</Ref></Prtry></Refs><RltdPties><Dbtr><Nm>DAVID AVERY-HAGGAN</Nm></Dbtr><DbtrAcct><Id><PrtryAcct><Id>20035373152596</Id></PrtryAcct></Id></DbtrAcct><Cdtr><Nm>LIZ ANDERSON</Nm></Cdtr><CdtrAcct><Id><PrtryAcct><Id>23008200305981</Id></PrtryAcct></Id></CdtrAcct><Prtry><Tp>LIZ ANDERSON</Tp><Pty/></Prtry></RltdPties><RmtInf><Strd><AddtlRmtInf>NO REF</AddtlRmtInf></Strd><Strd><AddtlRmtInf>DAVID AVERY-HAGGAN//LIZ ANDERSON</AddtlRmtInf></Strd></RmtInf><RltdDts><TxDtTm>2018-09-20T14:52:27</TxDtTm></RltdDts><AddtlTxInf>0000000136173728015020180920826200353</AddtlTxInf></TxDtls><AddtlNtryInf>COMPLETE//0000//002//CREDIT</AddtlNtryInf></Ntry><Ntry><Amt Ccy="GBP">20.00</Amt><CdtDbtInd>CRDT</CdtDbtInd><Sts>BOOK</Sts><BookgDt><Dt>2018-09-20</Dt></BookgDt><BkTxCd><Prtry><Cd>SIP UKBA CR 40269</Cd></Prtry></BkTxCd><TxDtls><Refs><EndToEndId>DINNER</EndToEndId><TxId>23145917131983000N</TxId><Prtry><Tp>STO REF</Tp><Ref>0000</Ref></Prtry></Refs><RltdPties><Dbtr><Nm>GLOVER SN</Nm></Dbtr><DbtrAcct><Id><PrtryAcct><Id>01003911858451</Id></PrtryAcct></Id></DbtrAcct><Cdtr><Nm>DANIEL GLOVER</Nm></Cdtr><CdtrAcct><Id><PrtryAcct><Id>23008200154536</Id></PrtryAcct></Id></CdtrAcct><Prtry><Tp>DINNER</Tp><Pty/></Prtry></RltdPties><RmtInf><Strd><AddtlRmtInf>GLOVER SN         DINNER            VIA MOBILE - LVP</AddtlRmtInf></Strd><Strd><AddtlRmtInf>GLOVER SN//DINNER</AddtlRmtInf></Strd></RmtInf><RltdDts><TxDtTm>2018-09-20T14:59:17</TxDtTm></RltdDts><AddtlTxInf>23145917131983000N1020180920826010039</AddtlTxInf></TxDtls><AddtlNtryInf>COMPLETE//0000//002//CREDIT</AddtlNtryInf></Ntry></Ntfctn></BkToCstmrDbtCdtNtfctnV01></Document>