<?xml version="1.0" encoding="UTF-8"?><Document xmlns:xsi="http://www.w3.org/2001/XMLSchema-instance" xmlns="urn:iso:std:iso:20022:tech:xsd:camt.054.001.01"><BkToCstmrDbtCdtNtfctnV01><GrpHdr><MsgId>80309K//13269</MsgId><CreDtTm>2018-09-24T14:00:00</CreDtTm></GrpHdr><Ntfctn><Id>80309K//13269//1</Id><CreDtTm>2018-09-24T14:00:00</CreDtTm><Acct><Id><PrtryAcct><Id>20594233939774</Id></PrtryAcct></Id><Ccy>GBP</Ccy></Acct><TxsSummry><TtlNtries><NbOfNtries>10</NbOfNtries><Sum>5236.32</Sum></TtlNtries><TtlCdtNtries><NbOfNtries>10</NbOfNtries><Sum>5236.32</Sum></TtlCdtNtries><TtlDbtNtries><NbOfNtries>0</NbOfNtries><Sum>0.00</Sum></TtlDbtNtries></TxsSummry><Ntry><Amt Ccy="GBP">100.00</Amt><CdtDbtInd>CRDT</CdtDbtInd><Sts>BOOK</Sts><BookgDt><Dt>2018-09-24</Dt></BookgDt><BkTxCd><Prtry><Cd>SIP UKBA CR 40269</Cd></Prtry></BkTxCd><TxDtls><Refs><EndToEndId>NOREF</EndToEndId><TxId>600000000391107675</TxId></Refs><RltdPties><Dbtr><Nm>M Brennan</Nm></Dbtr><DbtrAcct><Id><PrtryAcct><Id>11645723220468</Id></PrtryAcct></Id></DbtrAcct><Cdtr><Nm>MARK BRENNAN</Nm></Cdtr><CdtrAcct><Id><PrtryAcct><Id>23008200403768</Id></PrtryAcct></Id></CdtrAcct></RltdPties><RmtInf><Strd><AddtlRmtInf>NO REF</AddtlRmtInf></Strd><Strd><AddtlRmtInf>M Brennan//</AddtlRmtInf></Strd></RmtInf><RltdDts><TxDtTm>2018-09-24T13:33:57</TxDtTm></RltdDts><AddtlTxInf>6000000003911076751020180924826116457</AddtlTxInf></TxDtls><AddtlNtryInf>COMPLETE//0000//002//CREDIT</AddtlNtryInf></Ntry><Ntry><Amt Ccy="GBP">10.14</Amt><CdtDbtInd>CRDT</CdtDbtInd><Sts>BOOK</Sts><BookgDt><Dt>2018-09-24</Dt></BookgDt><BkTxCd><Prtry><Cd>SIP UKBA CR 40269</Cd></Prtry></BkTxCd><TxDtls><Refs><EndToEndId>NOREF</EndToEndId><TxId>400000000396189861</TxId></Refs><RltdPties><Dbtr><Nm>V Dobritoiu</Nm></Dbtr><DbtrAcct><Id><PrtryAcct><Id>11026912328661</Id></PrtryAcct></Id></DbtrAcct><Cdtr><Nm>SYSTEM REPAIRS LTD</Nm></Cdtr><CdtrAcct><Id><PrtryAcct><Id>23008200224193</Id></PrtryAcct></Id></CdtrAcct><Prtry><Tp>CCA</Tp><Pty/></Prtry></RltdPties><RmtInf><Strd><AddtlRmtInf>NO REF</AddtlRmtInf></Strd><Strd><AddtlRmtInf>V Dobritoiu//CCA</AddtlRmtInf></Strd></RmtInf><RltdDts><TxDtTm>2018-09-24T13:35:27</TxDtTm></RltdDts><AddtlTxInf>4000000003961898611020180924826110269</AddtlTxInf></TxDtls><AddtlNtryInf>COMPLETE//0000//002//CREDIT</AddtlNtryInf></Ntry><Ntry><Amt Ccy="GBP">25.00</Amt><CdtDbtInd>CRDT</CdtDbtInd><Sts>BOOK</Sts><BookgDt><Dt>2018-09-24</Dt></BookgDt><BkTxCd><Prtry><Cd>SIP UKBA CR 40269</Cd></Prtry></BkTxCd><TxDtls><Refs><EndToEndId>NOREF</EndToEndId><TxId>100000000389734138</TxId></Refs><RltdPties><Dbtr><Nm>M Murray</Nm></Dbtr><DbtrAcct><Id><PrtryAcct><Id>11718027898063</Id></PrtryAcct></Id></DbtrAcct><Cdtr><Nm>MR MALACHI MURRAY</Nm></Cdtr><CdtrAcct><Id><PrtryAcct><Id>23008200429208</Id></PrtryAcct></Id></CdtrAcct><Prtry><Tp>TRANSFER</Tp><Pty/></Prtry></RltdPties><RmtInf><Strd><AddtlRmtInf>NO REF</AddtlRmtInf></Strd><Strd><AddtlRmtInf>M Murray//TRANSFER</AddtlRmtInf></Strd></RmtInf><RltdDts><TxDtTm>2018-09-24T13:35:38</TxDtTm></RltdDts><AddtlTxInf>1000000003897341381020180924826117180</AddtlTxInf></TxDtls><AddtlNtryInf>COMPLETE//0000//002//CREDIT</AddtlNtryInf></Ntry><Ntry><Amt Ccy="GBP">3102.00</Amt><CdtDbtInd>CRDT</CdtDbtInd><Sts>BOOK</Sts><BookgDt><Dt>2018-09-24</Dt></BookgDt><BkTxCd><Prtry><Cd>SIP UKBA CR 40269</Cd></Prtry></BkTxCd><TxDtls><Refs><EndToEndId>NOREF</EndToEndId><TxId>57133902246834000N</TxId><Prtry><Tp>STO REF</Tp><Ref>0000</Ref></Prtry></Refs><RltdPties><Dbtr><Nm>MR JEFFERY S BOOTS</Nm></Dbtr><DbtrAcct><Id><PrtryAcct><Id>52410000917117</Id></PrtryAcct></Id></DbtrAcct><Cdtr><Nm>T DANG</Nm></Cdtr><CdtrAcct><Id><PrtryAcct><Id>23008200420995</Id></PrtryAcct></Id></CdtrAcct><Prtry><Tp>BOOTS</Tp><Pty/></Prtry></RltdPties><RmtInf><Strd><AddtlRmtInf>BOOTS</AddtlRmtInf></Strd><Strd><AddtlRmtInf>MR JEFFERY S BOOTS//BOOTS</AddtlRmtInf></Strd></RmtInf><RltdDts><TxDtTm>2018-09-24T13:39:02</TxDtTm></RltdDts><AddtlTxInf>57133902246834000N1020180924826524100</AddtlTxInf></TxDtls><AddtlNtryInf>COMPLETE//0000//002//CREDIT</AddtlNtryInf></Ntry><Ntry><Amt Ccy="GBP">409.00</Amt><CdtDbtInd>CRDT</CdtDbtInd><Sts>BOOK</Sts><BookgDt><Dt>2018-09-24</Dt></BookgDt><BkTxCd><Prtry><Cd>SIP UKBA CR 40269</Cd></Prtry></BkTxCd><TxDtls><Refs><EndToEndId>NOREF</EndToEndId><TxId>RP4679962116230300</TxId></Refs><RltdPties><Dbtr><Nm>JASSAL SC+S FPO</Nm></Dbtr><DbtrAcct><Id><PrtryAcct><Id>20678810004480</Id></PrtryAcct></Id></DbtrAcct><Cdtr><Nm>T TROLLY</Nm></Cdtr><CdtrAcct><Id><PrtryAcct><Id>23008200463744</Id></PrtryAcct></Id></CdtrAcct><Prtry><Tp>QUNDPN</Tp><Pty/></Prtry></RltdPties><RmtInf><Strd><AddtlRmtInf>NO REF</AddtlRmtInf></Strd><Strd><AddtlRmtInf>JASSAL SC+S FPO//QUNDPN</AddtlRmtInf></Strd></RmtInf><RltdDts><TxDtTm>2018-09-24T13:40:46</TxDtTm></RltdDts><AddtlTxInf>RP46799621162303001020180924826200026</AddtlTxInf></TxDtls><AddtlNtryInf>COMPLETE//0000//002//CREDIT</AddtlNtryInf></Ntry><Ntry><Amt Ccy="GBP">230.00</Amt><CdtDbtInd>CRDT</CdtDbtInd><Sts>BOOK</Sts><BookgDt><Dt>2018-09-24</Dt></BookgDt><BkTxCd><Prtry><Cd>SIP UKBA CR 40269</Cd></Prtry></BkTxCd><TxDtls><Refs><EndToEndId>61</EndToEndId><TxId>17134113181447000N</TxId><Prtry><Tp>STO REF</Tp><Ref>0000</Ref></Prtry></Refs><RltdPties><Dbtr><Nm>URGENT DELIVERIES</Nm></Dbtr><DbtrAcct><Id><PrtryAcct><Id>60130440564126</Id></PrtryAcct></Id></DbtrAcct><Cdtr><Nm>T MARSHALL</Nm></Cdtr><CdtrAcct><Id><PrtryAcct><Id>23008200033369</Id></PrtryAcct></Id></CdtrAcct><Prtry><Tp>61</Tp><Pty/></Prtry></RltdPties><RmtInf><Strd><AddtlRmtInf>URGENT DELIVERIES 61                VIA ONLINE - PYMT</AddtlRmtInf></Strd><Strd><AddtlRmtInf>URGENT DELIVERIES//61</AddtlRmtInf></Strd></RmtInf><RltdDts><TxDtTm>2018-09-24T13:41:13</TxDtTm></RltdDts><AddtlTxInf>17134113181447000N1020180924826601304</AddtlTxInf></TxDtls><AddtlNtryInf>COMPLETE//0000//002//CREDIT</AddtlNtryInf></Ntry><Ntry><Amt Ccy="GBP">820.00</Amt><CdtDbtInd>CRDT</CdtDbtInd><Sts>BOOK</Sts><BookgDt><Dt>2018-09-24</Dt></BookgDt><BkTxCd><Prtry><Cd>SIP UKBA CR 40269</Cd></Prtry></BkTxCd><TxDtls><Refs><EndToEndId>NOREF</EndToEndId><TxId>35134418165909000N</TxId><Prtry><Tp>STO REF</Tp><Ref>0000</Ref></Prtry></Refs><RltdPties><Dbtr><Nm>SPENCER MT</Nm></Dbtr><DbtrAcct><Id><PrtryAcct><Id>60140300690740</Id></PrtryAcct></Id></DbtrAcct><Cdtr><Nm>KAREN GOLDEN</Nm></Cdtr><CdtrAcct><Id><PrtryAcct><Id>23008200463786</Id></PrtryAcct></Id></CdtrAcct></RltdPties><RmtInf><Strd><AddtlRmtInf>SPENCER MT</AddtlRmtInf></Strd><Strd><AddtlRmtInf>SPENCER MT//</AddtlRmtInf></Strd></RmtInf><RltdDts><TxDtTm>2018-09-24T13:44:18</TxDtTm></RltdDts><AddtlTxInf>35134418165909000N1020180924826601403</AddtlTxInf></TxDtls><AddtlNtryInf>COMPLETE//0000//002//CREDIT</AddtlNtryInf></Ntry><Ntry><Amt Ccy="GBP">100.00</Amt><CdtDbtInd>CRDT</CdtDbtInd><Sts>BOOK</Sts><BookgDt><Dt>2018-09-24</Dt></BookgDt><BkTxCd><Prtry><Cd>SIP UKBA CR 40269</Cd></Prtry></BkTxCd><TxDtls><Refs><EndToEndId>NOREF</EndToEndId><TxId>RP4679962117531400</TxId></Refs><RltdPties><Dbtr><Nm>DEMIRI K</Nm></Dbtr><DbtrAcct><Id><PrtryAcct><Id>20388363941019</Id></PrtryAcct></Id></DbtrAcct><Cdtr><Nm>ERJON DEMIRI</Nm></Cdtr><CdtrAcct><Id><PrtryAcct><Id>23008200199089</Id></PrtryAcct></Id></CdtrAcct><Prtry><Tp>GIFT</Tp><Pty/></Prtry></RltdPties><RmtInf><Strd><AddtlRmtInf>NO REF</AddtlRmtInf></Strd><Strd><AddtlRmtInf>DEMIRI K//GIFT</AddtlRmtInf></Strd></RmtInf><RltdDts><TxDtTm>2018-09-24T13:54:38</TxDtTm></RltdDts><AddtlTxInf>RP46799621175314001020180924826200026</AddtlTxInf></TxDtls><AddtlNtryInf>COMPLETE//0000//002//CREDIT</AddtlNtryInf></Ntry><Ntry><Amt Ccy="GBP">405.18</Amt><CdtDbtInd>CRDT</CdtDbtInd><Sts>BOOK</Sts><BookgDt><Dt>2018-09-24</Dt></BookgDt><BkTxCd><Prtry><Cd>SIP UKBA CR 40269</Cd></Prtry></BkTxCd><TxDtls><Refs><EndToEndId>BAILEYSAGY/WAGES</EndToEndId><TxId>61135631416171000N</TxId><Prtry><Tp>STO REF</Tp><Ref>0000</Ref></Prtry></Refs><RltdPties><Dbtr><Nm>BAILEYS PERMANENT</Nm></Dbtr><DbtrAcct><Id><PrtryAcct><Id>55701378395461</Id></PrtryAcct></Id></DbtrAcct><Cdtr><Nm>MR COLIN LAYHE</Nm></Cdtr><CdtrAcct><Id><PrtryAcct><Id>23008200389163</Id></PrtryAcct></Id></CdtrAcct><Prtry><Tp>BAILEYSAGY/WAGES</Tp><Pty/></Prtry></RltdPties><RmtInf><Strd><AddtlRmtInf>BAILEYS PERMANENT BAILEYSAGY/WAGES  VIA ONLINE - PYMT</AddtlRmtInf></Strd><Strd><AddtlRmtInf>BAILEYS PERMANENT//BAILEYSAGY/WAGES</AddtlRmtInf></Strd></RmtInf><RltdDts><TxDtTm>2018-09-24T13:56:31</TxDtTm></RltdDts><AddtlTxInf>61135631416171000N1020180924826557013</AddtlTxInf></TxDtls><AddtlNtryInf>COMPLETE//0000//002//CREDIT</AddtlNtryInf></Ntry><Ntry><Amt Ccy="GBP">35.00</Amt><CdtDbtInd>CRDT</CdtDbtInd><Sts>BOOK</Sts><BookgDt><Dt>2018-09-24</Dt></BookgDt><BkTxCd><Prtry><Cd>SIP UKBA CR 40269</Cd></Prtry></BkTxCd><TxDtls><Refs><EndToEndId>PPWD00000000APRNS0</EndToEndId><TxId>PPWD00000000APRNS0</TxId></Refs><RltdPties><Dbtr><Nm>PayPal</Nm><PstlAdr><AdrLine>2211 N 1st Street San Jose CA 95131</AdrLine><Ctry/></PstlAdr></Dbtr><DbtrAcct><Id><PrtryAcct><Id>23526278959595</Id></PrtryAcct></Id></DbtrAcct><Cdtr><Nm>Garry Davison</Nm><PstlAdr><AdrLine>2 Balbirnie Bridge</AdrLine><Ctry/></PstlAdr></Cdtr><CdtrAcct><Id><PrtryAcct><Id>23008200408239</Id></PrtryAcct></Id></CdtrAcct><Prtry><Tp>PPWDL46WJ2ALBNQ6GS</Tp><Pty/></Prtry></RltdPties><RmtInf><Strd><RfrdDocInf><RfrdDocTp><Prtry>002</Prtry></RfrdDocTp></RfrdDocInf><AddtlRmtInf>NO REF</AddtlRmtInf></Strd><Strd><AddtlRmtInf>PayPal//PPWDL46WJ2ALBNQ6GS</AddtlRmtInf></Strd></RmtInf><RltdDts><TxDtTm>2018-09-24T13:59:19</TxDtTm></RltdDts><AddtlTxInf>PPWD00000000APRNS01020180924826235262</AddtlTxInf></TxDtls><AddtlNtryInf>COMPLETE//0000//002//CREDIT</AddtlNtryInf></Ntry></Ntfctn></BkToCstmrDbtCdtNtfctnV01></Document>