<?xml version="1.0" encoding="UTF-8"?><Document xmlns:xsi="http://www.w3.org/2001/XMLSchema-instance" xmlns="urn:iso:std:iso:20022:tech:xsd:camt.054.001.01"><BkToCstmrDbtCdtNtfctnV01><GrpHdr><MsgId>80309K//12414</MsgId><CreDtTm>2018-09-04T15:30:00</CreDtTm></GrpHdr><Ntfctn><Id>80309K//12414//1</Id><CreDtTm>2018-09-04T15:30:00</CreDtTm><Acct><Id><PrtryAcct><Id>20594233939774</Id></PrtryAcct></Id><Ccy>GBP</Ccy></Acct><TxsSummry><TtlNtries><NbOfNtries>9</NbOfNtries><Sum>2218.45</Sum></TtlNtries><TtlCdtNtries><NbOfNtries>9</NbOfNtries><Sum>2218.45</Sum></TtlCdtNtries><TtlDbtNtries><NbOfNtries>0</NbOfNtries><Sum>0.00</Sum></TtlDbtNtries></TxsSummry><Ntry><Amt Ccy="GBP">476.70</Amt><CdtDbtInd>CRDT</CdtDbtInd><Sts>BOOK</Sts><BookgDt><Dt>2018-09-04</Dt></BookgDt><BkTxCd><Prtry><Cd>SIP UKBA CR 40269</Cd></Prtry></BkTxCd><TxDtls><Refs><EndToEndId>NOREF</EndToEndId><TxId>32150519685778000R</TxId><Prtry><Tp>STO REF</Tp><Ref>0000</Ref></Prtry></Refs><RltdPties><Dbtr><Nm>GC C1</Nm></Dbtr><DbtrAcct><Id><PrtryAcct><Id>16222410135836</Id></PrtryAcct></Id></DbtrAcct><Cdtr><Nm>MISS ALIA A COSTER</Nm></Cdtr><CdtrAcct><Id><PrtryAcct><Id>23008200221244</Id></PrtryAcct></Id></CdtrAcct><Prtry><Tp>CCONTENT-6BMZFAXWW</Tp><Pty/></Prtry></RltdPties><RmtInf><Strd><AddtlRmtInf>CCONTENT-6BMZFAXWW</AddtlRmtInf></Strd><Strd><AddtlRmtInf>GC C1//CCONTENT-6BMZFAXWW</AddtlRmtInf></Strd></RmtInf><RltdDts><TxDtTm>2018-09-04T15:05:20</TxDtTm></RltdDts><AddtlTxInf>32150519685778000R1020180904826162224</AddtlTxInf></TxDtls><AddtlNtryInf>COMPLETE//0000//002//CREDIT</AddtlNtryInf></Ntry><Ntry><Amt Ccy="GBP">500.00</Amt><CdtDbtInd>CRDT</CdtDbtInd><Sts>BOOK</Sts><BookgDt><Dt>2018-09-04</Dt></BookgDt><BkTxCd><Prtry><Cd>SIP UKBA CR 40269</Cd></Prtry></BkTxCd><TxDtls><Refs><EndToEndId>NOREF</EndToEndId><TxId>RP4659983827367300</TxId></Refs><RltdPties><Dbtr><Nm>T + J NEWS SW</Nm></Dbtr><DbtrAcct><Id><PrtryAcct><Id>20454553811840</Id></PrtryAcct></Id></DbtrAcct><Cdtr><Nm>SOLUTIONS FOR ALL</Nm></Cdtr><CdtrAcct><Id><PrtryAcct><Id>23008200040618</Id></PrtryAcct></Id></CdtrAcct><Prtry><Tp>T AND J NEWS</Tp><Pty/></Prtry></RltdPties><RmtInf><Strd><AddtlRmtInf>NO REF</AddtlRmtInf></Strd><Strd><AddtlRmtInf>T + J NEWS SW//T AND J NEWS</AddtlRmtInf></Strd></RmtInf><RltdDts><TxDtTm>2018-09-04T15:12:37</TxDtTm></RltdDts><AddtlTxInf>RP46599838273673001020180904826200026</AddtlTxInf></TxDtls><AddtlNtryInf>COMPLETE//0000//002//CREDIT</AddtlNtryInf></Ntry><Ntry><Amt Ccy="GBP">100.00</Amt><CdtDbtInd>CRDT</CdtDbtInd><Sts>BOOK</Sts><BookgDt><Dt>2018-09-04</Dt></BookgDt><BkTxCd><Prtry><Cd>SIP UKBA CR 40269</Cd></Prtry></BkTxCd><TxDtls><Refs><EndToEndId>NOREF</EndToEndId><TxId>RP4679960585149500</TxId></Refs><RltdPties><Dbtr><Nm>FAYOMBO E</Nm></Dbtr><DbtrAcct><Id><PrtryAcct><Id>20296310479845</Id></PrtryAcct></Id></DbtrAcct><Cdtr><Nm>LOVE HOLIDAYS</Nm></Cdtr><CdtrAcct><Id><PrtryAcct><Id>23008200427964</Id></PrtryAcct></Id></CdtrAcct><Prtry><Tp>HOLIDAY</Tp><Pty/></Prtry></RltdPties><RmtInf><Strd><AddtlRmtInf>NO REF</AddtlRmtInf></Strd><Strd><AddtlRmtInf>FAYOMBO E//HOLIDAY</AddtlRmtInf></Strd></RmtInf><RltdDts><TxDtTm>2018-09-04T15:14:25</TxDtTm></RltdDts><AddtlTxInf>RP46799605851495001020180904826200026</AddtlTxInf></TxDtls><AddtlNtryInf>COMPLETE//0000//002//CREDIT</AddtlNtryInf></Ntry><Ntry><Amt Ccy="GBP">499.00</Amt><CdtDbtInd>CRDT</CdtDbtInd><Sts>BOOK</Sts><BookgDt><Dt>2018-09-04</Dt></BookgDt><BkTxCd><Prtry><Cd>SIP UKBA CR 40269</Cd></Prtry></BkTxCd><TxDtls><Refs><EndToEndId>00151233632BBHMCZR</EndToEndId><TxId>00151233632BBHMCZR</TxId></Refs><RltdPties><Dbtr><Nm>WILLIAM EBURAGBEMI</Nm></Dbtr><DbtrAcct><Id><PrtryAcct><Id>09012891644113</Id></PrtryAcct></Id></DbtrAcct><Cdtr><Nm>Travel Scanners</Nm></Cdtr><CdtrAcct><Id><PrtryAcct><Id>23008200422493</Id></PrtryAcct></Id></CdtrAcct><Prtry><Tp>william Ts 0902</Tp><Pty/></Prtry></RltdPties><RmtInf><Strd><AddtlRmtInf>NO REF</AddtlRmtInf></Strd><Strd><AddtlRmtInf>WILLIAM EBURAGBEMI//william Ts 0902</AddtlRmtInf></Strd></RmtInf><RltdDts><TxDtTm>2018-09-04T15:16:26</TxDtTm></RltdDts><AddtlTxInf>00151233632BBHMCZR1020180904826090128</AddtlTxInf></TxDtls><AddtlNtryInf>COMPLETE//0000//002//CREDIT</AddtlNtryInf></Ntry><Ntry><Amt Ccy="GBP">69.00</Amt><CdtDbtInd>CRDT</CdtDbtInd><Sts>BOOK</Sts><BookgDt><Dt>2018-09-04</Dt></BookgDt><BkTxCd><Prtry><Cd>SIP UKBA CR 40269</Cd></Prtry></BkTxCd><TxDtls><Refs><EndToEndId>2289567143</EndToEndId><TxId>780321732000</TxId></Refs><RltdPties><DbtrAcct><Id><PrtryAcct><Id>18500818405549</Id></PrtryAcct></Id></DbtrAcct><Cdtr><Nm>Daniel Hunt</Nm></Cdtr><CdtrAcct><Id><PrtryAcct><Id>23008200418794</Id></PrtryAcct></Id></CdtrAcct><Prtry><Tp>2289567143</Tp><Pty/></Prtry></RltdPties><RmtInf><Strd><RfrdDocInf><RfrdDocTp><Prtry>002</Prtry></RfrdDocTp></RfrdDocInf><AddtlRmtInf>2289567143</AddtlRmtInf></Strd><Strd><AddtlRmtInf>185008 18405549//2289567143</AddtlRmtInf></Strd></RmtInf><RltdDts><TxDtTm>2018-09-04T15:22:29</TxDtTm></RltdDts><AddtlTxInf>780321732000      1020180904826185008</AddtlTxInf></TxDtls><AddtlNtryInf>COMPLETE//0000//002//CREDIT</AddtlNtryInf></Ntry><Ntry><Amt Ccy="GBP">20.00</Amt><CdtDbtInd>CRDT</CdtDbtInd><Sts>BOOK</Sts><BookgDt><Dt>2018-09-04</Dt></BookgDt><BkTxCd><Prtry><Cd>SIP UKBA CR 40269</Cd></Prtry></BkTxCd><TxDtls><Refs><EndToEndId>NOREF</EndToEndId><TxId>RP4679960586027900</TxId></Refs><RltdPties><Dbtr><Nm>JUKEVICA L</Nm></Dbtr><DbtrAcct><Id><PrtryAcct><Id>20270563105563</Id></PrtryAcct></Id></DbtrAcct><Cdtr><Nm>MOHAMMED</Nm></Cdtr><CdtrAcct><Id><PrtryAcct><Id>23008200171422</Id></PrtryAcct></Id></CdtrAcct><Prtry><Tp>B PAY</Tp><Pty/></Prtry></RltdPties><RmtInf><Strd><AddtlRmtInf>NO REF</AddtlRmtInf></Strd><Strd><AddtlRmtInf>JUKEVICA L//B PAY</AddtlRmtInf></Strd></RmtInf><RltdDts><TxDtTm>2018-09-04T15:22:57</TxDtTm></RltdDts><AddtlTxInf>RP46799605860279001020180904826200026</AddtlTxInf></TxDtls><AddtlNtryInf>COMPLETE//0000//002//CREDIT</AddtlNtryInf></Ntry><Ntry><Amt Ccy="GBP">393.75</Amt><CdtDbtInd>CRDT</CdtDbtInd><Sts>BOOK</Sts><BookgDt><Dt>2018-09-04</Dt></BookgDt><BkTxCd><Prtry><Cd>SIP UKBA CR 40269</Cd></Prtry></BkTxCd><TxDtls><Refs><EndToEndId>NOREF</EndToEndId><TxId>20152523015615000N</TxId><Prtry><Tp>STO REF</Tp><Ref>0000</Ref></Prtry></Refs><RltdPties><Dbtr><Nm>REL PUB CO LIMITED</Nm></Dbtr><DbtrAcct><Id><PrtryAcct><Id>60040484614528</Id></PrtryAcct></Id></DbtrAcct><Cdtr><Nm>TUSCAN</Nm></Cdtr><CdtrAcct><Id><PrtryAcct><Id>23008200039884</Id></PrtryAcct></Id></CdtrAcct><Prtry><Tp>11204 TUTTO</Tp><Pty/></Prtry></RltdPties><RmtInf><Strd><AddtlRmtInf>11204 TUTTO</AddtlRmtInf></Strd><Strd><AddtlRmtInf>REL PUB CO LIMITED//11204 TUTTO</AddtlRmtInf></Strd></RmtInf><RltdDts><TxDtTm>2018-09-04T15:25:23</TxDtTm></RltdDts><AddtlTxInf>20152523015615000N1020180904826600404</AddtlTxInf></TxDtls><AddtlNtryInf>COMPLETE//0000//002//CREDIT</AddtlNtryInf></Ntry><Ntry><Amt Ccy="GBP">150.00</Amt><CdtDbtInd>CRDT</CdtDbtInd><Sts>BOOK</Sts><BookgDt><Dt>2018-09-04</Dt></BookgDt><BkTxCd><Prtry><Cd>SIP UKBA CR 40269</Cd></Prtry></BkTxCd><TxDtls><Refs><EndToEndId>J</EndToEndId><TxId>52152701664335000N</TxId><Prtry><Tp>STO REF</Tp><Ref>0000</Ref></Prtry></Refs><RltdPties><Dbtr><Nm>ISLAM I</Nm></Dbtr><DbtrAcct><Id><PrtryAcct><Id>60243112720593</Id></PrtryAcct></Id></DbtrAcct><Cdtr><Nm>MR M SHAKOURI FAR</Nm></Cdtr><CdtrAcct><Id><PrtryAcct><Id>23008200401228</Id></PrtryAcct></Id></CdtrAcct><Prtry><Tp>J</Tp><Pty/></Prtry></RltdPties><RmtInf><Strd><AddtlRmtInf>ISLAM I           J                 VIA MOBILE - LVP</AddtlRmtInf></Strd><Strd><AddtlRmtInf>ISLAM I//J</AddtlRmtInf></Strd></RmtInf><RltdDts><TxDtTm>2018-09-04T15:27:01</TxDtTm></RltdDts><AddtlTxInf>52152701664335000N1020180904826602431</AddtlTxInf></TxDtls><AddtlNtryInf>COMPLETE//0000//002//CREDIT</AddtlNtryInf></Ntry><Ntry><Amt Ccy="GBP">10.00</Amt><CdtDbtInd>CRDT</CdtDbtInd><Sts>BOOK</Sts><BookgDt><Dt>2018-09-04</Dt></BookgDt><BkTxCd><Prtry><Cd>SIP UKBA CR 40269</Cd></Prtry></BkTxCd><TxDtls><Refs><EndToEndId>NOREF</EndToEndId><TxId>FP18247O11458802</TxId></Refs><RltdPties><Dbtr><Nm>Cash Nicola</Nm></Dbtr><DbtrAcct><Id><PrtryAcct><Id>07043627222721</Id></PrtryAcct></Id></DbtrAcct><Cdtr><Nm>MY ARO</Nm></Cdtr><CdtrAcct><Id><PrtryAcct><Id>23008200179249</Id></PrtryAcct></Id></CdtrAcct><Prtry><Tp>SPENDS</Tp><Pty/></Prtry></RltdPties><RmtInf><Strd><AddtlRmtInf>NO REF</AddtlRmtInf></Strd><Strd><AddtlRmtInf>Cash Nicola//SPENDS</AddtlRmtInf></Strd></RmtInf><RltdDts><TxDtTm>2018-09-04T15:27:31</TxDtTm></RltdDts><AddtlTxInf>FP18247O11458802  1020180904826070436</AddtlTxInf></TxDtls><AddtlNtryInf>COMPLETE//0000//002//CREDIT</AddtlNtryInf></Ntry></Ntfctn></BkToCstmrDbtCdtNtfctnV01></Document>