<?xml version="1.0" encoding="UTF-8"?><Document xmlns:xsi="http://www.w3.org/2001/XMLSchema-instance" xmlns="urn:iso:std:iso:20022:tech:xsd:camt.054.001.01"><BkToCstmrDbtCdtNtfctnV01><GrpHdr><MsgId>80309K//13358</MsgId><CreDtTm>2018-09-26T14:30:00</CreDtTm></GrpHdr><Ntfctn><Id>80309K//13358//1</Id><CreDtTm>2018-09-26T14:30:00</CreDtTm><Acct><Id><PrtryAcct><Id>20594233939774</Id></PrtryAcct></Id><Ccy>GBP</Ccy></Acct><TxsSummry><TtlNtries><NbOfNtries>10</NbOfNtries><Sum>4389.50</Sum></TtlNtries><TtlCdtNtries><NbOfNtries>10</NbOfNtries><Sum>4389.50</Sum></TtlCdtNtries><TtlDbtNtries><NbOfNtries>0</NbOfNtries><Sum>0.00</Sum></TtlDbtNtries></TxsSummry><Ntry><Amt Ccy="GBP">10.00</Amt><CdtDbtInd>CRDT</CdtDbtInd><Sts>BOOK</Sts><BookgDt><Dt>2018-09-26</Dt></BookgDt><BkTxCd><Prtry><Cd>SIP UKBA CR 40269</Cd></Prtry></BkTxCd><TxDtls><Refs><EndToEndId>PPWD00000000AQBBL2</EndToEndId><TxId>PPWD00000000AQBBL2</TxId></Refs><RltdPties><Dbtr><Nm>PayPal</Nm><PstlAdr><AdrLine>2211 N 1st Street San Jose CA 95131</AdrLine><Ctry/></PstlAdr></Dbtr><DbtrAcct><Id><PrtryAcct><Id>23526278959595</Id></PrtryAcct></Id></DbtrAcct><Cdtr><Nm>Mohammed Haque</Nm><PstlAdr><AdrLine>129 Alexandra Road</AdrLine><Ctry/></PstlAdr></Cdtr><CdtrAcct><Id><PrtryAcct><Id>23008200468030</Id></PrtryAcct></Id></CdtrAcct><Prtry><Tp>PPWDL4V6J2ALDEUC5G</Tp><Pty/></Prtry></RltdPties><RmtInf><Strd><RfrdDocInf><RfrdDocTp><Prtry>002</Prtry></RfrdDocTp></RfrdDocInf><AddtlRmtInf>NO REF</AddtlRmtInf></Strd><Strd><AddtlRmtInf>PayPal//PPWDL4V6J2ALDEUC5G</AddtlRmtInf></Strd></RmtInf><RltdDts><TxDtTm>2018-09-26T14:01:32</TxDtTm></RltdDts><AddtlTxInf>PPWD00000000AQBBL21020180926826235262</AddtlTxInf></TxDtls><AddtlNtryInf>COMPLETE//0000//002//CREDIT</AddtlNtryInf></Ntry><Ntry><Amt Ccy="GBP">337.50</Amt><CdtDbtInd>CRDT</CdtDbtInd><Sts>BOOK</Sts><BookgDt><Dt>2018-09-26</Dt></BookgDt><BkTxCd><Prtry><Cd>SIP UKBA CR 40269</Cd></Prtry></BkTxCd><TxDtls><Refs><EndToEndId>NO REF</EndToEndId><TxId>BX1809262043687700</TxId></Refs><RltdPties><Dbtr><Nm>HILLSIDE SPORTS GP</Nm></Dbtr><DbtrAcct><Id><PrtryAcct><Id>20658253013081</Id></PrtryAcct></Id></DbtrAcct><Cdtr><Nm>R THIARA</Nm><PstlAdr><AdrLine>3A Credon Road   LONDON  E13 9BHGB</AdrLine><Ctry/></PstlAdr></Cdtr><CdtrAcct><Id><PrtryAcct><Id>23008200373702</Id></PrtryAcct></Id></CdtrAcct><Prtry><Tp>NO REF</Tp><Pty/></Prtry></RltdPties><RmtInf><Strd><RfrdDocInf><RfrdDocTp><Prtry>002</Prtry></RfrdDocTp></RfrdDocInf><AddtlRmtInf>NO REF</AddtlRmtInf></Strd><Strd><AddtlRmtInf>HILLSIDE SPORTS GP//NO REF</AddtlRmtInf></Strd></RmtInf><RltdDts><TxDtTm>2018-09-26T14:02:22</TxDtTm></RltdDts><AddtlTxInf>BX18092620436877001020180926826200000</AddtlTxInf></TxDtls><AddtlNtryInf>COMPLETE//0000//002//CREDIT</AddtlNtryInf></Ntry><Ntry><Amt Ccy="GBP">10.00</Amt><CdtDbtInd>CRDT</CdtDbtInd><Sts>BOOK</Sts><BookgDt><Dt>2018-09-26</Dt></BookgDt><BkTxCd><Prtry><Cd>SIP UKBA CR 40269</Cd></Prtry></BkTxCd><TxDtls><Refs><EndToEndId>10</EndToEndId><TxId>36140554897401000N</TxId><Prtry><Tp>STO REF</Tp><Ref>0000</Ref></Prtry></Refs><RltdPties><Dbtr><Nm>MORGAN AJ/2016</Nm></Dbtr><DbtrAcct><Id><PrtryAcct><Id>50411046629068</Id></PrtryAcct></Id></DbtrAcct><Cdtr><Nm>LYDIA</Nm></Cdtr><CdtrAcct><Id><PrtryAcct><Id>23008200459087</Id></PrtryAcct></Id></CdtrAcct><Prtry><Tp>10</Tp><Pty/></Prtry></RltdPties><RmtInf><Strd><AddtlRmtInf>MORGAN AJ/2016    10                VIA MOBILE - LVP</AddtlRmtInf></Strd><Strd><AddtlRmtInf>MORGAN AJ/2016//10</AddtlRmtInf></Strd></RmtInf><RltdDts><TxDtTm>2018-09-26T14:05:55</TxDtTm></RltdDts><AddtlTxInf>36140554897401000N1020180926826504110</AddtlTxInf></TxDtls><AddtlNtryInf>COMPLETE//0000//002//CREDIT</AddtlNtryInf></Ntry><Ntry><Amt Ccy="GBP">55.00</Amt><CdtDbtInd>CRDT</CdtDbtInd><Sts>BOOK</Sts><BookgDt><Dt>2018-09-26</Dt></BookgDt><BkTxCd><Prtry><Cd>SIP UKBA CR 40269</Cd></Prtry></BkTxCd><TxDtls><Refs><EndToEndId>NOREF</EndToEndId><TxId>62140650257111000N</TxId><Prtry><Tp>STO REF</Tp><Ref>0000</Ref></Prtry></Refs><RltdPties><Dbtr><Nm>DWP GB FP LP FUNDI</Nm></Dbtr><DbtrAcct><Id><PrtryAcct><Id>60708010028668</Id></PrtryAcct></Id></DbtrAcct><Cdtr><Nm>CHRISTOPHER BEARDALL</Nm></Cdtr><CdtrAcct><Id><PrtryAcct><Id>23008200437321</Id></PrtryAcct></Id></CdtrAcct><Prtry><Tp>JJ098397B DWP CSHR</Tp><Pty/></Prtry></RltdPties><RmtInf><Strd><AddtlRmtInf>JJ098397B DWP CSHR</AddtlRmtInf></Strd><Strd><AddtlRmtInf>DWP GB FP LP FUNDI//JJ098397B DWP CSHR</AddtlRmtInf></Strd></RmtInf><RltdDts><TxDtTm>2018-09-26T14:06:50</TxDtTm></RltdDts><AddtlTxInf>62140650257111000N1020180926826607080</AddtlTxInf></TxDtls><AddtlNtryInf>COMPLETE//0000//002//CREDIT</AddtlNtryInf></Ntry><Ntry><Amt Ccy="GBP">50.00</Amt><CdtDbtInd>CRDT</CdtDbtInd><Sts>BOOK</Sts><BookgDt><Dt>2018-09-26</Dt></BookgDt><BkTxCd><Prtry><Cd>SIP UKBA CR 40269</Cd></Prtry></BkTxCd><TxDtls><Refs><EndToEndId>NOREF</EndToEndId><TxId>400000000396842424</TxId></Refs><RltdPties><Dbtr><Nm>M Emiabata</Nm></Dbtr><DbtrAcct><Id><PrtryAcct><Id>30925976267568</Id></PrtryAcct></Id></DbtrAcct><Cdtr><Nm>FLIGHT SCANNER</Nm></Cdtr><CdtrAcct><Id><PrtryAcct><Id>23008200390950</Id></PrtryAcct></Id></CdtrAcct><Prtry><Tp>FLIGHT DEPOSIT</Tp><Pty/></Prtry></RltdPties><RmtInf><Strd><AddtlRmtInf>NO REF</AddtlRmtInf></Strd><Strd><AddtlRmtInf>M Emiabata//FLIGHT DEPOSIT</AddtlRmtInf></Strd></RmtInf><RltdDts><TxDtTm>2018-09-26T14:07:30</TxDtTm></RltdDts><AddtlTxInf>4000000003968424241020180926826309259</AddtlTxInf></TxDtls><AddtlNtryInf>COMPLETE//0000//002//CREDIT</AddtlNtryInf></Ntry><Ntry><Amt Ccy="GBP">4.00</Amt><CdtDbtInd>CRDT</CdtDbtInd><Sts>BOOK</Sts><BookgDt><Dt>2018-09-26</Dt></BookgDt><BkTxCd><Prtry><Cd>SIP UKBA CR 40269</Cd></Prtry></BkTxCd><TxDtls><Refs><EndToEndId>NOREF</EndToEndId><TxId>05141650812276000N</TxId><Prtry><Tp>STO REF</Tp><Ref>0000</Ref></Prtry></Refs><RltdPties><Dbtr><Nm>DWP GB FP LP FUNDI</Nm></Dbtr><DbtrAcct><Id><PrtryAcct><Id>60708010028668</Id></PrtryAcct></Id></DbtrAcct><Cdtr><Nm>CAMMAINE HILL</Nm></Cdtr><CdtrAcct><Id><PrtryAcct><Id>23008200236590</Id></PrtryAcct></Id></CdtrAcct><Prtry><Tp>JW684329B DWP ISCS</Tp><Pty/></Prtry></RltdPties><RmtInf><Strd><AddtlRmtInf>JW684329B DWP ISCS</AddtlRmtInf></Strd><Strd><AddtlRmtInf>DWP GB FP LP FUNDI//JW684329B DWP ISCS</AddtlRmtInf></Strd></RmtInf><RltdDts><TxDtTm>2018-09-26T14:16:51</TxDtTm></RltdDts><AddtlTxInf>05141650812276000N1020180926826607080</AddtlTxInf></TxDtls><AddtlNtryInf>COMPLETE//0000//002//CREDIT</AddtlNtryInf></Ntry><Ntry><Amt Ccy="GBP">240.00</Amt><CdtDbtInd>CRDT</CdtDbtInd><Sts>BOOK</Sts><BookgDt><Dt>2018-09-26</Dt></BookgDt><BkTxCd><Prtry><Cd>DCA UKBA CR 40269</Cd></Prtry></BkTxCd><TxDtls><Refs><EndToEndId>NOREF</EndToEndId><TxId>000000013671857601</TxId><Prtry><Tp>STO REF</Tp><Ref>0000</Ref></Prtry></Refs><RltdPties><Dbtr><Nm>23327201561444</Nm></Dbtr><DbtrAcct><Id><PrtryAcct><Id>20594263428524</Id></PrtryAcct></Id></DbtrAcct><Cdtr><Nm>PATRIK DEMETER</Nm></Cdtr><CdtrAcct><Id><PrtryAcct><Id>23008200412094</Id></PrtryAcct></Id></CdtrAcct><Prtry><Tp>5574220192463486</Tp><Pty/></Prtry></RltdPties><RmtInf><Strd><AddtlRmtInf>NO REF</AddtlRmtInf></Strd><Strd><AddtlRmtInf>23327201561444//5574220192463486</AddtlRmtInf></Strd></RmtInf><RltdDts><TxDtTm>2018-09-26T14:17:03</TxDtTm></RltdDts><AddtlTxInf>0000000136718576015020180926826205942</AddtlTxInf></TxDtls><AddtlNtryInf>COMPLETE//0000//002//CREDIT</AddtlNtryInf></Ntry><Ntry><Amt Ccy="GBP">3.00</Amt><CdtDbtInd>CRDT</CdtDbtInd><Sts>BOOK</Sts><BookgDt><Dt>2018-09-26</Dt></BookgDt><BkTxCd><Prtry><Cd>SIP UKBA CR 40269</Cd></Prtry></BkTxCd><TxDtls><Refs><EndToEndId>NOREF</EndToEndId><TxId>100000000390389098</TxId></Refs><RltdPties><Dbtr><Nm>D Lakatos</Nm></Dbtr><DbtrAcct><Id><PrtryAcct><Id>30987180276660</Id></PrtryAcct></Id></DbtrAcct><Cdtr><Nm>SAJAT</Nm></Cdtr><CdtrAcct><Id><PrtryAcct><Id>23008200463069</Id></PrtryAcct></Id></CdtrAcct><Prtry><Tp>PENZ</Tp><Pty/></Prtry></RltdPties><RmtInf><Strd><AddtlRmtInf>NO REF</AddtlRmtInf></Strd><Strd><AddtlRmtInf>D Lakatos//PENZ</AddtlRmtInf></Strd></RmtInf><RltdDts><TxDtTm>2018-09-26T14:17:51</TxDtTm></RltdDts><AddtlTxInf>1000000003903890981020180926826309871</AddtlTxInf></TxDtls><AddtlNtryInf>COMPLETE//0000//002//CREDIT</AddtlNtryInf></Ntry><Ntry><Amt Ccy="GBP">3640.00</Amt><CdtDbtInd>CRDT</CdtDbtInd><Sts>BOOK</Sts><BookgDt><Dt>2018-09-26</Dt></BookgDt><BkTxCd><Prtry><Cd>SIP UKBA CR 40269</Cd></Prtry></BkTxCd><TxDtls><Refs><EndToEndId>NOREF</EndToEndId><TxId>729649555241629001</TxId><Prtry><Tp>STO REF</Tp><Ref>0000</Ref></Prtry></Refs><RltdPties><Dbtr><Nm>ODELL L</Nm></Dbtr><DbtrAcct><Id><PrtryAcct><Id>40100071341820</Id></PrtryAcct></Id></DbtrAcct><Cdtr><Nm>Classic difference</Nm></Cdtr><CdtrAcct><Id><PrtryAcct><Id>23008200042452</Id></PrtryAcct></Id></CdtrAcct><Prtry><Tp>Event</Tp><Pty/></Prtry></RltdPties><RmtInf><Strd><AddtlRmtInf>NO REF</AddtlRmtInf></Strd><Strd><AddtlRmtInf>ODELL L//Event</AddtlRmtInf></Strd></RmtInf><RltdDts><TxDtTm>2018-09-26T14:25:56</TxDtTm></RltdDts><AddtlTxInf>7296495552416290011020180926826401000</AddtlTxInf></TxDtls><AddtlNtryInf>COMPLETE//0000//002//CREDIT</AddtlNtryInf></Ntry><Ntry><Amt Ccy="GBP">40.00</Amt><CdtDbtInd>CRDT</CdtDbtInd><Sts>BOOK</Sts><BookgDt><Dt>2018-09-26</Dt></BookgDt><BkTxCd><Prtry><Cd>SIP UKBA CR 40269</Cd></Prtry></BkTxCd><TxDtls><Refs><EndToEndId>NOREF</EndToEndId><TxId>500000000392049223</TxId></Refs><RltdPties><Dbtr><Nm>L Ainaah</Nm></Dbtr><DbtrAcct><Id><PrtryAcct><Id>11036001767794</Id></PrtryAcct></Id></DbtrAcct><Cdtr><Nm>LAWYER JOLAYEMI</Nm></Cdtr><CdtrAcct><Id><PrtryAcct><Id>23008200025823</Id></PrtryAcct></Id></CdtrAcct><Prtry><Tp>BOOMBOOM</Tp><Pty/></Prtry></RltdPties><RmtInf><Strd><AddtlRmtInf>NO REF</AddtlRmtInf></Strd><Strd><AddtlRmtInf>L Ainaah//BOOMBOOM</AddtlRmtInf></Strd></RmtInf><RltdDts><TxDtTm>2018-09-26T14:27:03</TxDtTm></RltdDts><AddtlTxInf>5000000003920492231020180926826110360</AddtlTxInf></TxDtls><AddtlNtryInf>COMPLETE//0000//002//CREDIT</AddtlNtryInf></Ntry></Ntfctn></BkToCstmrDbtCdtNtfctnV01></Document>