<?xml version="1.0" encoding="UTF-8"?><Document xmlns:xsi="http://www.w3.org/2001/XMLSchema-instance" xmlns="urn:iso:std:iso:20022:tech:xsd:camt.054.001.01"><BkToCstmrDbtCdtNtfctnV01><GrpHdr><MsgId>80309K//13286</MsgId><CreDtTm>2018-09-24T22:30:00</CreDtTm></GrpHdr><Ntfctn><Id>80309K//13286//1</Id><CreDtTm>2018-09-24T22:30:00</CreDtTm><Acct><Id><PrtryAcct><Id>20594233939774</Id></PrtryAcct></Id><Ccy>GBP</Ccy></Acct><TxsSummry><TtlNtries><NbOfNtries>3</NbOfNtries><Sum>1130.00</Sum></TtlNtries><TtlCdtNtries><NbOfNtries>3</NbOfNtries><Sum>1130.00</Sum></TtlCdtNtries><TtlDbtNtries><NbOfNtries>0</NbOfNtries><Sum>0.00</Sum></TtlDbtNtries></TxsSummry><Ntry><Amt Ccy="GBP">300.00</Amt><CdtDbtInd>CRDT</CdtDbtInd><Sts>BOOK</Sts><BookgDt><Dt>2018-09-25</Dt></BookgDt><BkTxCd><Prtry><Cd>SIP UKBA CR 40269</Cd></Prtry></BkTxCd><TxDtls><Refs><EndToEndId>NOREF</EndToEndId><TxId>500000000391515235</TxId></Refs><RltdPties><Dbtr><Nm>D Sutton</Nm></Dbtr><DbtrAcct><Id><PrtryAcct><Id>11600700013279</Id></PrtryAcct></Id></DbtrAcct><Cdtr><Nm>DANIEL SUTTON</Nm></Cdtr><CdtrAcct><Id><PrtryAcct><Id>23008200293386</Id></PrtryAcct></Id></CdtrAcct><Prtry><Tp>BUSINESS SERVICES</Tp><Pty/></Prtry></RltdPties><RmtInf><Strd><AddtlRmtInf>NO REF</AddtlRmtInf></Strd><Strd><AddtlRmtInf>D Sutton//BUSINESS SERVICES</AddtlRmtInf></Strd></RmtInf><RltdDts><TxDtTm>2018-09-24T22:01:36</TxDtTm></RltdDts><AddtlTxInf>5000000003915152351020180924826116007</AddtlTxInf></TxDtls><AddtlNtryInf>COMPLETE//0000//003//CREDIT</AddtlNtryInf></Ntry><Ntry><Amt Ccy="GBP">80.00</Amt><CdtDbtInd>CRDT</CdtDbtInd><Sts>BOOK</Sts><BookgDt><Dt>2018-09-25</Dt></BookgDt><BkTxCd><Prtry><Cd>SIP UKBA CR 40269</Cd></Prtry></BkTxCd><TxDtls><Refs><EndToEndId>00151793632BBFXPVF</EndToEndId><TxId>00151793632BBFXPVF</TxId></Refs><RltdPties><Dbtr><Nm>DEBORAH BAXTER</Nm></Dbtr><DbtrAcct><Id><PrtryAcct><Id>09012682219919</Id></PrtryAcct></Id></DbtrAcct><Cdtr><Nm>DEBORAH BAXTER</Nm></Cdtr><CdtrAcct><Id><PrtryAcct><Id>23008200197261</Id></PrtryAcct></Id></CdtrAcct><Prtry><Tp>holiday</Tp><Pty/></Prtry></RltdPties><RmtInf><Strd><AddtlRmtInf>NO REF</AddtlRmtInf></Strd><Strd><AddtlRmtInf>DEBORAH BAXTER//holiday</AddtlRmtInf></Strd></RmtInf><RltdDts><TxDtTm>2018-09-24T22:09:48</TxDtTm></RltdDts><AddtlTxInf>00151793632BBFXPVF1020180924826090126</AddtlTxInf></TxDtls><AddtlNtryInf>COMPLETE//0000//003//CREDIT</AddtlNtryInf></Ntry><Ntry><Amt Ccy="GBP">750.00</Amt><CdtDbtInd>CRDT</CdtDbtInd><Sts>BOOK</Sts><BookgDt><Dt>2018-09-25</Dt></BookgDt><BkTxCd><Prtry><Cd>SIP UKBA CR 40269</Cd></Prtry></BkTxCd><TxDtls><Refs><EndToEndId>00152242632BCYTNZF</EndToEndId><TxId>00152242632BCYTNZF</TxId></Refs><RltdPties><Dbtr><Nm>MUKESH MALL</Nm></Dbtr><DbtrAcct><Id><PrtryAcct><Id>09012894082620</Id></PrtryAcct></Id></DbtrAcct><Cdtr><Nm>KAM NEW DATA</Nm></Cdtr><CdtrAcct><Id><PrtryAcct><Id>23008200035727</Id></PrtryAcct></Id></CdtrAcct><Prtry><Tp>data</Tp><Pty/></Prtry></RltdPties><RmtInf><Strd><AddtlRmtInf>NO REF</AddtlRmtInf></Strd><Strd><AddtlRmtInf>MUKESH MALL//data</AddtlRmtInf></Strd></RmtInf><RltdDts><TxDtTm>2018-09-24T22:10:36</TxDtTm></RltdDts><AddtlTxInf>00152242632BCYTNZF1020180924826090128</AddtlTxInf></TxDtls><AddtlNtryInf>COMPLETE//0000//003//CREDIT</AddtlNtryInf></Ntry></Ntfctn></BkToCstmrDbtCdtNtfctnV01></Document>