<?xml version="1.0" encoding="UTF-8"?><Document xmlns:xsi="http://www.w3.org/2001/XMLSchema-instance" xmlns="urn:iso:std:iso:20022:tech:xsd:camt.054.001.01"><BkToCstmrDbtCdtNtfctnV01><GrpHdr><MsgId>80309K//13087</MsgId><CreDtTm>2018-09-20T07:00:00</CreDtTm></GrpHdr><Ntfctn><Id>80309K//13087//1</Id><CreDtTm>2018-09-20T07:00:00</CreDtTm><Acct><Id><PrtryAcct><Id>20594233939774</Id></PrtryAcct></Id><Ccy>GBP</Ccy></Acct><TxsSummry><TtlNtries><NbOfNtries>2</NbOfNtries><Sum>1059.45</Sum></TtlNtries><TtlCdtNtries><NbOfNtries>2</NbOfNtries><Sum>1059.45</Sum></TtlCdtNtries><TtlDbtNtries><NbOfNtries>0</NbOfNtries><Sum>0.00</Sum></TtlDbtNtries></TxsSummry><Ntry><Amt Ccy="GBP">29.45</Amt><CdtDbtInd>CRDT</CdtDbtInd><Sts>BOOK</Sts><BookgDt><Dt>2018-09-20</Dt></BookgDt><BkTxCd><Prtry><Cd>SIP UKBA CR 40269</Cd></Prtry></BkTxCd><TxDtls><Refs><EndToEndId>NOREF</EndToEndId><TxId>RP4659984903671900</TxId></Refs><RltdPties><Dbtr><Nm>NICHOLS D S</Nm></Dbtr><DbtrAcct><Id><PrtryAcct><Id>20565643584194</Id></PrtryAcct></Id></DbtrAcct><Cdtr><Nm>G BROWN</Nm></Cdtr><CdtrAcct><Id><PrtryAcct><Id>23008200350338</Id></PrtryAcct></Id></CdtrAcct><Prtry><Tp>WORK</Tp><Pty/></Prtry></RltdPties><RmtInf><Strd><AddtlRmtInf>NO REF</AddtlRmtInf></Strd><Strd><AddtlRmtInf>NICHOLS D S//WORK</AddtlRmtInf></Strd></RmtInf><RltdDts><TxDtTm>2018-09-20T06:47:10</TxDtTm></RltdDts><AddtlTxInf>RP46599849036719001020180920826200026</AddtlTxInf></TxDtls><AddtlNtryInf>COMPLETE//0000//003//CREDIT</AddtlNtryInf></Ntry><Ntry><Amt Ccy="GBP">1030.00</Amt><CdtDbtInd>CRDT</CdtDbtInd><Sts>BOOK</Sts><BookgDt><Dt>2018-09-20</Dt></BookgDt><BkTxCd><Prtry><Cd>SIP UKBA CR 40269</Cd></Prtry></BkTxCd><TxDtls><Refs><EndToEndId>NOREF</EndToEndId><TxId>RP4679961784344500</TxId></Refs><RltdPties><Dbtr><Nm>NWADIKE A J</Nm></Dbtr><DbtrAcct><Id><PrtryAcct><Id>20498163242110</Id></PrtryAcct></Id></DbtrAcct><Cdtr><Nm>CLASSIC DIFFERENCE</Nm></Cdtr><CdtrAcct><Id><PrtryAcct><Id>23008200042452</Id></PrtryAcct></Id></CdtrAcct><Prtry><Tp>BIRTHDAY</Tp><Pty/></Prtry></RltdPties><RmtInf><Strd><AddtlRmtInf>NO REF</AddtlRmtInf></Strd><Strd><AddtlRmtInf>NWADIKE A J//BIRTHDAY</AddtlRmtInf></Strd></RmtInf><RltdDts><TxDtTm>2018-09-20T06:47:26</TxDtTm></RltdDts><AddtlTxInf>RP46799617843445001020180920826200026</AddtlTxInf></TxDtls><AddtlNtryInf>COMPLETE//0000//003//CREDIT</AddtlNtryInf></Ntry></Ntfctn></BkToCstmrDbtCdtNtfctnV01></Document>