<?xml version="1.0" encoding="UTF-8"?><Document xmlns:xsi="http://www.w3.org/2001/XMLSchema-instance" xmlns="urn:iso:std:iso:20022:tech:xsd:camt.054.001.01"><BkToCstmrDbtCdtNtfctnV01><GrpHdr><MsgId>80309K//13449</MsgId><CreDtTm>2018-09-28T14:00:00</CreDtTm></GrpHdr><Ntfctn><Id>80309K//13449//1</Id><CreDtTm>2018-09-28T14:00:00</CreDtTm><Acct><Id><PrtryAcct><Id>20594233939774</Id></PrtryAcct></Id><Ccy>GBP</Ccy></Acct><TxsSummry><TtlNtries><NbOfNtries>10</NbOfNtries><Sum>2309.96</Sum></TtlNtries><TtlCdtNtries><NbOfNtries>10</NbOfNtries><Sum>2309.96</Sum></TtlCdtNtries><TtlDbtNtries><NbOfNtries>0</NbOfNtries><Sum>0.00</Sum></TtlDbtNtries></TxsSummry><Ntry><Amt Ccy="GBP">50.20</Amt><CdtDbtInd>CRDT</CdtDbtInd><Sts>BOOK</Sts><BookgDt><Dt>2018-09-28</Dt></BookgDt><BkTxCd><Prtry><Cd>SIP UKBA CR 40269</Cd></Prtry></BkTxCd><TxDtls><Refs><EndToEndId>NOREF</EndToEndId><TxId>RP4659985559625100</TxId></Refs><RltdPties><Dbtr><Nm>VICARS S</Nm></Dbtr><DbtrAcct><Id><PrtryAcct><Id>20508233147576</Id></PrtryAcct></Id></DbtrAcct><Cdtr><Nm>JESSICA VICARS</Nm></Cdtr><CdtrAcct><Id><PrtryAcct><Id>23008200424634</Id></PrtryAcct></Id></CdtrAcct><Prtry><Tp>J</Tp><Pty/></Prtry></RltdPties><RmtInf><Strd><AddtlRmtInf>NO REF</AddtlRmtInf></Strd><Strd><AddtlRmtInf>VICARS S//J</AddtlRmtInf></Strd></RmtInf><RltdDts><TxDtTm>2018-09-28T13:30:32</TxDtTm></RltdDts><AddtlTxInf>RP46599855596251001020180928826200026</AddtlTxInf></TxDtls><AddtlNtryInf>COMPLETE//0000//002//CREDIT</AddtlNtryInf></Ntry><Ntry><Amt Ccy="GBP">10.00</Amt><CdtDbtInd>CRDT</CdtDbtInd><Sts>BOOK</Sts><BookgDt><Dt>2018-09-28</Dt></BookgDt><BkTxCd><Prtry><Cd>SIP UKBA CR 40269</Cd></Prtry></BkTxCd><TxDtls><Refs><EndToEndId>PPWD00000000AQU6P6</EndToEndId><TxId>PPWD00000000AQU6P6</TxId></Refs><RltdPties><Dbtr><Nm>PayPal</Nm><PstlAdr><AdrLine>2211 N 1st Street San Jose CA 95131</AdrLine><Ctry/></PstlAdr></Dbtr><DbtrAcct><Id><PrtryAcct><Id>23526278959595</Id></PrtryAcct></Id></DbtrAcct><Cdtr><Nm>shaun rowley</Nm><PstlAdr><AdrLine>18 Chaucer Road</AdrLine><Ctry/></PstlAdr></Cdtr><CdtrAcct><Id><PrtryAcct><Id>23008200195443</Id></PrtryAcct></Id></CdtrAcct><Prtry><Tp>PPWDL5RP22ALFCZ25S</Tp><Pty/></Prtry></RltdPties><RmtInf><Strd><RfrdDocInf><RfrdDocTp><Prtry>002</Prtry></RfrdDocTp></RfrdDocInf><AddtlRmtInf>NO REF</AddtlRmtInf></Strd><Strd><AddtlRmtInf>PayPal//PPWDL5RP22ALFCZ25S</AddtlRmtInf></Strd></RmtInf><RltdDts><TxDtTm>2018-09-28T13:37:20</TxDtTm></RltdDts><AddtlTxInf>PPWD00000000AQU6P61020180928826235262</AddtlTxInf></TxDtls><AddtlNtryInf>COMPLETE//0000//002//CREDIT</AddtlNtryInf></Ntry><Ntry><Amt Ccy="GBP">22.00</Amt><CdtDbtInd>CRDT</CdtDbtInd><Sts>BOOK</Sts><BookgDt><Dt>2018-09-28</Dt></BookgDt><BkTxCd><Prtry><Cd>SIP UKBA CR 40269</Cd></Prtry></BkTxCd><TxDtls><Refs><EndToEndId>NOREF</EndToEndId><TxId>400000000397775610</TxId></Refs><RltdPties><Dbtr><Nm>R Young</Nm></Dbtr><DbtrAcct><Id><PrtryAcct><Id>30139526537968</Id></PrtryAcct></Id></DbtrAcct><Cdtr><Nm>MR R YOUNG</Nm></Cdtr><CdtrAcct><Id><PrtryAcct><Id>23008200021245</Id></PrtryAcct></Id></CdtrAcct><Prtry><Tp>ARRO</Tp><Pty/></Prtry></RltdPties><RmtInf><Strd><AddtlRmtInf>NO REF</AddtlRmtInf></Strd><Strd><AddtlRmtInf>R Young//ARRO</AddtlRmtInf></Strd></RmtInf><RltdDts><TxDtTm>2018-09-28T13:39:27</TxDtTm></RltdDts><AddtlTxInf>4000000003977756101020180928826301395</AddtlTxInf></TxDtls><AddtlNtryInf>COMPLETE//0000//002//CREDIT</AddtlNtryInf></Ntry><Ntry><Amt Ccy="GBP">15.01</Amt><CdtDbtInd>CRDT</CdtDbtInd><Sts>BOOK</Sts><BookgDt><Dt>2018-09-28</Dt></BookgDt><BkTxCd><Prtry><Cd>SIP UKBA CR 40269</Cd></Prtry></BkTxCd><TxDtls><Refs><EndToEndId>NOREF</EndToEndId><TxId>300000000396625522</TxId></Refs><RltdPties><Dbtr><Nm>J Quick</Nm></Dbtr><DbtrAcct><Id><PrtryAcct><Id>11060212085861</Id></PrtryAcct></Id></DbtrAcct><Cdtr><Nm>JAMIE ARRO</Nm></Cdtr><CdtrAcct><Id><PrtryAcct><Id>23008200165900</Id></PrtryAcct></Id></CdtrAcct><Prtry><Tp>MONEY</Tp><Pty/></Prtry></RltdPties><RmtInf><Strd><AddtlRmtInf>NO REF</AddtlRmtInf></Strd><Strd><AddtlRmtInf>J Quick//MONEY</AddtlRmtInf></Strd></RmtInf><RltdDts><TxDtTm>2018-09-28T13:40:30</TxDtTm></RltdDts><AddtlTxInf>3000000003966255221020180928826110602</AddtlTxInf></TxDtls><AddtlNtryInf>COMPLETE//0000//002//CREDIT</AddtlNtryInf></Ntry><Ntry><Amt Ccy="GBP">253.24</Amt><CdtDbtInd>CRDT</CdtDbtInd><Sts>BOOK</Sts><BookgDt><Dt>2018-09-28</Dt></BookgDt><BkTxCd><Prtry><Cd>SIP UKBA CR 40269</Cd></Prtry></BkTxCd><TxDtls><Refs><EndToEndId>PPWD00000000AQU7VW</EndToEndId><TxId>PPWD00000000AQU7VW</TxId></Refs><RltdPties><Dbtr><Nm>PayPal</Nm><PstlAdr><AdrLine>2211 N 1st Street San Jose CA 95131</AdrLine><Ctry/></PstlAdr></Dbtr><DbtrAcct><Id><PrtryAcct><Id>23526278959595</Id></PrtryAcct></Id></DbtrAcct><Cdtr><Nm>Roger Burton</Nm><PstlAdr><AdrLine>36 Dingwall Road</AdrLine><Ctry/></PstlAdr></Cdtr><CdtrAcct><Id><PrtryAcct><Id>23008200473204</Id></PrtryAcct></Id></CdtrAcct><Prtry><Tp>PPWDL5NHJ2ALFD4KAE</Tp><Pty/></Prtry></RltdPties><RmtInf><Strd><RfrdDocInf><RfrdDocTp><Prtry>002</Prtry></RfrdDocTp></RfrdDocInf><AddtlRmtInf>NO REF</AddtlRmtInf></Strd><Strd><AddtlRmtInf>PayPal//PPWDL5NHJ2ALFD4KAE</AddtlRmtInf></Strd></RmtInf><RltdDts><TxDtTm>2018-09-28T13:40:40</TxDtTm></RltdDts><AddtlTxInf>PPWD00000000AQU7VW1020180928826235262</AddtlTxInf></TxDtls><AddtlNtryInf>COMPLETE//0000//002//CREDIT</AddtlNtryInf></Ntry><Ntry><Amt Ccy="GBP">415.00</Amt><CdtDbtInd>CRDT</CdtDbtInd><Sts>BOOK</Sts><BookgDt><Dt>2018-09-28</Dt></BookgDt><BkTxCd><Prtry><Cd>SIP UKBA CR 40269</Cd></Prtry></BkTxCd><TxDtls><Refs><EndToEndId>NOREF</EndToEndId><TxId>39134544377563000R</TxId><Prtry><Tp>STO REF</Tp><Ref>0000</Ref></Prtry></Refs><RltdPties><Dbtr><Nm>JOSEPH  FASOGBON</Nm><PstlAdr><AdrLine>66 EYNSHAM DRIVE;</AdrLine><AdrLine>LONDON;</AdrLine><AdrLine>GREATER LO     SE2 9QZ</AdrLine><Ctry/></PstlAdr></Dbtr><DbtrAcct><Id><PrtryAcct><Id>16201511325175</Id></PrtryAcct></Id></DbtrAcct><Cdtr><Nm>JEDIDIAH LIMITED</Nm></Cdtr><CdtrAcct><Id><PrtryAcct><Id>23008200032558</Id></PrtryAcct></Id></CdtrAcct><Prtry><Tp>JOSEPH FASOGBON</Tp><Pty/></Prtry></RltdPties><RmtInf><Strd><AddtlRmtInf>JOSEPH FASOGBON</AddtlRmtInf></Strd><Strd><AddtlRmtInf>JOSEPH  FASOGBON//JOSEPH FASOGBON</AddtlRmtInf></Strd></RmtInf><RltdDts><TxDtTm>2018-09-28T13:45:44</TxDtTm></RltdDts><AddtlTxInf>39134544377563000R1020180928826162015</AddtlTxInf></TxDtls><AddtlNtryInf>COMPLETE//0000//002//CREDIT</AddtlNtryInf></Ntry><Ntry><Amt Ccy="GBP">1194.00</Amt><CdtDbtInd>CRDT</CdtDbtInd><Sts>BOOK</Sts><BookgDt><Dt>2018-09-28</Dt></BookgDt><BkTxCd><Prtry><Cd>SIP UKBA CR 40269</Cd></Prtry></BkTxCd><TxDtls><Refs><EndToEndId>NOREF</EndToEndId><TxId>19134807731669000N</TxId><Prtry><Tp>STO REF</Tp><Ref>0000</Ref></Prtry></Refs><RltdPties><Dbtr><Nm>CAR AUDIO &amp; SECU</Nm></Dbtr><DbtrAcct><Id><PrtryAcct><Id>60111880297889</Id></PrtryAcct></Id></DbtrAcct><Cdtr><Nm>RONAK SONEJI</Nm></Cdtr><CdtrAcct><Id><PrtryAcct><Id>23008200022416</Id></PrtryAcct></Id></CdtrAcct><Prtry><Tp>CARAUDIOSECURITY</Tp><Pty/></Prtry></RltdPties><RmtInf><Strd><AddtlRmtInf>CARAUDIOSECURITY</AddtlRmtInf></Strd><Strd><AddtlRmtInf>CAR AUDIO &amp; SECU//CARAUDIOSECURITY</AddtlRmtInf></Strd></RmtInf><RltdDts><TxDtTm>2018-09-28T13:48:08</TxDtTm></RltdDts><AddtlTxInf>19134807731669000N1020180928826601118</AddtlTxInf></TxDtls><AddtlNtryInf>COMPLETE//0000//002//CREDIT</AddtlNtryInf></Ntry><Ntry><Amt Ccy="GBP">250.00</Amt><CdtDbtInd>CRDT</CdtDbtInd><Sts>BOOK</Sts><BookgDt><Dt>2018-09-28</Dt></BookgDt><BkTxCd><Prtry><Cd>DCA UKBA CR 40269</Cd></Prtry></BkTxCd><TxDtls><Refs><EndToEndId>NOREF</EndToEndId><TxId>000000013697525201</TxId><Prtry><Tp>STO REF</Tp><Ref>5124</Ref></Prtry></Refs><RltdPties><Dbtr><Nm>I BADEA</Nm></Dbtr><DbtrAcct><Id><PrtryAcct><Id>20035373152596</Id></PrtryAcct></Id></DbtrAcct><Cdtr><Nm>ION BADEA</Nm></Cdtr><CdtrAcct><Id><PrtryAcct><Id>23008200365920</Id></PrtryAcct></Id></CdtrAcct><Prtry><Tp>ION BADEA</Tp><Pty/></Prtry></RltdPties><RmtInf><Strd><AddtlRmtInf>NO REF</AddtlRmtInf></Strd><Strd><AddtlRmtInf>I BADEA//ION BADEA</AddtlRmtInf></Strd></RmtInf><RltdDts><TxDtTm>2018-09-28T13:52:22</TxDtTm></RltdDts><AddtlTxInf>0000000136975252015020180928826200353</AddtlTxInf></TxDtls><AddtlNtryInf>COMPLETE//0000//002//CREDIT</AddtlNtryInf></Ntry><Ntry><Amt Ccy="GBP">0.51</Amt><CdtDbtInd>CRDT</CdtDbtInd><Sts>BOOK</Sts><BookgDt><Dt>2018-09-28</Dt></BookgDt><BkTxCd><Prtry><Cd>SIP UKBA CR 40269</Cd></Prtry></BkTxCd><TxDtls><Refs><EndToEndId>PPWD00000000AQUE0K</EndToEndId><TxId>PPWD00000000AQUE0K</TxId></Refs><RltdPties><Dbtr><Nm>PayPal</Nm><PstlAdr><AdrLine>2211 N 1st Street San Jose CA 95131</AdrLine><Ctry/></PstlAdr></Dbtr><DbtrAcct><Id><PrtryAcct><Id>23526278959595</Id></PrtryAcct></Id></DbtrAcct><Cdtr><Nm>Rene Keles</Nm><PstlAdr><AdrLine>20 Bradford Terrace</AdrLine><Ctry/></PstlAdr></Cdtr><CdtrAcct><Id><PrtryAcct><Id>23008200457944</Id></PrtryAcct></Id></CdtrAcct><Prtry><Tp>PPWDL4G422ALFDL4DN</Tp><Pty/></Prtry></RltdPties><RmtInf><Strd><RfrdDocInf><RfrdDocTp><Prtry>002</Prtry></RfrdDocTp></RfrdDocInf><AddtlRmtInf>NO REF</AddtlRmtInf></Strd><Strd><AddtlRmtInf>PayPal//PPWDL4G422ALFDL4DN</AddtlRmtInf></Strd></RmtInf><RltdDts><TxDtTm>2018-09-28T13:57:55</TxDtTm></RltdDts><AddtlTxInf>PPWD00000000AQUE0K1020180928826235262</AddtlTxInf></TxDtls><AddtlNtryInf>COMPLETE//0000//002//CREDIT</AddtlNtryInf></Ntry><Ntry><Amt Ccy="GBP">100.00</Amt><CdtDbtInd>CRDT</CdtDbtInd><Sts>BOOK</Sts><BookgDt><Dt>2018-09-28</Dt></BookgDt><BkTxCd><Prtry><Cd>SIP UKBA CR 40269</Cd></Prtry></BkTxCd><TxDtls><Refs><EndToEndId>NOREF</EndToEndId><TxId>RP4679962514720900</TxId></Refs><RltdPties><Dbtr><Nm>WHITE CHRISTOPHE</Nm></Dbtr><DbtrAcct><Id><PrtryAcct><Id>20709483520781</Id></PrtryAcct></Id></DbtrAcct><Cdtr><Nm>CHRISTOPHER WHITE</Nm></Cdtr><CdtrAcct><Id><PrtryAcct><Id>23008200292739</Id></PrtryAcct></Id></CdtrAcct><Prtry><Tp>MONEY</Tp><Pty/></Prtry></RltdPties><RmtInf><Strd><AddtlRmtInf>NO REF</AddtlRmtInf></Strd><Strd><AddtlRmtInf>WHITE CHRISTOPHE//MONEY</AddtlRmtInf></Strd></RmtInf><RltdDts><TxDtTm>2018-09-28T13:58:44</TxDtTm></RltdDts><AddtlTxInf>RP46799625147209001020180928826200026</AddtlTxInf></TxDtls><AddtlNtryInf>COMPLETE//0000//002//CREDIT</AddtlNtryInf></Ntry></Ntfctn></BkToCstmrDbtCdtNtfctnV01></Document>