<?xml version="1.0" encoding="UTF-8"?><Document xmlns:xsi="http://www.w3.org/2001/XMLSchema-instance" xmlns="urn:iso:std:iso:20022:tech:xsd:camt.054.001.01"><BkToCstmrDbtCdtNtfctnV01><GrpHdr><MsgId>80309K//13223</MsgId><CreDtTm>2018-09-23T12:00:00</CreDtTm></GrpHdr><Ntfctn><Id>80309K//13223//1</Id><CreDtTm>2018-09-23T12:00:00</CreDtTm><Acct><Id><PrtryAcct><Id>20594233939774</Id></PrtryAcct></Id><Ccy>GBP</Ccy></Acct><TxsSummry><TtlNtries><NbOfNtries>2</NbOfNtries><Sum>110.00</Sum></TtlNtries><TtlCdtNtries><NbOfNtries>2</NbOfNtries><Sum>110.00</Sum></TtlCdtNtries><TtlDbtNtries><NbOfNtries>0</NbOfNtries><Sum>0.00</Sum></TtlDbtNtries></TxsSummry><Ntry><Amt Ccy="GBP">10.00</Amt><CdtDbtInd>CRDT</CdtDbtInd><Sts>BOOK</Sts><BookgDt><Dt>2018-09-24</Dt></BookgDt><BkTxCd><Prtry><Cd>SIP UKBA CR 40269</Cd></Prtry></BkTxCd><TxDtls><Refs><EndToEndId>NOREF</EndToEndId><TxId>100000000389411762</TxId></Refs><RltdPties><Dbtr><Nm>L Williams</Nm></Dbtr><DbtrAcct><Id><PrtryAcct><Id>30939926191568</Id></PrtryAcct></Id></DbtrAcct><Cdtr><Nm>LEVI WILLIAMS</Nm></Cdtr><CdtrAcct><Id><PrtryAcct><Id>23008200117249</Id></PrtryAcct></Id></CdtrAcct></RltdPties><RmtInf><Strd><AddtlRmtInf>NO REF</AddtlRmtInf></Strd><Strd><AddtlRmtInf>L Williams//</AddtlRmtInf></Strd></RmtInf><RltdDts><TxDtTm>2018-09-23T11:44:16</TxDtTm></RltdDts><AddtlTxInf>1000000003894117621020180923826309399</AddtlTxInf></TxDtls><AddtlNtryInf>COMPLETE//0000//003//CREDIT</AddtlNtryInf></Ntry><Ntry><Amt Ccy="GBP">100.00</Amt><CdtDbtInd>CRDT</CdtDbtInd><Sts>BOOK</Sts><BookgDt><Dt>2018-09-24</Dt></BookgDt><BkTxCd><Prtry><Cd>SIP UKBA CR 40269</Cd></Prtry></BkTxCd><TxDtls><Refs><EndToEndId>NOREF</EndToEndId><TxId>500000000391070067</TxId></Refs><RltdPties><Dbtr><Nm>M Brennan</Nm></Dbtr><DbtrAcct><Id><PrtryAcct><Id>11645723220468</Id></PrtryAcct></Id></DbtrAcct><Cdtr><Nm>MARK BRENNAN</Nm></Cdtr><CdtrAcct><Id><PrtryAcct><Id>23008200403768</Id></PrtryAcct></Id></CdtrAcct></RltdPties><RmtInf><Strd><AddtlRmtInf>NO REF</AddtlRmtInf></Strd><Strd><AddtlRmtInf>M Brennan//</AddtlRmtInf></Strd></RmtInf><RltdDts><TxDtTm>2018-09-23T11:52:47</TxDtTm></RltdDts><AddtlTxInf>5000000003910700671020180923826116457</AddtlTxInf></TxDtls><AddtlNtryInf>COMPLETE//0000//003//CREDIT</AddtlNtryInf></Ntry></Ntfctn></BkToCstmrDbtCdtNtfctnV01></Document>