<?xml version="1.0" encoding="UTF-8"?><Document xmlns:xsi="http://www.w3.org/2001/XMLSchema-instance" xmlns="urn:iso:std:iso:20022:tech:xsd:camt.054.001.01"><BkToCstmrDbtCdtNtfctnV01><GrpHdr><MsgId>80309K//13389</MsgId><CreDtTm>2018-09-27T08:00:00</CreDtTm></GrpHdr><Ntfctn><Id>80309K//13389//1</Id><CreDtTm>2018-09-27T08:00:00</CreDtTm><Acct><Id><PrtryAcct><Id>20594233939774</Id></PrtryAcct></Id><Ccy>GBP</Ccy></Acct><TxsSummry><TtlNtries><NbOfNtries>4</NbOfNtries><Sum>218.49</Sum></TtlNtries><TtlCdtNtries><NbOfNtries>4</NbOfNtries><Sum>218.49</Sum></TtlCdtNtries><TtlDbtNtries><NbOfNtries>0</NbOfNtries><Sum>0.00</Sum></TtlDbtNtries></TxsSummry><Ntry><Amt Ccy="GBP">15.24</Amt><CdtDbtInd>CRDT</CdtDbtInd><Sts>BOOK</Sts><BookgDt><Dt>2018-09-27</Dt></BookgDt><BkTxCd><Prtry><Cd>SIP UKBA CR 40269</Cd></Prtry></BkTxCd><TxDtls><Refs><EndToEndId>00153425632BWGJTVV</EndToEndId><TxId>00153425632BWGJTVV</TxId></Refs><RltdPties><Dbtr><Nm>JOHN CROMPTON</Nm></Dbtr><DbtrAcct><Id><PrtryAcct><Id>09012893990988</Id></PrtryAcct></Id></DbtrAcct><Cdtr><Nm>J CROM ARRO</Nm></Cdtr><CdtrAcct><Id><PrtryAcct><Id>23008200431266</Id></PrtryAcct></Id></CdtrAcct><Prtry><Tp>arroaccount</Tp><Pty/></Prtry></RltdPties><RmtInf><Strd><AddtlRmtInf>NO REF</AddtlRmtInf></Strd><Strd><AddtlRmtInf>JOHN CROMPTON//arroaccount</AddtlRmtInf></Strd></RmtInf><RltdDts><TxDtTm>2018-09-27T07:33:46</TxDtTm></RltdDts><AddtlTxInf>00153425632BWGJTVV1020180927826090128</AddtlTxInf></TxDtls><AddtlNtryInf>COMPLETE//0000//001//CREDIT</AddtlNtryInf></Ntry><Ntry><Amt Ccy="GBP">80.00</Amt><CdtDbtInd>CRDT</CdtDbtInd><Sts>BOOK</Sts><BookgDt><Dt>2018-09-27</Dt></BookgDt><BkTxCd><Prtry><Cd>SIP UKBA CR 40269</Cd></Prtry></BkTxCd><TxDtls><Refs><EndToEndId>5000000677zPOBA4BUK</EndToEndId><TxId>DF0000006456982900</TxId></Refs><RltdPties><Dbtr><Nm>Cassava Enterprises (Gibraltar) Ltd</Nm><PstlAdr><AdrLine>57/63 Line Wall RdGibraltarGX11 1AA</AdrLine><Ctry/></PstlAdr></Dbtr><DbtrAcct><Id><PrtryAcct><Id>20364763140148</Id></PrtryAcct></Id></DbtrAcct><Cdtr><Nm>Rachel Levin</Nm></Cdtr><CdtrAcct><Id><PrtryAcct><Id>23008200075984</Id></PrtryAcct></Id></CdtrAcct><Prtry><Tp>/PAYER ACC/POBA4BU</Tp><Pty/></Prtry></RltdPties><RmtInf><Strd><AddtlRmtInf>/PAYER ACC/POBA4BUK/-38596932</AddtlRmtInf></Strd><Strd><AddtlRmtInf>Cassava Enterprise///PAYER ACC/POBA4BU</AddtlRmtInf></Strd></RmtInf><RltdDts><TxDtTm>2018-09-27T07:47:33</TxDtTm></RltdDts><AddtlTxInf>DF00000064569829001020180927826200000</AddtlTxInf></TxDtls><AddtlNtryInf>COMPLETE//0000//001//CREDIT</AddtlNtryInf></Ntry><Ntry><Amt Ccy="GBP">98.25</Amt><CdtDbtInd>CRDT</CdtDbtInd><Sts>BOOK</Sts><BookgDt><Dt>2018-09-27</Dt></BookgDt><BkTxCd><Prtry><Cd>SIP UKBA CR 40269</Cd></Prtry></BkTxCd><TxDtls><Refs><EndToEndId>5000000677zPOBA368S</EndToEndId><TxId>DF0000006456909600</TxId></Refs><RltdPties><Dbtr><Nm>LeoVegas Gaming Ltd</Nm><PstlAdr><AdrLine>Level 7, The Plaza Business CentreS</AdrLine><AdrLine>liemaSLM 1640</AdrLine><Ctry/></PstlAdr></Dbtr><DbtrAcct><Id><PrtryAcct><Id>20364763140148</Id></PrtryAcct></Id></DbtrAcct><Cdtr><Nm>Mr Shaun Rowley</Nm></Cdtr><CdtrAcct><Id><PrtryAcct><Id>23008200195443</Id></PrtryAcct></Id></CdtrAcct><Prtry><Tp>/PAYER ACC/POBA368</Tp><Pty/></Prtry></RltdPties><RmtInf><Strd><AddtlRmtInf>/PAYER ACC/POBA368S/A83062D59F9875F1C9941157495220C4-A83062D59F9875F1C9941157495220C4</AddtlRmtInf></Strd><Strd><AddtlRmtInf>LeoVegas Gaming Lt///PAYER ACC/POBA368</AddtlRmtInf></Strd></RmtInf><RltdDts><TxDtTm>2018-09-27T07:47:43</TxDtTm></RltdDts><AddtlTxInf>DF00000064569096001020180927826200000</AddtlTxInf></TxDtls><AddtlNtryInf>COMPLETE//0000//001//CREDIT</AddtlNtryInf></Ntry><Ntry><Amt Ccy="GBP">25.00</Amt><CdtDbtInd>CRDT</CdtDbtInd><Sts>BOOK</Sts><BookgDt><Dt>2018-09-27</Dt></BookgDt><BkTxCd><Prtry><Cd>SIP UKBA CR 40269</Cd></Prtry></BkTxCd><TxDtls><Refs><EndToEndId>NOREF</EndToEndId><TxId>RP4679962343503500</TxId></Refs><RltdPties><Dbtr><Nm>KREMINSKA O</Nm></Dbtr><DbtrAcct><Id><PrtryAcct><Id>20259573780473</Id></PrtryAcct></Id></DbtrAcct><Cdtr><Nm>A BOLSAKOVS</Nm></Cdtr><CdtrAcct><Id><PrtryAcct><Id>23008200063262</Id></PrtryAcct></Id></CdtrAcct><Prtry><Tp>DEBT</Tp><Pty/></Prtry></RltdPties><RmtInf><Strd><AddtlRmtInf>NO REF</AddtlRmtInf></Strd><Strd><AddtlRmtInf>KREMINSKA O//DEBT</AddtlRmtInf></Strd></RmtInf><RltdDts><TxDtTm>2018-09-27T07:47:47</TxDtTm></RltdDts><AddtlTxInf>RP46799623435035001020180927826200026</AddtlTxInf></TxDtls><AddtlNtryInf>COMPLETE//0000//001//CREDIT</AddtlNtryInf></Ntry></Ntfctn></BkToCstmrDbtCdtNtfctnV01></Document>