<?xml version="1.0" encoding="UTF-8"?><Document xmlns:xsi="http://www.w3.org/2001/XMLSchema-instance" xmlns="urn:iso:std:iso:20022:tech:xsd:camt.054.001.01"><BkToCstmrDbtCdtNtfctnV01><GrpHdr><MsgId>80309K//12259</MsgId><CreDtTm>2018-09-01T01:30:00</CreDtTm></GrpHdr><Ntfctn><Id>80309K//12259//1</Id><CreDtTm>2018-09-01T01:30:00</CreDtTm><Acct><Id><PrtryAcct><Id>20594233939774</Id></PrtryAcct></Id><Ccy>GBP</Ccy></Acct><TxsSummry><TtlNtries><NbOfNtries>8</NbOfNtries><Sum>607.00</Sum></TtlNtries><TtlCdtNtries><NbOfNtries>8</NbOfNtries><Sum>607.00</Sum></TtlCdtNtries><TtlDbtNtries><NbOfNtries>0</NbOfNtries><Sum>0.00</Sum></TtlDbtNtries></TxsSummry><Ntry><Amt Ccy="GBP">400.00</Amt><CdtDbtInd>CRDT</CdtDbtInd><Sts>BOOK</Sts><BookgDt><Dt>2018-09-03</Dt></BookgDt><BkTxCd><Prtry><Cd>SIP UKBA CR 40269</Cd></Prtry></BkTxCd><TxDtls><Refs><EndToEndId>NOREF</EndToEndId><TxId>200000000382895825</TxId></Refs><RltdPties><Dbtr><Nm>C Dube</Nm></Dbtr><DbtrAcct><Id><PrtryAcct><Id>11074112644065</Id></PrtryAcct></Id></DbtrAcct><Cdtr><Nm>SAMUEL LIVE IN</Nm></Cdtr><CdtrAcct><Id><PrtryAcct><Id>23008200155461</Id></PrtryAcct></Id></CdtrAcct><Prtry><Tp>RELIEF</Tp><Pty/></Prtry></RltdPties><RmtInf><Strd><AddtlRmtInf>NO REF</AddtlRmtInf></Strd><Strd><AddtlRmtInf>C Dube//RELIEF</AddtlRmtInf></Strd></RmtInf><RltdDts><TxDtTm>2018-09-01T01:00:17</TxDtTm></RltdDts><AddtlTxInf>2000000003828958251020180901826110741</AddtlTxInf></TxDtls><AddtlNtryInf>COMPLETE//0000//003//CREDIT</AddtlNtryInf></Ntry><Ntry><Amt Ccy="GBP">3.00</Amt><CdtDbtInd>CRDT</CdtDbtInd><Sts>BOOK</Sts><BookgDt><Dt>2018-09-03</Dt></BookgDt><BkTxCd><Prtry><Cd>SIP UKBA CR 40269</Cd></Prtry></BkTxCd><TxDtls><Refs><EndToEndId>NOREF</EndToEndId><TxId>400000000389362346</TxId></Refs><RltdPties><Dbtr><Nm>J Quick</Nm></Dbtr><DbtrAcct><Id><PrtryAcct><Id>11060212085861</Id></PrtryAcct></Id></DbtrAcct><Cdtr><Nm>JAMIE ARRO</Nm></Cdtr><CdtrAcct><Id><PrtryAcct><Id>23008200165900</Id></PrtryAcct></Id></CdtrAcct><Prtry><Tp>MONEY</Tp><Pty/></Prtry></RltdPties><RmtInf><Strd><AddtlRmtInf>NO REF</AddtlRmtInf></Strd><Strd><AddtlRmtInf>J Quick//MONEY</AddtlRmtInf></Strd></RmtInf><RltdDts><TxDtTm>2018-09-01T01:00:45</TxDtTm></RltdDts><AddtlTxInf>4000000003893623461020180901826110602</AddtlTxInf></TxDtls><AddtlNtryInf>COMPLETE//0000//003//CREDIT</AddtlNtryInf></Ntry><Ntry><Amt Ccy="GBP">75.00</Amt><CdtDbtInd>CRDT</CdtDbtInd><Sts>BOOK</Sts><BookgDt><Dt>2018-09-03</Dt></BookgDt><BkTxCd><Prtry><Cd>SIP UKBA CR 40269</Cd></Prtry></BkTxCd><TxDtls><Refs><EndToEndId>NOREF</EndToEndId><TxId>FP18244O07803063</TxId></Refs><RltdPties><Dbtr><Nm>Thomas Katie</Nm></Dbtr><DbtrAcct><Id><PrtryAcct><Id>07043605597179</Id></PrtryAcct></Id></DbtrAcct><Cdtr><Nm>MRS ANN WARD</Nm></Cdtr><CdtrAcct><Id><PrtryAcct><Id>23008200337721</Id></PrtryAcct></Id></CdtrAcct></RltdPties><RmtInf><Strd><AddtlRmtInf>NO REF</AddtlRmtInf></Strd><Strd><AddtlRmtInf>Thomas Katie//</AddtlRmtInf></Strd></RmtInf><RltdDts><TxDtTm>2018-09-01T01:12:51</TxDtTm></RltdDts><AddtlTxInf>FP18244O07803063  1020180901826070436</AddtlTxInf></TxDtls><AddtlNtryInf>COMPLETE//0000//003//CREDIT</AddtlNtryInf></Ntry><Ntry><Amt Ccy="GBP">3.00</Amt><CdtDbtInd>CRDT</CdtDbtInd><Sts>BOOK</Sts><BookgDt><Dt>2018-09-03</Dt></BookgDt><BkTxCd><Prtry><Cd>SIP UKBA CR 40269</Cd></Prtry></BkTxCd><TxDtls><Refs><EndToEndId>NOREF</EndToEndId><TxId>500000000384564529</TxId></Refs><RltdPties><Dbtr><Nm>C Bray</Nm></Dbtr><DbtrAcct><Id><PrtryAcct><Id>77121231115060</Id></PrtryAcct></Id></DbtrAcct><Cdtr><Nm>SEXY</Nm></Cdtr><CdtrAcct><Id><PrtryAcct><Id>23008200195387</Id></PrtryAcct></Id></CdtrAcct><Prtry><Tp>LOVE YOU</Tp><Pty/></Prtry></RltdPties><RmtInf><Strd><AddtlRmtInf>NO REF</AddtlRmtInf></Strd><Strd><AddtlRmtInf>C Bray//LOVE YOU</AddtlRmtInf></Strd></RmtInf><RltdDts><TxDtTm>2018-09-01T01:14:01</TxDtTm></RltdDts><AddtlTxInf>5000000003845645291020180901826771212</AddtlTxInf></TxDtls><AddtlNtryInf>COMPLETE//0000//003//CREDIT</AddtlNtryInf></Ntry><Ntry><Amt Ccy="GBP">50.00</Amt><CdtDbtInd>CRDT</CdtDbtInd><Sts>BOOK</Sts><BookgDt><Dt>2018-09-03</Dt></BookgDt><BkTxCd><Prtry><Cd>SIP UKBA CR 40269</Cd></Prtry></BkTxCd><TxDtls><Refs><EndToEndId>NOREF</EndToEndId><TxId>FP18244O07804428</TxId></Refs><RltdPties><Dbtr><Nm>Krajewski Andrzaj</Nm></Dbtr><DbtrAcct><Id><PrtryAcct><Id>07024605664201</Id></PrtryAcct></Id></DbtrAcct><Cdtr><Nm>ANDRZEJ KRAJEWSKI</Nm></Cdtr><CdtrAcct><Id><PrtryAcct><Id>23008200202530</Id></PrtryAcct></Id></CdtrAcct><Prtry><Tp>5574220114763187</Tp><Pty/></Prtry></RltdPties><RmtInf><Strd><AddtlRmtInf>NO REF</AddtlRmtInf></Strd><Strd><AddtlRmtInf>Krajewski Andrzaj//5574220114763187</AddtlRmtInf></Strd></RmtInf><RltdDts><TxDtTm>2018-09-01T01:19:58</TxDtTm></RltdDts><AddtlTxInf>FP18244O07804428  1020180901826070246</AddtlTxInf></TxDtls><AddtlNtryInf>COMPLETE//0000//003//CREDIT</AddtlNtryInf></Ntry><Ntry><Amt Ccy="GBP">70.00</Amt><CdtDbtInd>CRDT</CdtDbtInd><Sts>BOOK</Sts><BookgDt><Dt>2018-09-03</Dt></BookgDt><BkTxCd><Prtry><Cd>SIP UKBA CR 40269</Cd></Prtry></BkTxCd><TxDtls><Refs><EndToEndId>NOREF</EndToEndId><TxId>RP4679960297489100</TxId></Refs><RltdPties><Dbtr><Nm>NOTTY G K</Nm></Dbtr><DbtrAcct><Id><PrtryAcct><Id>20449130740470</Id></PrtryAcct></Id></DbtrAcct><Cdtr><Nm>GURPREET LAGAH</Nm></Cdtr><CdtrAcct><Id><PrtryAcct><Id>23008200293008</Id></PrtryAcct></Id></CdtrAcct><Prtry><Tp>ARRO CARD</Tp><Pty/></Prtry></RltdPties><RmtInf><Strd><AddtlRmtInf>NO REF</AddtlRmtInf></Strd><Strd><AddtlRmtInf>NOTTY G K//ARRO CARD</AddtlRmtInf></Strd></RmtInf><RltdDts><TxDtTm>2018-09-01T01:21:31</TxDtTm></RltdDts><AddtlTxInf>RP46799602974891001020180901826200026</AddtlTxInf></TxDtls><AddtlNtryInf>COMPLETE//0000//003//CREDIT</AddtlNtryInf></Ntry><Ntry><Amt Ccy="GBP">5.00</Amt><CdtDbtInd>CRDT</CdtDbtInd><Sts>BOOK</Sts><BookgDt><Dt>2018-09-03</Dt></BookgDt><BkTxCd><Prtry><Cd>SIP UKBA CR 40269</Cd></Prtry></BkTxCd><TxDtls><Refs><EndToEndId>STARLING-YZ5LP2LMZZO9N7OE80</EndToEndId><TxId>YZ5LP2LMZZO9N7OE80</TxId></Refs><RltdPties><Dbtr><Nm>Alpeshkumar Barevadiya</Nm></Dbtr><DbtrAcct><Id><PrtryAcct><Id>60837131316336</Id></PrtryAcct></Id></DbtrAcct><Cdtr><Nm>My Wife</Nm></Cdtr><CdtrAcct><Id><PrtryAcct><Id>23008200328313</Id></PrtryAcct></Id></CdtrAcct><Prtry><Tp>my wife</Tp><Pty/></Prtry></RltdPties><RmtInf><Strd><AddtlRmtInf>NO REF</AddtlRmtInf></Strd><Strd><AddtlRmtInf>Alpeshkumar Bareva//my wife</AddtlRmtInf></Strd></RmtInf><RltdDts><TxDtTm>2018-09-01T01:24:10</TxDtTm></RltdDts><AddtlTxInf>YZ5LP2LMZZO9N7OE801020180901826608371</AddtlTxInf></TxDtls><AddtlNtryInf>COMPLETE//0000//003//CREDIT</AddtlNtryInf></Ntry><Ntry><Amt Ccy="GBP">1.00</Amt><CdtDbtInd>CRDT</CdtDbtInd><Sts>BOOK</Sts><BookgDt><Dt>2018-09-03</Dt></BookgDt><BkTxCd><Prtry><Cd>SIP UKBA CR 40269</Cd></Prtry></BkTxCd><TxDtls><Refs><EndToEndId>NOREF</EndToEndId><TxId>YBBPI0125282013835</TxId></Refs><RltdPties><Dbtr><Nm>MATTHEW WOOD</Nm></Dbtr><DbtrAcct><Id><PrtryAcct><Id>05023049310577</Id></PrtryAcct></Id></DbtrAcct><Cdtr><Nm>o</Nm></Cdtr><CdtrAcct><Id><PrtryAcct><Id>23008200415583</Id></PrtryAcct></Id></CdtrAcct><Prtry><Tp>o</Tp><Pty/></Prtry></RltdPties><RmtInf><Strd><RfrdDocInf><RfrdDocTp><Prtry>002</Prtry></RfrdDocTp></RfrdDocInf><AddtlRmtInf>NO REF</AddtlRmtInf></Strd><Strd><AddtlRmtInf>MATTHEW WOOD//o</AddtlRmtInf></Strd></RmtInf><RltdDts><TxDtTm>2018-09-01T01:25:29</TxDtTm></RltdDts><AddtlTxInf>YBBPI01252820138351020180901826050230</AddtlTxInf></TxDtls><AddtlNtryInf>COMPLETE//0000//003//CREDIT</AddtlNtryInf></Ntry></Ntfctn></BkToCstmrDbtCdtNtfctnV01></Document>