<?xml version="1.0" encoding="UTF-8"?><Document xmlns:xsi="http://www.w3.org/2001/XMLSchema-instance" xmlns="urn:iso:std:iso:20022:tech:xsd:camt.054.001.01"><BkToCstmrDbtCdtNtfctnV01><GrpHdr><MsgId>80309K//13414</MsgId><CreDtTm>2018-09-27T20:30:00</CreDtTm></GrpHdr><Ntfctn><Id>80309K//13414//1</Id><CreDtTm>2018-09-27T20:30:00</CreDtTm><Acct><Id><PrtryAcct><Id>20594233939774</Id></PrtryAcct></Id><Ccy>GBP</Ccy></Acct><TxsSummry><TtlNtries><NbOfNtries>10</NbOfNtries><Sum>6649.12</Sum></TtlNtries><TtlCdtNtries><NbOfNtries>10</NbOfNtries><Sum>6649.12</Sum></TtlCdtNtries><TtlDbtNtries><NbOfNtries>0</NbOfNtries><Sum>0.00</Sum></TtlDbtNtries></TxsSummry><Ntry><Amt Ccy="GBP">0.01</Amt><CdtDbtInd>CRDT</CdtDbtInd><Sts>BOOK</Sts><BookgDt><Dt>2018-09-28</Dt></BookgDt><BkTxCd><Prtry><Cd>SIP UKBA CR 40269</Cd></Prtry></BkTxCd><TxDtls><Refs><EndToEndId>PPRD00000000AQNXFY</EndToEndId><TxId>PPRD00000000AQNXFY</TxId></Refs><RltdPties><Dbtr><Nm>PAYPAL CODE 4054</Nm><PstlAdr><AdrLine>2211 N 1st Street San Jose CA 95131</AdrLine><Ctry/></PstlAdr></Dbtr><DbtrAcct><Id><PrtryAcct><Id>23526285010101</Id></PrtryAcct></Id></DbtrAcct><Cdtr><Nm>James  Allum</Nm><PstlAdr><AdrLine>Allumjamess55@gmail.com</AdrLine><Ctry/></PstlAdr></Cdtr><CdtrAcct><Id><PrtryAcct><Id>23008200449506</Id></PrtryAcct></Id></CdtrAcct><Prtry><Tp>PAYPAL CODE 4054</Tp><Pty/></Prtry></RltdPties><RmtInf><Strd><RfrdDocInf><RfrdDocTp><Prtry>002</Prtry></RfrdDocTp></RfrdDocInf><AddtlRmtInf>NO REF</AddtlRmtInf></Strd><Strd><AddtlRmtInf>PAYPAL CODE 4054//PAYPAL CODE 4054</AddtlRmtInf></Strd></RmtInf><RltdDts><TxDtTm>2018-09-27T20:00:38</TxDtTm></RltdDts><AddtlTxInf>PPRD00000000AQNXFY1020180927826235262</AddtlTxInf></TxDtls><AddtlNtryInf>COMPLETE//0000//003//CREDIT</AddtlNtryInf></Ntry><Ntry><Amt Ccy="GBP">4.00</Amt><CdtDbtInd>CRDT</CdtDbtInd><Sts>BOOK</Sts><BookgDt><Dt>2018-09-28</Dt></BookgDt><BkTxCd><Prtry><Cd>SIP UKBA CR 40269</Cd></Prtry></BkTxCd><TxDtls><Refs><EndToEndId>NOREF</EndToEndId><TxId>FP18270O10261271</TxId></Refs><RltdPties><Dbtr><Nm>Jones Jack</Nm></Dbtr><DbtrAcct><Id><PrtryAcct><Id>07043600502757</Id></PrtryAcct></Id></DbtrAcct><Cdtr><Nm>MR JACK JONES</Nm></Cdtr><CdtrAcct><Id><PrtryAcct><Id>23008200121205</Id></PrtryAcct></Id></CdtrAcct><Prtry><Tp>ARRO SAVINGS</Tp><Pty/></Prtry></RltdPties><RmtInf><Strd><AddtlRmtInf>NO REF</AddtlRmtInf></Strd><Strd><AddtlRmtInf>Jones Jack//ARRO SAVINGS</AddtlRmtInf></Strd></RmtInf><RltdDts><TxDtTm>2018-09-27T20:02:44</TxDtTm></RltdDts><AddtlTxInf>FP18270O10261271  1020180927826070436</AddtlTxInf></TxDtls><AddtlNtryInf>COMPLETE//0000//003//CREDIT</AddtlNtryInf></Ntry><Ntry><Amt Ccy="GBP">31.00</Amt><CdtDbtInd>CRDT</CdtDbtInd><Sts>BOOK</Sts><BookgDt><Dt>2018-09-28</Dt></BookgDt><BkTxCd><Prtry><Cd>SIP UKBA CR 40269</Cd></Prtry></BkTxCd><TxDtls><Refs><EndToEndId>PPWD00000000AQNZSW</EndToEndId><TxId>PPWD00000000AQNZSW</TxId></Refs><RltdPties><Dbtr><Nm>PayPal</Nm><PstlAdr><AdrLine>2211 N 1st Street San Jose CA 95131</AdrLine><Ctry/></PstlAdr></Dbtr><DbtrAcct><Id><PrtryAcct><Id>23526278959595</Id></PrtryAcct></Id></DbtrAcct><Cdtr><Nm>Daria  Klapucka</Nm><PstlAdr><AdrLine>16, The Martyrs Close</AdrLine><Ctry/></PstlAdr></Cdtr><CdtrAcct><Id><PrtryAcct><Id>23008200449466</Id></PrtryAcct></Id></CdtrAcct><Prtry><Tp>PPWDL56BJ2ALEMYP3W</Tp><Pty/></Prtry></RltdPties><RmtInf><Strd><RfrdDocInf><RfrdDocTp><Prtry>002</Prtry></RfrdDocTp></RfrdDocInf><AddtlRmtInf>NO REF</AddtlRmtInf></Strd><Strd><AddtlRmtInf>PayPal//PPWDL56BJ2ALEMYP3W</AddtlRmtInf></Strd></RmtInf><RltdDts><TxDtTm>2018-09-27T20:08:12</TxDtTm></RltdDts><AddtlTxInf>PPWD00000000AQNZSW1020180927826235262</AddtlTxInf></TxDtls><AddtlNtryInf>COMPLETE//0000//003//CREDIT</AddtlNtryInf></Ntry><Ntry><Amt Ccy="GBP">0.01</Amt><CdtDbtInd>CRDT</CdtDbtInd><Sts>BOOK</Sts><BookgDt><Dt>2018-09-28</Dt></BookgDt><BkTxCd><Prtry><Cd>SIP UKBA CR 40269</Cd></Prtry></BkTxCd><TxDtls><Refs><EndToEndId>PPRD00000000AQO03M</EndToEndId><TxId>PPRD00000000AQO03M</TxId></Refs><RltdPties><Dbtr><Nm>PAYPAL CODE 3417</Nm><PstlAdr><AdrLine>2211 N 1st Street San Jose CA 95131</AdrLine><Ctry/></PstlAdr></Dbtr><DbtrAcct><Id><PrtryAcct><Id>23526285010101</Id></PrtryAcct></Id></DbtrAcct><Cdtr><Nm>Leo Taylor</Nm><PstlAdr><AdrLine>1 blantyre mill road</AdrLine><Ctry/></PstlAdr></Cdtr><CdtrAcct><Id><PrtryAcct><Id>23008200383101</Id></PrtryAcct></Id></CdtrAcct><Prtry><Tp>PAYPAL CODE 3417</Tp><Pty/></Prtry></RltdPties><RmtInf><Strd><RfrdDocInf><RfrdDocTp><Prtry>002</Prtry></RfrdDocTp></RfrdDocInf><AddtlRmtInf>NO REF</AddtlRmtInf></Strd><Strd><AddtlRmtInf>PAYPAL CODE 3417//PAYPAL CODE 3417</AddtlRmtInf></Strd></RmtInf><RltdDts><TxDtTm>2018-09-27T20:09:05</TxDtTm></RltdDts><AddtlTxInf>PPRD00000000AQO03M1020180927826235262</AddtlTxInf></TxDtls><AddtlNtryInf>COMPLETE//0000//003//CREDIT</AddtlNtryInf></Ntry><Ntry><Amt Ccy="GBP">40.00</Amt><CdtDbtInd>CRDT</CdtDbtInd><Sts>BOOK</Sts><BookgDt><Dt>2018-09-28</Dt></BookgDt><BkTxCd><Prtry><Cd>SIP UKBA CR 40269</Cd></Prtry></BkTxCd><TxDtls><Refs><EndToEndId>NOREF</EndToEndId><TxId>RP4679962413506800</TxId></Refs><RltdPties><Dbtr><Nm>WARD K L</Nm></Dbtr><DbtrAcct><Id><PrtryAcct><Id>20114343311457</Id></PrtryAcct></Id></DbtrAcct><Cdtr><Nm>MR RORY JOHNSON</Nm></Cdtr><CdtrAcct><Id><PrtryAcct><Id>23008200349763</Id></PrtryAcct></Id></CdtrAcct><Prtry><Tp>RORY NEW</Tp><Pty/></Prtry></RltdPties><RmtInf><Strd><AddtlRmtInf>NO REF</AddtlRmtInf></Strd><Strd><AddtlRmtInf>WARD K L//RORY NEW</AddtlRmtInf></Strd></RmtInf><RltdDts><TxDtTm>2018-09-27T20:12:01</TxDtTm></RltdDts><AddtlTxInf>RP46799624135068001020180927826200026</AddtlTxInf></TxDtls><AddtlNtryInf>COMPLETE//0000//003//CREDIT</AddtlNtryInf></Ntry><Ntry><Amt Ccy="GBP">2764.54</Amt><CdtDbtInd>CRDT</CdtDbtInd><Sts>BOOK</Sts><BookgDt><Dt>2018-09-28</Dt></BookgDt><BkTxCd><Prtry><Cd>SIP UKBA CR 40269</Cd></Prtry></BkTxCd><TxDtls><Refs><EndToEndId>NOREF</EndToEndId><TxId>FP18270O10273110</TxId></Refs><RltdPties><Dbtr><Nm>Shapland Nicholas</Nm></Dbtr><DbtrAcct><Id><PrtryAcct><Id>07011633425059</Id></PrtryAcct></Id></DbtrAcct><Cdtr><Nm>MR KA KANDASAMY</Nm></Cdtr><CdtrAcct><Id><PrtryAcct><Id>23008200471444</Id></PrtryAcct></Id></CdtrAcct><Prtry><Tp>00471444</Tp><Pty/></Prtry></RltdPties><RmtInf><Strd><AddtlRmtInf>NO REF</AddtlRmtInf></Strd><Strd><AddtlRmtInf>Shapland Nicholas//00471444</AddtlRmtInf></Strd></RmtInf><RltdDts><TxDtTm>2018-09-27T20:15:37</TxDtTm></RltdDts><AddtlTxInf>FP18270O10273110  1020180927826070116</AddtlTxInf></TxDtls><AddtlNtryInf>COMPLETE//0000//003//CREDIT</AddtlNtryInf></Ntry><Ntry><Amt Ccy="GBP">205.00</Amt><CdtDbtInd>CRDT</CdtDbtInd><Sts>BOOK</Sts><BookgDt><Dt>2018-09-28</Dt></BookgDt><BkTxCd><Prtry><Cd>SIP UKBA CR 40269</Cd></Prtry></BkTxCd><TxDtls><Refs><EndToEndId>00151189632BBKFSZX</EndToEndId><TxId>00151189632BBKFSZX</TxId></Refs><RltdPties><Dbtr><Nm>JEMMA-DIEN MEAD</Nm></Dbtr><DbtrAcct><Id><PrtryAcct><Id>09012914848605</Id></PrtryAcct></Id></DbtrAcct><Cdtr><Nm>ANDREW BURROW</Nm></Cdtr><CdtrAcct><Id><PrtryAcct><Id>23008200447844</Id></PrtryAcct></Id></CdtrAcct><Prtry><Tp>new card</Tp><Pty/></Prtry></RltdPties><RmtInf><Strd><AddtlRmtInf>NO REF</AddtlRmtInf></Strd><Strd><AddtlRmtInf>JEMMA-DIEN MEAD//new card</AddtlRmtInf></Strd></RmtInf><RltdDts><TxDtTm>2018-09-27T20:18:44</TxDtTm></RltdDts><AddtlTxInf>00151189632BBKFSZX1020180927826090129</AddtlTxInf></TxDtls><AddtlNtryInf>COMPLETE//0000//003//CREDIT</AddtlNtryInf></Ntry><Ntry><Amt Ccy="GBP">443.00</Amt><CdtDbtInd>CRDT</CdtDbtInd><Sts>BOOK</Sts><BookgDt><Dt>2018-09-28</Dt></BookgDt><BkTxCd><Prtry><Cd>SIP UKBA CR 40269</Cd></Prtry></BkTxCd><TxDtls><Refs><EndToEndId>NOREF</EndToEndId><TxId>RP4679962414154800</TxId></Refs><RltdPties><Dbtr><Nm>OLAWOLE O</Nm></Dbtr><DbtrAcct><Id><PrtryAcct><Id>20574413111105</Id></PrtryAcct></Id></DbtrAcct><Cdtr><Nm>OLAWALE BETIKU</Nm></Cdtr><CdtrAcct><Id><PrtryAcct><Id>23008200037283</Id></PrtryAcct></Id></CdtrAcct><Prtry><Tp>ACERPC</Tp><Pty/></Prtry></RltdPties><RmtInf><Strd><AddtlRmtInf>NO REF</AddtlRmtInf></Strd><Strd><AddtlRmtInf>OLAWOLE O//ACERPC</AddtlRmtInf></Strd></RmtInf><RltdDts><TxDtTm>2018-09-27T20:20:27</TxDtTm></RltdDts><AddtlTxInf>RP46799624141548001020180927826200026</AddtlTxInf></TxDtls><AddtlNtryInf>COMPLETE//0000//003//CREDIT</AddtlNtryInf></Ntry><Ntry><Amt Ccy="GBP">3131.56</Amt><CdtDbtInd>CRDT</CdtDbtInd><Sts>BOOK</Sts><BookgDt><Dt>2018-09-28</Dt></BookgDt><BkTxCd><Prtry><Cd>SIP UKBA CR 40269</Cd></Prtry></BkTxCd><TxDtls><Refs><EndToEndId>NOREF</EndToEndId><TxId>FP18270O10282050</TxId></Refs><RltdPties><Dbtr><Nm>Goodhand Nigel</Nm></Dbtr><DbtrAcct><Id><PrtryAcct><Id>07011634855726</Id></PrtryAcct></Id></DbtrAcct><Cdtr><Nm>T LEITCH</Nm></Cdtr><CdtrAcct><Id><PrtryAcct><Id>23008200471362</Id></PrtryAcct></Id></CdtrAcct><Prtry><Tp>00471362</Tp><Pty/></Prtry></RltdPties><RmtInf><Strd><AddtlRmtInf>NO REF</AddtlRmtInf></Strd><Strd><AddtlRmtInf>Goodhand Nigel//00471362</AddtlRmtInf></Strd></RmtInf><RltdDts><TxDtTm>2018-09-27T20:25:28</TxDtTm></RltdDts><AddtlTxInf>FP18270O10282050  1020180927826070116</AddtlTxInf></TxDtls><AddtlNtryInf>COMPLETE//0000//003//CREDIT</AddtlNtryInf></Ntry><Ntry><Amt Ccy="GBP">30.00</Amt><CdtDbtInd>CRDT</CdtDbtInd><Sts>BOOK</Sts><BookgDt><Dt>2018-09-28</Dt></BookgDt><BkTxCd><Prtry><Cd>SIP UKBA CR 40269</Cd></Prtry></BkTxCd><TxDtls><Refs><EndToEndId>NOREF</EndToEndId><TxId>609886936202729001</TxId><Prtry><Tp>STO REF</Tp><Ref>0000</Ref></Prtry></Refs><RltdPties><Dbtr><Nm>WELCH B</Nm></Dbtr><DbtrAcct><Id><PrtryAcct><Id>40243761408127</Id></PrtryAcct></Id></DbtrAcct><Cdtr><Nm>Mr Andrew Warren</Nm></Cdtr><CdtrAcct><Id><PrtryAcct><Id>23008200381283</Id></PrtryAcct></Id></CdtrAcct><Prtry><Tp>Mackson</Tp><Pty/></Prtry></RltdPties><RmtInf><Strd><AddtlRmtInf>NO REF</AddtlRmtInf></Strd><Strd><AddtlRmtInf>WELCH B//Mackson</AddtlRmtInf></Strd></RmtInf><RltdDts><TxDtTm>2018-09-27T20:26:40</TxDtTm></RltdDts><AddtlTxInf>6098869362027290011020180927826402437</AddtlTxInf></TxDtls><AddtlNtryInf>COMPLETE//0000//003//CREDIT</AddtlNtryInf></Ntry></Ntfctn></BkToCstmrDbtCdtNtfctnV01></Document>