<?xml version="1.0" encoding="UTF-8"?><Document xmlns:xsi="http://www.w3.org/2001/XMLSchema-instance" xmlns="urn:iso:std:iso:20022:tech:xsd:camt.054.001.01"><BkToCstmrDbtCdtNtfctnV01><GrpHdr><MsgId>80309K//12882</MsgId><CreDtTm>2018-09-15T12:30:00</CreDtTm></GrpHdr><Ntfctn><Id>80309K//12882//1</Id><CreDtTm>2018-09-15T12:30:00</CreDtTm><Acct><Id><PrtryAcct><Id>20594233939774</Id></PrtryAcct></Id><Ccy>GBP</Ccy></Acct><TxsSummry><TtlNtries><NbOfNtries>3</NbOfNtries><Sum>1293.78</Sum></TtlNtries><TtlCdtNtries><NbOfNtries>3</NbOfNtries><Sum>1293.78</Sum></TtlCdtNtries><TtlDbtNtries><NbOfNtries>0</NbOfNtries><Sum>0.00</Sum></TtlDbtNtries></TxsSummry><Ntry><Amt Ccy="GBP">108.00</Amt><CdtDbtInd>CRDT</CdtDbtInd><Sts>BOOK</Sts><BookgDt><Dt>2018-09-17</Dt></BookgDt><BkTxCd><Prtry><Cd>SIP UKBA CR 40269</Cd></Prtry></BkTxCd><TxDtls><Refs><EndToEndId>NOREF</EndToEndId><TxId>RP4659984610066600</TxId></Refs><RltdPties><Dbtr><Nm>ADEGOKE G O</Nm></Dbtr><DbtrAcct><Id><PrtryAcct><Id>20107123272907</Id></PrtryAcct></Id></DbtrAcct><Cdtr><Nm>ARIYO G M</Nm></Cdtr><CdtrAcct><Id><PrtryAcct><Id>23008200012070</Id></PrtryAcct></Id></CdtrAcct><Prtry><Tp>MRSADEGOKE</Tp><Pty/></Prtry></RltdPties><RmtInf><Strd><AddtlRmtInf>NO REF</AddtlRmtInf></Strd><Strd><AddtlRmtInf>ADEGOKE G O//MRSADEGOKE</AddtlRmtInf></Strd></RmtInf><RltdDts><TxDtTm>2018-09-15T12:13:14</TxDtTm></RltdDts><AddtlTxInf>RP46599846100666001020180915826200026</AddtlTxInf></TxDtls><AddtlNtryInf>COMPLETE//0000//003//CREDIT</AddtlNtryInf></Ntry><Ntry><Amt Ccy="GBP">1170.78</Amt><CdtDbtInd>CRDT</CdtDbtInd><Sts>BOOK</Sts><BookgDt><Dt>2018-09-17</Dt></BookgDt><BkTxCd><Prtry><Cd>SIP UKBA CR 40269</Cd></Prtry></BkTxCd><TxDtls><Refs><EndToEndId>00152317632BBBFKYB</EndToEndId><TxId>00152317632BBBFKYB</TxId></Refs><RltdPties><Dbtr><Nm>AIM RECRUITMENT (UK) LTD</Nm></Dbtr><DbtrAcct><Id><PrtryAcct><Id>09022210686276</Id></PrtryAcct></Id></DbtrAcct><Cdtr><Nm>UK FOOD-CONSULTANT LTD</Nm></Cdtr><CdtrAcct><Id><PrtryAcct><Id>23008200039368</Id></PrtryAcct></Id></CdtrAcct><Prtry><Tp>INVOICE 49</Tp><Pty/></Prtry></RltdPties><RmtInf><Strd><AddtlRmtInf>INVOICE 49</AddtlRmtInf></Strd><Strd><AddtlRmtInf>AIM RECRUITMENT (U//INVOICE 49</AddtlRmtInf></Strd></RmtInf><RltdDts><TxDtTm>2018-09-15T12:17:22</TxDtTm></RltdDts><AddtlTxInf>00152317632BBBFKYB1020180915826090222</AddtlTxInf></TxDtls><AddtlNtryInf>COMPLETE//0000//003//CREDIT</AddtlNtryInf></Ntry><Ntry><Amt Ccy="GBP">15.00</Amt><CdtDbtInd>CRDT</CdtDbtInd><Sts>BOOK</Sts><BookgDt><Dt>2018-09-17</Dt></BookgDt><BkTxCd><Prtry><Cd>SIP UKBA CR 40269</Cd></Prtry></BkTxCd><TxDtls><Refs><EndToEndId>TERRI</EndToEndId><TxId>01121921189536000N</TxId><Prtry><Tp>STO REF</Tp><Ref>0000</Ref></Prtry></Refs><RltdPties><Dbtr><Nm>SMITH T</Nm></Dbtr><DbtrAcct><Id><PrtryAcct><Id>60060632454902</Id></PrtryAcct></Id></DbtrAcct><Cdtr><Nm>ARRO ACCOUNT</Nm></Cdtr><CdtrAcct><Id><PrtryAcct><Id>23008200361543</Id></PrtryAcct></Id></CdtrAcct><Prtry><Tp>TERRI</Tp><Pty/></Prtry></RltdPties><RmtInf><Strd><AddtlRmtInf>SMITH T           TERRI             VIA MOBILE - LVP</AddtlRmtInf></Strd><Strd><AddtlRmtInf>SMITH T//TERRI</AddtlRmtInf></Strd></RmtInf><RltdDts><TxDtTm>2018-09-15T12:19:21</TxDtTm></RltdDts><AddtlTxInf>01121921189536000N1020180915826600606</AddtlTxInf></TxDtls><AddtlNtryInf>COMPLETE//0000//003//CREDIT</AddtlNtryInf></Ntry></Ntfctn></BkToCstmrDbtCdtNtfctnV01></Document>