<?xml version="1.0" encoding="UTF-8"?><Document xmlns:xsi="http://www.w3.org/2001/XMLSchema-instance" xmlns="urn:iso:std:iso:20022:tech:xsd:camt.054.001.01"><BkToCstmrDbtCdtNtfctnV01><GrpHdr><MsgId>80309K//13244</MsgId><CreDtTm>2018-09-23T23:00:00</CreDtTm></GrpHdr><Ntfctn><Id>80309K//13244//1</Id><CreDtTm>2018-09-23T23:00:00</CreDtTm><Acct><Id><PrtryAcct><Id>20594233939774</Id></PrtryAcct></Id><Ccy>GBP</Ccy></Acct><TxsSummry><TtlNtries><NbOfNtries>6</NbOfNtries><Sum>297.78</Sum></TtlNtries><TtlCdtNtries><NbOfNtries>6</NbOfNtries><Sum>297.78</Sum></TtlCdtNtries><TtlDbtNtries><NbOfNtries>0</NbOfNtries><Sum>0.00</Sum></TtlDbtNtries></TxsSummry><Ntry><Amt Ccy="GBP">64.50</Amt><CdtDbtInd>CRDT</CdtDbtInd><Sts>BOOK</Sts><BookgDt><Dt>2018-09-24</Dt></BookgDt><BkTxCd><Prtry><Cd>SIP UKBA CR 40269</Cd></Prtry></BkTxCd><TxDtls><Refs><EndToEndId>00151793632BBFXNNF</EndToEndId><TxId>00151793632BBFXNNF</TxId></Refs><RltdPties><Dbtr><Nm>DEBORAH BAXTER</Nm></Dbtr><DbtrAcct><Id><PrtryAcct><Id>09012682219919</Id></PrtryAcct></Id></DbtrAcct><Cdtr><Nm>DEBORAH BAXTER</Nm></Cdtr><CdtrAcct><Id><PrtryAcct><Id>23008200197261</Id></PrtryAcct></Id></CdtrAcct><Prtry><Tp>holiday</Tp><Pty/></Prtry></RltdPties><RmtInf><Strd><AddtlRmtInf>NO REF</AddtlRmtInf></Strd><Strd><AddtlRmtInf>DEBORAH BAXTER//holiday</AddtlRmtInf></Strd></RmtInf><RltdDts><TxDtTm>2018-09-23T22:35:02</TxDtTm></RltdDts><AddtlTxInf>00151793632BBFXNNF1020180923826090126</AddtlTxInf></TxDtls><AddtlNtryInf>COMPLETE//0000//003//CREDIT</AddtlNtryInf></Ntry><Ntry><Amt Ccy="GBP">50.00</Amt><CdtDbtInd>CRDT</CdtDbtInd><Sts>BOOK</Sts><BookgDt><Dt>2018-09-24</Dt></BookgDt><BkTxCd><Prtry><Cd>SIP UKBA CR 40269</Cd></Prtry></BkTxCd><TxDtls><Refs><EndToEndId>00151456632BBDLGGB</EndToEndId><TxId>00151456632BBDLGGB</TxId></Refs><RltdPties><Dbtr><Nm>LOUISE MCKINNEY</Nm></Dbtr><DbtrAcct><Id><PrtryAcct><Id>09012836536671</Id></PrtryAcct></Id></DbtrAcct><Cdtr><Nm>ARRO</Nm></Cdtr><CdtrAcct><Id><PrtryAcct><Id>23008200439366</Id></PrtryAcct></Id></CdtrAcct><Prtry><Tp>lou</Tp><Pty/></Prtry></RltdPties><RmtInf><Strd><AddtlRmtInf>NO REF</AddtlRmtInf></Strd><Strd><AddtlRmtInf>LOUISE MCKINNEY//lou</AddtlRmtInf></Strd></RmtInf><RltdDts><TxDtTm>2018-09-23T22:43:52</TxDtTm></RltdDts><AddtlTxInf>00151456632BBDLGGB1020180923826090128</AddtlTxInf></TxDtls><AddtlNtryInf>COMPLETE//0000//003//CREDIT</AddtlNtryInf></Ntry><Ntry><Amt Ccy="GBP">70.00</Amt><CdtDbtInd>CRDT</CdtDbtInd><Sts>BOOK</Sts><BookgDt><Dt>2018-09-24</Dt></BookgDt><BkTxCd><Prtry><Cd>SIP UKBA CR 40269</Cd></Prtry></BkTxCd><TxDtls><Refs><EndToEndId>NOREF</EndToEndId><TxId>600000000390891758</TxId></Refs><RltdPties><Dbtr><Nm>STAR GROUP (MIDLAN</Nm></Dbtr><DbtrAcct><Id><PrtryAcct><Id>30908822888068</Id></PrtryAcct></Id></DbtrAcct><Cdtr><Nm>MIKE DUTTON</Nm></Cdtr><CdtrAcct><Id><PrtryAcct><Id>23008200421264</Id></PrtryAcct></Id></CdtrAcct><Prtry><Tp>STAR GROUP MID LTD</Tp><Pty/></Prtry></RltdPties><RmtInf><Strd><AddtlRmtInf>NO REF</AddtlRmtInf></Strd><Strd><AddtlRmtInf>STAR GROUP (MIDLAN//STAR GROUP MID LTD</AddtlRmtInf></Strd></RmtInf><RltdDts><TxDtTm>2018-09-23T22:44:51</TxDtTm></RltdDts><AddtlTxInf>6000000003908917581020180923826309088</AddtlTxInf></TxDtls><AddtlNtryInf>COMPLETE//0000//003//CREDIT</AddtlNtryInf></Ntry><Ntry><Amt Ccy="GBP">58.27</Amt><CdtDbtInd>CRDT</CdtDbtInd><Sts>BOOK</Sts><BookgDt><Dt>2018-09-24</Dt></BookgDt><BkTxCd><Prtry><Cd>SIP UKBA CR 40269</Cd></Prtry></BkTxCd><TxDtls><Refs><EndToEndId>NOREF</EndToEndId><TxId>RP4679962076000900</TxId></Refs><RltdPties><Dbtr><Nm>WHITE CHRISTOPHE</Nm></Dbtr><DbtrAcct><Id><PrtryAcct><Id>20709483520781</Id></PrtryAcct></Id></DbtrAcct><Cdtr><Nm>CHRISTOPHER WHITE</Nm></Cdtr><CdtrAcct><Id><PrtryAcct><Id>23008200292739</Id></PrtryAcct></Id></CdtrAcct><Prtry><Tp>MONEY</Tp><Pty/></Prtry></RltdPties><RmtInf><Strd><AddtlRmtInf>NO REF</AddtlRmtInf></Strd><Strd><AddtlRmtInf>WHITE CHRISTOPHE//MONEY</AddtlRmtInf></Strd></RmtInf><RltdDts><TxDtTm>2018-09-23T22:47:14</TxDtTm></RltdDts><AddtlTxInf>RP46799620760009001020180923826200026</AddtlTxInf></TxDtls><AddtlNtryInf>COMPLETE//0000//003//CREDIT</AddtlNtryInf></Ntry><Ntry><Amt Ccy="GBP">55.00</Amt><CdtDbtInd>CRDT</CdtDbtInd><Sts>BOOK</Sts><BookgDt><Dt>2018-09-24</Dt></BookgDt><BkTxCd><Prtry><Cd>SIP UKBA CR 40269</Cd></Prtry></BkTxCd><TxDtls><Refs><EndToEndId>NOREF</EndToEndId><TxId>CBBPI2253402367001</TxId></Refs><RltdPties><Dbtr><Nm>DONNA WILSON</Nm></Dbtr><DbtrAcct><Id><PrtryAcct><Id>82631240391121</Id></PrtryAcct></Id></DbtrAcct><Cdtr><Nm>Ms. westerman</Nm></Cdtr><CdtrAcct><Id><PrtryAcct><Id>23008200319323</Id></PrtryAcct></Id></CdtrAcct><Prtry><Tp>TV GUMTREE</Tp><Pty/></Prtry></RltdPties><RmtInf><Strd><RfrdDocInf><RfrdDocTp><Prtry>002</Prtry></RfrdDocTp></RfrdDocInf><AddtlRmtInf>NO REF</AddtlRmtInf></Strd><Strd><AddtlRmtInf>DONNA WILSON//TV GUMTREE</AddtlRmtInf></Strd></RmtInf><RltdDts><TxDtTm>2018-09-23T22:53:41</TxDtTm></RltdDts><AddtlTxInf>CBBPI22534023670011020180923826826312</AddtlTxInf></TxDtls><AddtlNtryInf>COMPLETE//0000//003//CREDIT</AddtlNtryInf></Ntry><Ntry><Amt Ccy="GBP">0.01</Amt><CdtDbtInd>CRDT</CdtDbtInd><Sts>BOOK</Sts><BookgDt><Dt>2018-09-24</Dt></BookgDt><BkTxCd><Prtry><Cd>SIP UKBA CR 40269</Cd></Prtry></BkTxCd><TxDtls><Refs><EndToEndId>PPRD00000000APMBLY</EndToEndId><TxId>PPRD00000000APMBLY</TxId></Refs><RltdPties><Dbtr><Nm>PAYPAL CODE 9940</Nm><PstlAdr><AdrLine>2211 N 1st Street San Jose CA 95131</AdrLine><Ctry/></PstlAdr></Dbtr><DbtrAcct><Id><PrtryAcct><Id>23526285010101</Id></PrtryAcct></Id></DbtrAcct><Cdtr><Nm>Martin Stocks</Nm><PstlAdr><AdrLine>22 Hollow Lane</AdrLine><Ctry/></PstlAdr></Cdtr><CdtrAcct><Id><PrtryAcct><Id>23008200463188</Id></PrtryAcct></Id></CdtrAcct><Prtry><Tp>PAYPAL CODE 9940</Tp><Pty/></Prtry></RltdPties><RmtInf><Strd><RfrdDocInf><RfrdDocTp><Prtry>002</Prtry></RfrdDocTp></RfrdDocInf><AddtlRmtInf>NO REF</AddtlRmtInf></Strd><Strd><AddtlRmtInf>PAYPAL CODE 9940//PAYPAL CODE 9940</AddtlRmtInf></Strd></RmtInf><RltdDts><TxDtTm>2018-09-23T22:57:27</TxDtTm></RltdDts><AddtlTxInf>PPRD00000000APMBLY1020180923826235262</AddtlTxInf></TxDtls><AddtlNtryInf>COMPLETE//0000//003//CREDIT</AddtlNtryInf></Ntry></Ntfctn></BkToCstmrDbtCdtNtfctnV01></Document>