<?xml version="1.0" encoding="UTF-8"?><Document xmlns:xsi="http://www.w3.org/2001/XMLSchema-instance" xmlns="urn:iso:std:iso:20022:tech:xsd:camt.054.001.01"><BkToCstmrDbtCdtNtfctnV01><GrpHdr><MsgId>80309K//12697</MsgId><CreDtTm>2018-09-11T06:30:00</CreDtTm></GrpHdr><Ntfctn><Id>80309K//12697//1</Id><CreDtTm>2018-09-11T06:30:00</CreDtTm><Acct><Id><PrtryAcct><Id>20594233939774</Id></PrtryAcct></Id><Ccy>GBP</Ccy></Acct><TxsSummry><TtlNtries><NbOfNtries>1</NbOfNtries><Sum>40.00</Sum></TtlNtries><TtlCdtNtries><NbOfNtries>1</NbOfNtries><Sum>40.00</Sum></TtlCdtNtries><TtlDbtNtries><NbOfNtries>0</NbOfNtries><Sum>0.00</Sum></TtlDbtNtries></TxsSummry><Ntry><Amt Ccy="GBP">40.00</Amt><CdtDbtInd>CRDT</CdtDbtInd><Sts>BOOK</Sts><BookgDt><Dt>2018-09-11</Dt></BookgDt><BkTxCd><Prtry><Cd>SIP UKBA CR 40269</Cd></Prtry></BkTxCd><TxDtls><Refs><EndToEndId>NOREF</EndToEndId><TxId>RP4679961102771000</TxId></Refs><RltdPties><Dbtr><Nm>MR L BAPTISTA</Nm></Dbtr><DbtrAcct><Id><PrtryAcct><Id>20315270246646</Id></PrtryAcct></Id></DbtrAcct><Cdtr><Nm>MARIANA PEREZ</Nm></Cdtr><CdtrAcct><Id><PrtryAcct><Id>23008200357989</Id></PrtryAcct></Id></CdtrAcct><Prtry><Tp>ALLOWANCE</Tp><Pty/></Prtry></RltdPties><RmtInf><Strd><AddtlRmtInf>NO REF</AddtlRmtInf></Strd><Strd><AddtlRmtInf>MR L BAPTISTA//ALLOWANCE</AddtlRmtInf></Strd></RmtInf><RltdDts><TxDtTm>2018-09-11T06:27:37</TxDtTm></RltdDts><AddtlTxInf>RP46799611027710001020180911826200026</AddtlTxInf></TxDtls><AddtlNtryInf>COMPLETE//0000//003//CREDIT</AddtlNtryInf></Ntry></Ntfctn></BkToCstmrDbtCdtNtfctnV01></Document>