<?xml version="1.0" encoding="UTF-8"?><Document xmlns:xsi="http://www.w3.org/2001/XMLSchema-instance" xmlns="urn:iso:std:iso:20022:tech:xsd:camt.054.001.01"><BkToCstmrDbtCdtNtfctnV01><GrpHdr><MsgId>80309K//12900</MsgId><CreDtTm>2018-09-15T21:30:00</CreDtTm></GrpHdr><Ntfctn><Id>80309K//12900//1</Id><CreDtTm>2018-09-15T21:30:00</CreDtTm><Acct><Id><PrtryAcct><Id>20594233939774</Id></PrtryAcct></Id><Ccy>GBP</Ccy></Acct><TxsSummry><TtlNtries><NbOfNtries>6</NbOfNtries><Sum>351.06</Sum></TtlNtries><TtlCdtNtries><NbOfNtries>6</NbOfNtries><Sum>351.06</Sum></TtlCdtNtries><TtlDbtNtries><NbOfNtries>0</NbOfNtries><Sum>0.00</Sum></TtlDbtNtries></TxsSummry><Ntry><Amt Ccy="GBP">246.56</Amt><CdtDbtInd>CRDT</CdtDbtInd><Sts>BOOK</Sts><BookgDt><Dt>2018-09-17</Dt></BookgDt><BkTxCd><Prtry><Cd>SIP UKBA CR 40269</Cd></Prtry></BkTxCd><TxDtls><Refs><EndToEndId>NOREF</EndToEndId><TxId>042060833012519001</TxId><Prtry><Tp>STO REF</Tp><Ref>0000</Ref></Prtry></Refs><RltdPties><Dbtr><Nm>KNUDSEN S J</Nm></Dbtr><DbtrAcct><Id><PrtryAcct><Id>40165350004340</Id></PrtryAcct></Id></DbtrAcct><Cdtr><Nm>Hill side garage</Nm></Cdtr><CdtrAcct><Id><PrtryAcct><Id>23008200043324</Id></PrtryAcct></Id></CdtrAcct><Prtry><Tp>Alternater Lisa</Tp><Pty/></Prtry></RltdPties><RmtInf><Strd><AddtlRmtInf>NO REF</AddtlRmtInf></Strd><Strd><AddtlRmtInf>KNUDSEN S J//Alternater Lisa</AddtlRmtInf></Strd></RmtInf><RltdDts><TxDtTm>2018-09-15T21:03:38</TxDtTm></RltdDts><AddtlTxInf>0420608330125190011020180915826401653</AddtlTxInf></TxDtls><AddtlNtryInf>COMPLETE//0000//003//CREDIT</AddtlNtryInf></Ntry><Ntry><Amt Ccy="GBP">25.00</Amt><CdtDbtInd>CRDT</CdtDbtInd><Sts>BOOK</Sts><BookgDt><Dt>2018-09-17</Dt></BookgDt><BkTxCd><Prtry><Cd>DCA UKBA CR 40269</Cd></Prtry></BkTxCd><TxDtls><Refs><EndToEndId>NOREF</EndToEndId><TxId>000000013577400701</TxId><Prtry><Tp>STO REF</Tp><Ref>0000</Ref></Prtry></Refs><RltdPties><Dbtr><Nm>23630700235375</Nm></Dbtr><DbtrAcct><Id><PrtryAcct><Id>20594243523659</Id></PrtryAcct></Id></DbtrAcct><Cdtr><Nm>LUKE GRIGGS</Nm></Cdtr><CdtrAcct><Id><PrtryAcct><Id>23008200387583</Id></PrtryAcct></Id></CdtrAcct><Prtry><Tp>TRANSFER</Tp><Pty/></Prtry></RltdPties><RmtInf><Strd><AddtlRmtInf>NO REF</AddtlRmtInf></Strd><Strd><AddtlRmtInf>23630700235375//TRANSFER</AddtlRmtInf></Strd></RmtInf><RltdDts><TxDtTm>2018-09-15T21:17:06</TxDtTm></RltdDts><AddtlTxInf>0000000135774007015020180915826205942</AddtlTxInf></TxDtls><AddtlNtryInf>COMPLETE//0000//003//CREDIT</AddtlNtryInf></Ntry><Ntry><Amt Ccy="GBP">50.00</Amt><CdtDbtInd>CRDT</CdtDbtInd><Sts>BOOK</Sts><BookgDt><Dt>2018-09-17</Dt></BookgDt><BkTxCd><Prtry><Cd>DCA UKBA CR 40269</Cd></Prtry></BkTxCd><TxDtls><Refs><EndToEndId>NOREF</EndToEndId><TxId>000000013577392601</TxId><Prtry><Tp>STO REF</Tp><Ref>0000</Ref></Prtry></Refs><RltdPties><Dbtr><Nm>23630701583860</Nm></Dbtr><DbtrAcct><Id><PrtryAcct><Id>20594243523659</Id></PrtryAcct></Id></DbtrAcct><Cdtr><Nm>JASPAL THIARA</Nm></Cdtr><CdtrAcct><Id><PrtryAcct><Id>23008200373702</Id></PrtryAcct></Id></CdtrAcct><Prtry><Tp>JAS</Tp><Pty/></Prtry></RltdPties><RmtInf><Strd><AddtlRmtInf>NO REF</AddtlRmtInf></Strd><Strd><AddtlRmtInf>23630701583860//JAS</AddtlRmtInf></Strd></RmtInf><RltdDts><TxDtTm>2018-09-15T21:17:06</TxDtTm></RltdDts><AddtlTxInf>0000000135773926015020180915826205942</AddtlTxInf></TxDtls><AddtlNtryInf>COMPLETE//0000//003//CREDIT</AddtlNtryInf></Ntry><Ntry><Amt Ccy="GBP">7.00</Amt><CdtDbtInd>CRDT</CdtDbtInd><Sts>BOOK</Sts><BookgDt><Dt>2018-09-17</Dt></BookgDt><BkTxCd><Prtry><Cd>DCA UKBA CR 40269</Cd></Prtry></BkTxCd><TxDtls><Refs><EndToEndId>NOREF</EndToEndId><TxId>000000013577402301</TxId><Prtry><Tp>STO REF</Tp><Ref>0000</Ref></Prtry></Refs><RltdPties><Dbtr><Nm>23630701634921</Nm></Dbtr><DbtrAcct><Id><PrtryAcct><Id>20594243523659</Id></PrtryAcct></Id></DbtrAcct><Cdtr><Nm>MISS L DRAZKOWSKA</Nm></Cdtr><CdtrAcct><Id><PrtryAcct><Id>23008200443806</Id></PrtryAcct></Id></CdtrAcct><Prtry><Tp>F</Tp><Pty/></Prtry></RltdPties><RmtInf><Strd><AddtlRmtInf>NO REF</AddtlRmtInf></Strd><Strd><AddtlRmtInf>23630701634921//F</AddtlRmtInf></Strd></RmtInf><RltdDts><TxDtTm>2018-09-15T21:17:06</TxDtTm></RltdDts><AddtlTxInf>0000000135774023015020180915826205942</AddtlTxInf></TxDtls><AddtlNtryInf>COMPLETE//0000//003//CREDIT</AddtlNtryInf></Ntry><Ntry><Amt Ccy="GBP">10.50</Amt><CdtDbtInd>CRDT</CdtDbtInd><Sts>BOOK</Sts><BookgDt><Dt>2018-09-17</Dt></BookgDt><BkTxCd><Prtry><Cd>SIP UKBA CR 40269</Cd></Prtry></BkTxCd><TxDtls><Refs><EndToEndId>NOREF</EndToEndId><TxId>200000000387405790</TxId></Refs><RltdPties><Dbtr><Nm>A Forgacs</Nm></Dbtr><DbtrAcct><Id><PrtryAcct><Id>11102112944860</Id></PrtryAcct></Id></DbtrAcct><Cdtr><Nm>NIKOLAS</Nm></Cdtr><CdtrAcct><Id><PrtryAcct><Id>23008200343785</Id></PrtryAcct></Id></CdtrAcct><Prtry><Tp>Virgin Bill share</Tp><Pty/></Prtry></RltdPties><RmtInf><Strd><AddtlRmtInf>NO REF</AddtlRmtInf></Strd><Strd><AddtlRmtInf>A Forgacs//Virgin Bill share</AddtlRmtInf></Strd></RmtInf><RltdDts><TxDtTm>2018-09-15T21:17:40</TxDtTm></RltdDts><AddtlTxInf>2000000003874057901020180915826111021</AddtlTxInf></TxDtls><AddtlNtryInf>COMPLETE//0000//003//CREDIT</AddtlNtryInf></Ntry><Ntry><Amt Ccy="GBP">12.00</Amt><CdtDbtInd>CRDT</CdtDbtInd><Sts>BOOK</Sts><BookgDt><Dt>2018-09-17</Dt></BookgDt><BkTxCd><Prtry><Cd>SIP UKBA CR 40269</Cd></Prtry></BkTxCd><TxDtls><Refs><EndToEndId>NOREF</EndToEndId><TxId>300000000392720866</TxId></Refs><RltdPties><Dbtr><Nm>C McLean</Nm></Dbtr><DbtrAcct><Id><PrtryAcct><Id>77492609836960</Id></PrtryAcct></Id></DbtrAcct><Cdtr><Nm>DURRELL MCLEAN</Nm></Cdtr><CdtrAcct><Id><PrtryAcct><Id>23008200397085</Id></PrtryAcct></Id></CdtrAcct><Prtry><Tp>COLLEGE MONEY</Tp><Pty/></Prtry></RltdPties><RmtInf><Strd><AddtlRmtInf>NO REF</AddtlRmtInf></Strd><Strd><AddtlRmtInf>C McLean//COLLEGE MONEY</AddtlRmtInf></Strd></RmtInf><RltdDts><TxDtTm>2018-09-15T21:19:27</TxDtTm></RltdDts><AddtlTxInf>3000000003927208661020180915826774926</AddtlTxInf></TxDtls><AddtlNtryInf>COMPLETE//0000//003//CREDIT</AddtlNtryInf></Ntry></Ntfctn></BkToCstmrDbtCdtNtfctnV01></Document>