<?xml version="1.0" encoding="UTF-8"?><Document xmlns:xsi="http://www.w3.org/2001/XMLSchema-instance" xmlns="urn:iso:std:iso:20022:tech:xsd:camt.054.001.01"><BkToCstmrDbtCdtNtfctnV01><GrpHdr><MsgId>80309K//12775</MsgId><CreDtTm>2018-09-13T01:00:00</CreDtTm></GrpHdr><Ntfctn><Id>80309K//12775//1</Id><CreDtTm>2018-09-13T01:00:00</CreDtTm><Acct><Id><PrtryAcct><Id>20594233939774</Id></PrtryAcct></Id><Ccy>GBP</Ccy></Acct><TxsSummry><TtlNtries><NbOfNtries>3</NbOfNtries><Sum>50.00</Sum></TtlNtries><TtlCdtNtries><NbOfNtries>3</NbOfNtries><Sum>50.00</Sum></TtlCdtNtries><TtlDbtNtries><NbOfNtries>0</NbOfNtries><Sum>0.00</Sum></TtlDbtNtries></TxsSummry><Ntry><Amt Ccy="GBP">10.00</Amt><CdtDbtInd>CRDT</CdtDbtInd><Sts>BOOK</Sts><BookgDt><Dt>2018-09-13</Dt></BookgDt><BkTxCd><Prtry><Cd>SIP UKBA CR 40269</Cd></Prtry></BkTxCd><TxDtls><Refs><EndToEndId>NOREF</EndToEndId><TxId>400000000393039432</TxId></Refs><RltdPties><Dbtr><Nm>H Gardner</Nm></Dbtr><DbtrAcct><Id><PrtryAcct><Id>30968226072760</Id></PrtryAcct></Id></DbtrAcct><Cdtr><Nm>SUE REES</Nm></Cdtr><CdtrAcct><Id><PrtryAcct><Id>23008200325504</Id></PrtryAcct></Id></CdtrAcct><Prtry><Tp>SAVINGS</Tp><Pty/></Prtry></RltdPties><RmtInf><Strd><AddtlRmtInf>NO REF</AddtlRmtInf></Strd><Strd><AddtlRmtInf>H Gardner//SAVINGS</AddtlRmtInf></Strd></RmtInf><RltdDts><TxDtTm>2018-09-13T00:43:25</TxDtTm></RltdDts><AddtlTxInf>4000000003930394321020180913826309682</AddtlTxInf></TxDtls><AddtlNtryInf>COMPLETE//0000//003//CREDIT</AddtlNtryInf></Ntry><Ntry><Amt Ccy="GBP">30.00</Amt><CdtDbtInd>CRDT</CdtDbtInd><Sts>BOOK</Sts><BookgDt><Dt>2018-09-13</Dt></BookgDt><BkTxCd><Prtry><Cd>SIP UKBA CR 40269</Cd></Prtry></BkTxCd><TxDtls><Refs><EndToEndId>NOREF</EndToEndId><TxId>RP4679961252144700</TxId></Refs><RltdPties><Dbtr><Nm>GALLAGHER M</Nm></Dbtr><DbtrAcct><Id><PrtryAcct><Id>20252593267423</Id></PrtryAcct></Id></DbtrAcct><Cdtr><Nm>ISHA STUDDARD</Nm></Cdtr><CdtrAcct><Id><PrtryAcct><Id>23008200410570</Id></PrtryAcct></Id></CdtrAcct><Prtry><Tp>PK</Tp><Pty/></Prtry></RltdPties><RmtInf><Strd><AddtlRmtInf>NO REF</AddtlRmtInf></Strd><Strd><AddtlRmtInf>GALLAGHER M//PK</AddtlRmtInf></Strd></RmtInf><RltdDts><TxDtTm>2018-09-13T00:44:48</TxDtTm></RltdDts><AddtlTxInf>RP46799612521447001020180913826200026</AddtlTxInf></TxDtls><AddtlNtryInf>COMPLETE//0000//003//CREDIT</AddtlNtryInf></Ntry><Ntry><Amt Ccy="GBP">10.00</Amt><CdtDbtInd>CRDT</CdtDbtInd><Sts>BOOK</Sts><BookgDt><Dt>2018-09-13</Dt></BookgDt><BkTxCd><Prtry><Cd>SIP UKBA CR 40269</Cd></Prtry></BkTxCd><TxDtls><Refs><EndToEndId>00156453632BBFPSSB</EndToEndId><TxId>00156453632BBFPSSB</TxId></Refs><RltdPties><Dbtr><Nm>204339293</Nm></Dbtr><DbtrAcct><Id><PrtryAcct><Id>09000000050005</Id></PrtryAcct></Id></DbtrAcct><Cdtr><Nm>MR ALAN DOWNING</Nm></Cdtr><CdtrAcct><Id><PrtryAcct><Id>23008200417163</Id></PrtryAcct></Id></CdtrAcct><Prtry><Tp>bills</Tp><Pty/></Prtry></RltdPties><RmtInf><Strd><AddtlRmtInf>NO REF</AddtlRmtInf></Strd><Strd><AddtlRmtInf>204339293//bills</AddtlRmtInf></Strd></RmtInf><RltdDts><TxDtTm>2018-09-13T00:49:27</TxDtTm></RltdDts><AddtlTxInf>00156453632BBFPSSB1020180913826090000</AddtlTxInf></TxDtls><AddtlNtryInf>COMPLETE//0000//003//CREDIT</AddtlNtryInf></Ntry></Ntfctn></BkToCstmrDbtCdtNtfctnV01></Document>