<?xml version="1.0" encoding="UTF-8"?><Document xmlns:xsi="http://www.w3.org/2001/XMLSchema-instance" xmlns="urn:iso:std:iso:20022:tech:xsd:camt.054.001.01"><BkToCstmrDbtCdtNtfctnV01><GrpHdr><MsgId>80309K//13426</MsgId><CreDtTm>2018-09-28T02:30:00</CreDtTm></GrpHdr><Ntfctn><Id>80309K//13426//1</Id><CreDtTm>2018-09-28T02:30:00</CreDtTm><Acct><Id><PrtryAcct><Id>20594233939774</Id></PrtryAcct></Id><Ccy>GBP</Ccy></Acct><TxsSummry><TtlNtries><NbOfNtries>2</NbOfNtries><Sum>1368.50</Sum></TtlNtries><TtlCdtNtries><NbOfNtries>2</NbOfNtries><Sum>1368.50</Sum></TtlCdtNtries><TtlDbtNtries><NbOfNtries>0</NbOfNtries><Sum>0.00</Sum></TtlDbtNtries></TxsSummry><Ntry><Amt Ccy="GBP">549.50</Amt><CdtDbtInd>CRDT</CdtDbtInd><Sts>BOOK</Sts><BookgDt><Dt>2018-09-28</Dt></BookgDt><BkTxCd><Prtry><Cd>STO UKBA CR 40267</Cd></Prtry></BkTxCd><TxDtls><Refs><EndToEndId>NOREF</EndToEndId><TxId>500000000392676149</TxId></Refs><RltdPties><Dbtr><Nm>BESTSTAFF LIMITED</Nm></Dbtr><DbtrAcct><Id><PrtryAcct><Id>30995100529304</Id></PrtryAcct></Id></DbtrAcct><Cdtr><Nm>QUICKFIT &amp; RB LTD</Nm></Cdtr><CdtrAcct><Id><PrtryAcct><Id>23008200222230</Id></PrtryAcct></Id></CdtrAcct><Prtry><Tp>QUICKFIT 18/38</Tp><Pty/></Prtry></RltdPties><RmtInf><Strd><AddtlRmtInf>NO REF</AddtlRmtInf></Strd><Strd><AddtlRmtInf>BESTSTAFF LIMITED//QUICKFIT 18/38</AddtlRmtInf></Strd></RmtInf><RltdDts><TxDtTm>2018-09-28T02:01:19</TxDtTm></RltdDts><AddtlTxInf>5000000003926761493020180928826309951</AddtlTxInf></TxDtls><AddtlNtryInf>COMPLETE//0000//003//CREDIT</AddtlNtryInf></Ntry><Ntry><Amt Ccy="GBP">819.00</Amt><CdtDbtInd>CRDT</CdtDbtInd><Sts>BOOK</Sts><BookgDt><Dt>2018-09-28</Dt></BookgDt><BkTxCd><Prtry><Cd>STO UKBA CR 40267</Cd></Prtry></BkTxCd><TxDtls><Refs><EndToEndId>NOREF</EndToEndId><TxId>400000000397478200</TxId></Refs><RltdPties><Dbtr><Nm>BESTSTAFF LIMITED</Nm></Dbtr><DbtrAcct><Id><PrtryAcct><Id>30995100529304</Id></PrtryAcct></Id></DbtrAcct><Cdtr><Nm>ZAVACZKI SMART REP</Nm></Cdtr><CdtrAcct><Id><PrtryAcct><Id>23008200037468</Id></PrtryAcct></Id></CdtrAcct><Prtry><Tp>18/38</Tp><Pty/></Prtry></RltdPties><RmtInf><Strd><AddtlRmtInf>NO REF</AddtlRmtInf></Strd><Strd><AddtlRmtInf>BESTSTAFF LIMITED//18/38</AddtlRmtInf></Strd></RmtInf><RltdDts><TxDtTm>2018-09-28T02:05:36</TxDtTm></RltdDts><AddtlTxInf>4000000003974782003020180928826309951</AddtlTxInf></TxDtls><AddtlNtryInf>COMPLETE//0000//003//CREDIT</AddtlNtryInf></Ntry></Ntfctn></BkToCstmrDbtCdtNtfctnV01></Document>