<?xml version="1.0" encoding="UTF-8"?><Document xmlns:xsi="http://www.w3.org/2001/XMLSchema-instance" xmlns="urn:iso:std:iso:20022:tech:xsd:camt.054.001.01"><BkToCstmrDbtCdtNtfctnV01><GrpHdr><MsgId>80309K//12407</MsgId><CreDtTm>2018-09-04T12:00:00</CreDtTm></GrpHdr><Ntfctn><Id>80309K//12407//1</Id><CreDtTm>2018-09-04T12:00:00</CreDtTm><Acct><Id><PrtryAcct><Id>20594233939774</Id></PrtryAcct></Id><Ccy>GBP</Ccy></Acct><TxsSummry><TtlNtries><NbOfNtries>6</NbOfNtries><Sum>206.21</Sum></TtlNtries><TtlCdtNtries><NbOfNtries>6</NbOfNtries><Sum>206.21</Sum></TtlCdtNtries><TtlDbtNtries><NbOfNtries>0</NbOfNtries><Sum>0.00</Sum></TtlDbtNtries></TxsSummry><Ntry><Amt Ccy="GBP">36.21</Amt><CdtDbtInd>CRDT</CdtDbtInd><Sts>BOOK</Sts><BookgDt><Dt>2018-09-04</Dt></BookgDt><BkTxCd><Prtry><Cd>SIP UKBA CR 40269</Cd></Prtry></BkTxCd><TxDtls><Refs><EndToEndId>BITTAYE YA AWA</EndToEndId><TxId>TW0000000039171979</TxId></Refs><RltdPties><Dbtr><Nm>Transferwise Ltd</Nm><PstlAdr><AdrLine>56 Shoreditch High Street;London;</AdrLine><AdrLine>E1 6JJ;GB</AdrLine><Ctry/></PstlAdr></Dbtr><DbtrAcct><Id><PrtryAcct><Id>23147077752332</Id></PrtryAcct></Id></DbtrAcct><Cdtr><Nm>Daniel Daniel</Nm></Cdtr><CdtrAcct><Id><PrtryAcct><Id>23008200428074</Id></PrtryAcct></Id></CdtrAcct><Prtry><Tp>BITTAYE YA AWA</Tp><Pty/></Prtry></RltdPties><RmtInf><Strd><AddtlRmtInf>NO REF</AddtlRmtInf></Strd><Strd><AddtlRmtInf>Transferwise Ltd//BITTAYE YA AWA</AddtlRmtInf></Strd></RmtInf><RltdDts><TxDtTm>2018-09-04T11:31:20</TxDtTm></RltdDts><AddtlTxInf>TW00000000391719791020180904826231470</AddtlTxInf></TxDtls><AddtlNtryInf>COMPLETE//0000//001//CREDIT</AddtlNtryInf></Ntry><Ntry><Amt Ccy="GBP">100.00</Amt><CdtDbtInd>CRDT</CdtDbtInd><Sts>BOOK</Sts><BookgDt><Dt>2018-09-04</Dt></BookgDt><BkTxCd><Prtry><Cd>SIP UKBA CR 40269</Cd></Prtry></BkTxCd><TxDtls><Refs><EndToEndId>NOREF</EndToEndId><TxId>34113713395324000N</TxId><Prtry><Tp>STO REF</Tp><Ref>0000</Ref></Prtry></Refs><RltdPties><Dbtr><Nm>DWPGB UC FASTER PA</Nm></Dbtr><DbtrAcct><Id><PrtryAcct><Id>60708010025855</Id></PrtryAcct></Id></DbtrAcct><Cdtr><Nm>MISS CATHERINE ELIZABETH BURNS</Nm></Cdtr><CdtrAcct><Id><PrtryAcct><Id>23008200095163</Id></PrtryAcct></Id></CdtrAcct><Prtry><Tp>000Q65W2H DWP UC</Tp><Pty/></Prtry></RltdPties><RmtInf><Strd><AddtlRmtInf>000Q65W2H DWP UC</AddtlRmtInf></Strd><Strd><AddtlRmtInf>DWPGB UC FASTER PA//000Q65W2H DWP UC</AddtlRmtInf></Strd></RmtInf><RltdDts><TxDtTm>2018-09-04T11:37:13</TxDtTm></RltdDts><AddtlTxInf>34113713395324000N1020180904826607080</AddtlTxInf></TxDtls><AddtlNtryInf>COMPLETE//0000//001//CREDIT</AddtlNtryInf></Ntry><Ntry><Amt Ccy="GBP">10.00</Amt><CdtDbtInd>CRDT</CdtDbtInd><Sts>BOOK</Sts><BookgDt><Dt>2018-09-04</Dt></BookgDt><BkTxCd><Prtry><Cd>SIP UKBA CR 40269</Cd></Prtry></BkTxCd><TxDtls><Refs><EndToEndId>NOREF</EndToEndId><TxId>FP18247O11273431</TxId></Refs><RltdPties><Dbtr><Nm>Msoni Nasson</Nm></Dbtr><DbtrAcct><Id><PrtryAcct><Id>07043609400205</Id></PrtryAcct></Id></DbtrAcct><Cdtr><Nm>GOOD SELF</Nm></Cdtr><CdtrAcct><Id><PrtryAcct><Id>23008200087484</Id></PrtryAcct></Id></CdtrAcct><Prtry><Tp>5574220162052897</Tp><Pty/></Prtry></RltdPties><RmtInf><Strd><AddtlRmtInf>NO REF</AddtlRmtInf></Strd><Strd><AddtlRmtInf>Msoni Nasson//5574220162052897</AddtlRmtInf></Strd></RmtInf><RltdDts><TxDtTm>2018-09-04T11:42:18</TxDtTm></RltdDts><AddtlTxInf>FP18247O11273431  1020180904826070436</AddtlTxInf></TxDtls><AddtlNtryInf>COMPLETE//0000//001//CREDIT</AddtlNtryInf></Ntry><Ntry><Amt Ccy="GBP">5.00</Amt><CdtDbtInd>CRDT</CdtDbtInd><Sts>BOOK</Sts><BookgDt><Dt>2018-09-04</Dt></BookgDt><BkTxCd><Prtry><Cd>SIP UKBA CR 40269</Cd></Prtry></BkTxCd><TxDtls><Refs><EndToEndId>NOREF</EndToEndId><TxId>FP18247O11274284</TxId></Refs><RltdPties><Dbtr><Nm>Msoni Nasson</Nm></Dbtr><DbtrAcct><Id><PrtryAcct><Id>07043609400205</Id></PrtryAcct></Id></DbtrAcct><Cdtr><Nm>GOOD SELF</Nm></Cdtr><CdtrAcct><Id><PrtryAcct><Id>23008200087484</Id></PrtryAcct></Id></CdtrAcct><Prtry><Tp>5574220162052897</Tp><Pty/></Prtry></RltdPties><RmtInf><Strd><AddtlRmtInf>NO REF</AddtlRmtInf></Strd><Strd><AddtlRmtInf>Msoni Nasson//5574220162052897</AddtlRmtInf></Strd></RmtInf><RltdDts><TxDtTm>2018-09-04T11:43:15</TxDtTm></RltdDts><AddtlTxInf>FP18247O11274284  1020180904826070436</AddtlTxInf></TxDtls><AddtlNtryInf>COMPLETE//0000//001//CREDIT</AddtlNtryInf></Ntry><Ntry><Amt Ccy="GBP">25.00</Amt><CdtDbtInd>CRDT</CdtDbtInd><Sts>BOOK</Sts><BookgDt><Dt>2018-09-04</Dt></BookgDt><BkTxCd><Prtry><Cd>SIP UKBA CR 40269</Cd></Prtry></BkTxCd><TxDtls><Refs><EndToEndId>NOREF</EndToEndId><TxId>100000000384199965</TxId></Refs><RltdPties><Dbtr><Nm>C Hudson</Nm></Dbtr><DbtrAcct><Id><PrtryAcct><Id>77272417105860</Id></PrtryAcct></Id></DbtrAcct><Cdtr><Nm>KATHLEEN WILSON</Nm></Cdtr><CdtrAcct><Id><PrtryAcct><Id>23008200329986</Id></PrtryAcct></Id></CdtrAcct><Prtry><Tp>RENT</Tp><Pty/></Prtry></RltdPties><RmtInf><Strd><AddtlRmtInf>NO REF</AddtlRmtInf></Strd><Strd><AddtlRmtInf>C Hudson//RENT</AddtlRmtInf></Strd></RmtInf><RltdDts><TxDtTm>2018-09-04T11:45:58</TxDtTm></RltdDts><AddtlTxInf>1000000003841999651020180904826772724</AddtlTxInf></TxDtls><AddtlNtryInf>COMPLETE//0000//001//CREDIT</AddtlNtryInf></Ntry><Ntry><Amt Ccy="GBP">30.00</Amt><CdtDbtInd>CRDT</CdtDbtInd><Sts>BOOK</Sts><BookgDt><Dt>2018-09-04</Dt></BookgDt><BkTxCd><Prtry><Cd>SIP UKBA CR 40269</Cd></Prtry></BkTxCd><TxDtls><Refs><EndToEndId>NOREF</EndToEndId><TxId>RP4679960563237500</TxId></Refs><RltdPties><Dbtr><Nm>ODOOM F</Nm></Dbtr><DbtrAcct><Id><PrtryAcct><Id>20665593806561</Id></PrtryAcct></Id></DbtrAcct><Cdtr><Nm>F ODOOM</Nm></Cdtr><CdtrAcct><Id><PrtryAcct><Id>23008200209845</Id></PrtryAcct></Id></CdtrAcct><Prtry><Tp>NEW</Tp><Pty/></Prtry></RltdPties><RmtInf><Strd><AddtlRmtInf>NO REF</AddtlRmtInf></Strd><Strd><AddtlRmtInf>ODOOM F//NEW</AddtlRmtInf></Strd></RmtInf><RltdDts><TxDtTm>2018-09-04T11:52:37</TxDtTm></RltdDts><AddtlTxInf>RP46799605632375001020180904826200026</AddtlTxInf></TxDtls><AddtlNtryInf>COMPLETE//0000//001//CREDIT</AddtlNtryInf></Ntry></Ntfctn></BkToCstmrDbtCdtNtfctnV01></Document>