<?xml version="1.0" encoding="UTF-8"?><Document xmlns:xsi="http://www.w3.org/2001/XMLSchema-instance" xmlns="urn:iso:std:iso:20022:tech:xsd:camt.054.001.01"><BkToCstmrDbtCdtNtfctnV01><GrpHdr><MsgId>80309K//12454</MsgId><CreDtTm>2018-09-05T14:30:00</CreDtTm></GrpHdr><Ntfctn><Id>80309K//12454//1</Id><CreDtTm>2018-09-05T14:30:00</CreDtTm><Acct><Id><PrtryAcct><Id>20594233939774</Id></PrtryAcct></Id><Ccy>GBP</Ccy></Acct><TxsSummry><TtlNtries><NbOfNtries>22</NbOfNtries><Sum>13550.93</Sum></TtlNtries><TtlCdtNtries><NbOfNtries>19</NbOfNtries><Sum>3948.63</Sum></TtlCdtNtries><TtlDbtNtries><NbOfNtries>3</NbOfNtries><Sum>9602.30</Sum></TtlDbtNtries></TxsSummry><Ntry><Amt Ccy="GBP">240.00</Amt><CdtDbtInd>CRDT</CdtDbtInd><Sts>BOOK</Sts><BookgDt><Dt>2018-09-05</Dt></BookgDt><BkTxCd><Prtry><Cd>SIP UKBA CR 40269</Cd></Prtry></BkTxCd><TxDtls><Refs><EndToEndId>NOREF</EndToEndId><TxId>RP4659983903031000</TxId></Refs><RltdPties><Dbtr><Nm>T A MARSHALL</Nm></Dbtr><DbtrAcct><Id><PrtryAcct><Id>20396480598240</Id></PrtryAcct></Id></DbtrAcct><Cdtr><Nm>T A MARSHALL</Nm></Cdtr><CdtrAcct><Id><PrtryAcct><Id>23008200033369</Id></PrtryAcct></Id></CdtrAcct><Prtry><Tp>INSURANCE</Tp><Pty/></Prtry></RltdPties><RmtInf><Strd><AddtlRmtInf>NO REF</AddtlRmtInf></Strd><Strd><AddtlRmtInf>T A MARSHALL//INSURANCE</AddtlRmtInf></Strd></RmtInf><RltdDts><TxDtTm>2018-09-05T14:00:33</TxDtTm></RltdDts><AddtlTxInf>RP46599839030310001020180905826200026</AddtlTxInf></TxDtls><AddtlNtryInf>COMPLETE//0000//002//CREDIT</AddtlNtryInf></Ntry><Ntry><Amt Ccy="GBP">420.00</Amt><CdtDbtInd>CRDT</CdtDbtInd><Sts>BOOK</Sts><BookgDt><Dt>2018-09-05</Dt></BookgDt><BkTxCd><Prtry><Cd>SIP UKBA CR 40269</Cd></Prtry></BkTxCd><TxDtls><Refs><EndToEndId>NOREF</EndToEndId><TxId>RP4679960672744900</TxId></Refs><RltdPties><Dbtr><Nm>ALL STAR VAL LTD</Nm></Dbtr><DbtrAcct><Id><PrtryAcct><Id>20681563575136</Id></PrtryAcct></Id></DbtrAcct><Cdtr><Nm>ZAZA ZVIAD</Nm></Cdtr><CdtrAcct><Id><PrtryAcct><Id>23008200176218</Id></PrtryAcct></Id></CdtrAcct><Prtry><Tp>FEES WEEK 35</Tp><Pty/></Prtry></RltdPties><RmtInf><Strd><AddtlRmtInf>NO REF</AddtlRmtInf></Strd><Strd><AddtlRmtInf>ALL STAR VAL LTD//FEES WEEK 35</AddtlRmtInf></Strd></RmtInf><RltdDts><TxDtTm>2018-09-05T14:05:13</TxDtTm></RltdDts><AddtlTxInf>RP46799606727449001020180905826200026</AddtlTxInf></TxDtls><AddtlNtryInf>COMPLETE//0000//002//CREDIT</AddtlNtryInf></Ntry><Ntry><Amt Ccy="GBP">103.25</Amt><CdtDbtInd>CRDT</CdtDbtInd><Sts>BOOK</Sts><BookgDt><Dt>2018-09-05</Dt></BookgDt><BkTxCd><Prtry><Cd>SIP UKBA CR 40269</Cd></Prtry></BkTxCd><TxDtls><Refs><EndToEndId>NOREF</EndToEndId><TxId>41777114014155F4SW</TxId><Prtry><Tp>STO REF</Tp><Ref>0000</Ref></Prtry></Refs><RltdPties><Dbtr><Nm>SKRILL LIMITED</Nm><PstlAdr><AdrLine>LONDON</AdrLine><Ctry/></PstlAdr></Dbtr><DbtrAcct><Id><PrtryAcct><Id>40486563717002</Id></PrtryAcct></Id></DbtrAcct><Cdtr><Nm>JAMES YIANNAKOU</Nm></Cdtr><CdtrAcct><Id><PrtryAcct><Id>23008200311347</Id></PrtryAcct></Id></CdtrAcct><Prtry><Tp>TRN2478203334</Tp><Pty/></Prtry></RltdPties><RmtInf><Strd><AddtlRmtInf>NO REF</AddtlRmtInf></Strd><Strd><AddtlRmtInf>SKRILL LIMITED//TRN2478203334</AddtlRmtInf></Strd></RmtInf><RltdDts><TxDtTm>2018-09-05T14:10:42</TxDtTm></RltdDts><AddtlTxInf>41777114014155F4SW1020180905826400530</AddtlTxInf></TxDtls><AddtlNtryInf>COMPLETE//0000//002//CREDIT</AddtlNtryInf></Ntry><Ntry><Amt Ccy="GBP">103.01</Amt><CdtDbtInd>CRDT</CdtDbtInd><Sts>BOOK</Sts><BookgDt><Dt>2018-09-05</Dt></BookgDt><BkTxCd><Prtry><Cd>SIP UKBA CR 40269</Cd></Prtry></BkTxCd><TxDtls><Refs><EndToEndId>NOREF</EndToEndId><TxId>99373040214171F6SW</TxId><Prtry><Tp>STO REF</Tp><Ref>0000</Ref></Prtry></Refs><RltdPties><Dbtr><Nm>SKRILL LIMITED</Nm><PstlAdr><AdrLine>LONDON</AdrLine><Ctry/></PstlAdr></Dbtr><DbtrAcct><Id><PrtryAcct><Id>40486563717002</Id></PrtryAcct></Id></DbtrAcct><Cdtr><Nm>CHARLIE BRIGGS</Nm></Cdtr><CdtrAcct><Id><PrtryAcct><Id>23008200311487</Id></PrtryAcct></Id></CdtrAcct><Prtry><Tp>TRN2478182872</Tp><Pty/></Prtry></RltdPties><RmtInf><Strd><AddtlRmtInf>NO REF</AddtlRmtInf></Strd><Strd><AddtlRmtInf>SKRILL LIMITED//TRN2478182872</AddtlRmtInf></Strd></RmtInf><RltdDts><TxDtTm>2018-09-05T14:12:11</TxDtTm></RltdDts><AddtlTxInf>99373040214171F6SW1020180905826400530</AddtlTxInf></TxDtls><AddtlNtryInf>COMPLETE//0000//002//CREDIT</AddtlNtryInf></Ntry><Ntry><Amt Ccy="GBP">102.00</Amt><CdtDbtInd>CRDT</CdtDbtInd><Sts>BOOK</Sts><BookgDt><Dt>2018-09-05</Dt></BookgDt><BkTxCd><Prtry><Cd>SIP UKBA CR 40269</Cd></Prtry></BkTxCd><TxDtls><Refs><EndToEndId>NOREF</EndToEndId><TxId>04386152214158F9SW</TxId><Prtry><Tp>STO REF</Tp><Ref>0000</Ref></Prtry></Refs><RltdPties><Dbtr><Nm>SKRILL LIMITED</Nm><PstlAdr><AdrLine>LONDON</AdrLine><Ctry/></PstlAdr></Dbtr><DbtrAcct><Id><PrtryAcct><Id>40486563717002</Id></PrtryAcct></Id></DbtrAcct><Cdtr><Nm>JAMES HAYES</Nm></Cdtr><CdtrAcct><Id><PrtryAcct><Id>23008200311389</Id></PrtryAcct></Id></CdtrAcct><Prtry><Tp>TRN2478199534</Tp><Pty/></Prtry></RltdPties><RmtInf><Strd><AddtlRmtInf>NO REF</AddtlRmtInf></Strd><Strd><AddtlRmtInf>SKRILL LIMITED//TRN2478199534</AddtlRmtInf></Strd></RmtInf><RltdDts><TxDtTm>2018-09-05T14:12:30</TxDtTm></RltdDts><AddtlTxInf>04386152214158F9SW1020180905826400530</AddtlTxInf></TxDtls><AddtlNtryInf>COMPLETE//0000//002//CREDIT</AddtlNtryInf></Ntry><Ntry><Amt Ccy="GBP">103.03</Amt><CdtDbtInd>CRDT</CdtDbtInd><Sts>BOOK</Sts><BookgDt><Dt>2018-09-05</Dt></BookgDt><BkTxCd><Prtry><Cd>SIP UKBA CR 40269</Cd></Prtry></BkTxCd><TxDtls><Refs><EndToEndId>NOREF</EndToEndId><TxId>87767782214174F5SW</TxId><Prtry><Tp>STO REF</Tp><Ref>0000</Ref></Prtry></Refs><RltdPties><Dbtr><Nm>SKRILL LIMITED</Nm><PstlAdr><AdrLine>LONDON</AdrLine><Ctry/></PstlAdr></Dbtr><DbtrAcct><Id><PrtryAcct><Id>40486563717002</Id></PrtryAcct></Id></DbtrAcct><Cdtr><Nm>JUNIOR WEBB</Nm></Cdtr><CdtrAcct><Id><PrtryAcct><Id>23008200312317</Id></PrtryAcct></Id></CdtrAcct><Prtry><Tp>TRN2478174490</Tp><Pty/></Prtry></RltdPties><RmtInf><Strd><AddtlRmtInf>NO REF</AddtlRmtInf></Strd><Strd><AddtlRmtInf>SKRILL LIMITED//TRN2478174490</AddtlRmtInf></Strd></RmtInf><RltdDts><TxDtTm>2018-09-05T14:12:41</TxDtTm></RltdDts><AddtlTxInf>87767782214174F5SW1020180905826400530</AddtlTxInf></TxDtls><AddtlNtryInf>COMPLETE//0000//002//CREDIT</AddtlNtryInf></Ntry><Ntry><Amt Ccy="GBP">103.04</Amt><CdtDbtInd>CRDT</CdtDbtInd><Sts>BOOK</Sts><BookgDt><Dt>2018-09-05</Dt></BookgDt><BkTxCd><Prtry><Cd>SIP UKBA CR 40269</Cd></Prtry></BkTxCd><TxDtls><Refs><EndToEndId>NOREF</EndToEndId><TxId>87767782214201F5SW</TxId><Prtry><Tp>STO REF</Tp><Ref>0000</Ref></Prtry></Refs><RltdPties><Dbtr><Nm>SKRILL LIMITED</Nm><PstlAdr><AdrLine>LONDON</AdrLine><Ctry/></PstlAdr></Dbtr><DbtrAcct><Id><PrtryAcct><Id>40486563717002</Id></PrtryAcct></Id></DbtrAcct><Cdtr><Nm>CHRISTOPHER BRAY</Nm></Cdtr><CdtrAcct><Id><PrtryAcct><Id>23008200311604</Id></PrtryAcct></Id></CdtrAcct><Prtry><Tp>TRN2478187326</Tp><Pty/></Prtry></RltdPties><RmtInf><Strd><AddtlRmtInf>NO REF</AddtlRmtInf></Strd><Strd><AddtlRmtInf>SKRILL LIMITED//TRN2478187326</AddtlRmtInf></Strd></RmtInf><RltdDts><TxDtTm>2018-09-05T14:13:03</TxDtTm></RltdDts><AddtlTxInf>87767782214201F5SW1020180905826400530</AddtlTxInf></TxDtls><AddtlNtryInf>COMPLETE//0000//002//CREDIT</AddtlNtryInf></Ntry><Ntry><Amt Ccy="GBP">85.00</Amt><CdtDbtInd>CRDT</CdtDbtInd><Sts>BOOK</Sts><BookgDt><Dt>2018-09-05</Dt></BookgDt><BkTxCd><Prtry><Cd>SIP UKBA CR 40269</Cd></Prtry></BkTxCd><TxDtls><Refs><EndToEndId>PPWD00000000AL0HM4</EndToEndId><TxId>PPWD00000000AL0HM4</TxId></Refs><RltdPties><Dbtr><Nm>PayPal</Nm><PstlAdr><AdrLine>2211 N 1st Street San Jose CA 95131</AdrLine><Ctry/></PstlAdr></Dbtr><DbtrAcct><Id><PrtryAcct><Id>23526278959595</Id></PrtryAcct></Id></DbtrAcct><Cdtr><Nm>nicholas jones</Nm><PstlAdr><AdrLine>56 Harold Street</AdrLine><Ctry/></PstlAdr></Cdtr><CdtrAcct><Id><PrtryAcct><Id>23008200351123</Id></PrtryAcct></Id></CdtrAcct><Prtry><Tp>PPWDL4J322AKTLYSSA</Tp><Pty/></Prtry></RltdPties><RmtInf><Strd><RfrdDocInf><RfrdDocTp><Prtry>002</Prtry></RfrdDocTp></RfrdDocInf><AddtlRmtInf>NO REF</AddtlRmtInf></Strd><Strd><AddtlRmtInf>PayPal//PPWDL4J322AKTLYSSA</AddtlRmtInf></Strd></RmtInf><RltdDts><TxDtTm>2018-09-05T14:14:58</TxDtTm></RltdDts><AddtlTxInf>PPWD00000000AL0HM41020180905826235262</AddtlTxInf></TxDtls><AddtlNtryInf>COMPLETE//0000//002//CREDIT</AddtlNtryInf></Ntry><Ntry><Amt Ccy="GBP">1050.00</Amt><CdtDbtInd>CRDT</CdtDbtInd><Sts>BOOK</Sts><BookgDt><Dt>2018-09-05</Dt></BookgDt><BkTxCd><Prtry><Cd>SIP UKBA CR 40269</Cd></Prtry></BkTxCd><TxDtls><Refs><EndToEndId>00151644632BBGHQGZ</EndToEndId><TxId>00151644632BBGHQGZ</TxId></Refs><RltdPties><Dbtr><Nm>GARY CONROY</Nm></Dbtr><DbtrAcct><Id><PrtryAcct><Id>09012668358331</Id></PrtryAcct></Id></DbtrAcct><Cdtr><Nm>singhy4</Nm></Cdtr><CdtrAcct><Id><PrtryAcct><Id>23008200401300</Id></PrtryAcct></Id></CdtrAcct><Prtry><Tp>rent</Tp><Pty/></Prtry></RltdPties><RmtInf><Strd><AddtlRmtInf>NO REF</AddtlRmtInf></Strd><Strd><AddtlRmtInf>GARY CONROY//rent</AddtlRmtInf></Strd></RmtInf><RltdDts><TxDtTm>2018-09-05T14:15:20</TxDtTm></RltdDts><AddtlTxInf>00151644632BBGHQGZ1020180905826090126</AddtlTxInf></TxDtls><AddtlNtryInf>COMPLETE//0000//002//CREDIT</AddtlNtryInf></Ntry><Ntry><Amt Ccy="GBP">230.00</Amt><CdtDbtInd>CRDT</CdtDbtInd><Sts>BOOK</Sts><BookgDt><Dt>2018-09-05</Dt></BookgDt><BkTxCd><Prtry><Cd>DCA UKBA CR 40269</Cd></Prtry></BkTxCd><TxDtls><Refs><EndToEndId>NOREF</EndToEndId><TxId>000000013480655101</TxId><Prtry><Tp>STO REF</Tp><Ref>0000</Ref></Prtry></Refs><RltdPties><Dbtr><Nm>23327201561444</Nm></Dbtr><DbtrAcct><Id><PrtryAcct><Id>20594263428524</Id></PrtryAcct></Id></DbtrAcct><Cdtr><Nm>PATRIK DEMETER</Nm></Cdtr><CdtrAcct><Id><PrtryAcct><Id>23008200412094</Id></PrtryAcct></Id></CdtrAcct><Prtry><Tp>5574220192463486</Tp><Pty/></Prtry></RltdPties><RmtInf><Strd><AddtlRmtInf>NO REF</AddtlRmtInf></Strd><Strd><AddtlRmtInf>23327201561444//5574220192463486</AddtlRmtInf></Strd></RmtInf><RltdDts><TxDtTm>2018-09-05T14:16:59</TxDtTm></RltdDts><AddtlTxInf>0000000134806551015020180905826205942</AddtlTxInf></TxDtls><AddtlNtryInf>COMPLETE//0000//002//CREDIT</AddtlNtryInf></Ntry><Ntry><Amt Ccy="GBP">1100.00</Amt><CdtDbtInd>DBIT</CdtDbtInd><Sts>BOOK</Sts><BookgDt><Dt>2018-09-05</Dt></BookgDt><BkTxCd><Prtry><Cd>AUT UKBA DR 30278</Cd></Prtry></BkTxCd><TxDtls><Refs><TxId>000000000335371600</TxId></Refs><RltdPties><DbtrAcct><Id><PrtryAcct><Id>20594233939774</Id></PrtryAcct></Id></DbtrAcct></RltdPties><RmtInf><Strd><AddtlRmtInf>NO REF</AddtlRmtInf></Strd><Strd><AddtlRmtInf>20180905A44639//7S      F1CTHSF063</AddtlRmtInf></Strd></RmtInf><RltdDts><TxDtTm>2018-09-05T14:17:12</TxDtTm></RltdDts><AddtlTxInf>0000000003353716000020180905826205942</AddtlTxInf></TxDtls><AddtlNtryInf>AUTHSENT//0000//002//DEBIT</AddtlNtryInf></Ntry><Ntry><Amt Ccy="GBP">5457.30</Amt><CdtDbtInd>DBIT</CdtDbtInd><Sts>BOOK</Sts><BookgDt><Dt>2018-09-05</Dt></BookgDt><BkTxCd><Prtry><Cd>AUT UKBA DR 30278</Cd></Prtry></BkTxCd><TxDtls><Refs><TxId>000000000335371700</TxId></Refs><RltdPties><DbtrAcct><Id><PrtryAcct><Id>20594233939774</Id></PrtryAcct></Id></DbtrAcct></RltdPties><RmtInf><Strd><AddtlRmtInf>NO REF</AddtlRmtInf></Strd><Strd><AddtlRmtInf>20180905A44639//7S      F1CKCTB061</AddtlRmtInf></Strd></RmtInf><RltdDts><TxDtTm>2018-09-05T14:17:20</TxDtTm></RltdDts><AddtlTxInf>0000000003353717000020180905826205942</AddtlTxInf></TxDtls><AddtlNtryInf>AUTHSENT//0000//002//DEBIT</AddtlNtryInf></Ntry><Ntry><Amt Ccy="GBP">3045.00</Amt><CdtDbtInd>DBIT</CdtDbtInd><Sts>BOOK</Sts><BookgDt><Dt>2018-09-05</Dt></BookgDt><BkTxCd><Prtry><Cd>AUT UKBA DR 30278</Cd></Prtry></BkTxCd><TxDtls><Refs><TxId>000000000335371800</TxId></Refs><RltdPties><DbtrAcct><Id><PrtryAcct><Id>20594233939774</Id></PrtryAcct></Id></DbtrAcct></RltdPties><RmtInf><Strd><AddtlRmtInf>NO REF</AddtlRmtInf></Strd><Strd><AddtlRmtInf>20180905A44639//7S      F1CKB8M059</AddtlRmtInf></Strd></RmtInf><RltdDts><TxDtTm>2018-09-05T14:17:30</TxDtTm></RltdDts><AddtlTxInf>0000000003353718000020180905826205942</AddtlTxInf></TxDtls><AddtlNtryInf>AUTHSENT//0000//002//DEBIT</AddtlNtryInf></Ntry><Ntry><Amt Ccy="GBP">102.00</Amt><CdtDbtInd>CRDT</CdtDbtInd><Sts>BOOK</Sts><BookgDt><Dt>2018-09-05</Dt></BookgDt><BkTxCd><Prtry><Cd>SIP UKBA CR 40269</Cd></Prtry></BkTxCd><TxDtls><Refs><EndToEndId>NOREF</EndToEndId><TxId>32544465124156F7SW</TxId><Prtry><Tp>STO REF</Tp><Ref>0000</Ref></Prtry></Refs><RltdPties><Dbtr><Nm>SKRILL LIMITED</Nm><PstlAdr><AdrLine>LONDON</AdrLine><Ctry/></PstlAdr></Dbtr><DbtrAcct><Id><PrtryAcct><Id>40486563717002</Id></PrtryAcct></Id></DbtrAcct><Cdtr><Nm>AFAF AHMED</Nm></Cdtr><CdtrAcct><Id><PrtryAcct><Id>23008200308578</Id></PrtryAcct></Id></CdtrAcct><Prtry><Tp>TRN2478192811</Tp><Pty/></Prtry></RltdPties><RmtInf><Strd><AddtlRmtInf>NO REF</AddtlRmtInf></Strd><Strd><AddtlRmtInf>SKRILL LIMITED//TRN2478192811</AddtlRmtInf></Strd></RmtInf><RltdDts><TxDtTm>2018-09-05T14:21:59</TxDtTm></RltdDts><AddtlTxInf>32544465124156F7SW1020180905826400530</AddtlTxInf></TxDtls><AddtlNtryInf>COMPLETE//0000//002//CREDIT</AddtlNtryInf></Ntry><Ntry><Amt Ccy="GBP">30.00</Amt><CdtDbtInd>CRDT</CdtDbtInd><Sts>BOOK</Sts><BookgDt><Dt>2018-09-05</Dt></BookgDt><BkTxCd><Prtry><Cd>DCA UKBA CR 40269</Cd></Prtry></BkTxCd><TxDtls><Refs><EndToEndId>NOREF</EndToEndId><TxId>000000013480716901</TxId><Prtry><Tp>STO REF</Tp><Ref>8207</Ref></Prtry></Refs><RltdPties><Dbtr><Nm>EVA AMBER DONKER</Nm></Dbtr><DbtrAcct><Id><PrtryAcct><Id>20035373152596</Id></PrtryAcct></Id></DbtrAcct><Cdtr><Nm>EMANNUEL PETERS</Nm></Cdtr><CdtrAcct><Id><PrtryAcct><Id>23008200430011</Id></PrtryAcct></Id></CdtrAcct><Prtry><Tp>EMANNUEL PETERS</Tp><Pty/></Prtry></RltdPties><RmtInf><Strd><AddtlRmtInf>NO REF</AddtlRmtInf></Strd><Strd><AddtlRmtInf>EVA AMBER DONKER//EMANNUEL PETERS</AddtlRmtInf></Strd></RmtInf><RltdDts><TxDtTm>2018-09-05T14:22:25</TxDtTm></RltdDts><AddtlTxInf>0000000134807169015020180905826200353</AddtlTxInf></TxDtls><AddtlNtryInf>COMPLETE//0000//002//CREDIT</AddtlNtryInf></Ntry><Ntry><Amt Ccy="GBP">1000.00</Amt><CdtDbtInd>CRDT</CdtDbtInd><Sts>BOOK</Sts><BookgDt><Dt>2018-09-05</Dt></BookgDt><BkTxCd><Prtry><Cd>DCA UKBA CR 40269</Cd></Prtry></BkTxCd><TxDtls><Refs><EndToEndId>NOREF</EndToEndId><TxId>000000013480701501</TxId><Prtry><Tp>STO REF</Tp><Ref>2235</Ref></Prtry></Refs><RltdPties><Dbtr><Nm>K BELOZOROVAS</Nm></Dbtr><DbtrAcct><Id><PrtryAcct><Id>20035373152596</Id></PrtryAcct></Id></DbtrAcct><Cdtr><Nm>KAROLIS BELOZOROVA</Nm></Cdtr><CdtrAcct><Id><PrtryAcct><Id>23008200429369</Id></PrtryAcct></Id></CdtrAcct><Prtry><Tp>5533SA</Tp><Pty/></Prtry></RltdPties><RmtInf><Strd><AddtlRmtInf>NO REF</AddtlRmtInf></Strd><Strd><AddtlRmtInf>K BELOZOROVAS//5533SA</AddtlRmtInf></Strd></RmtInf><RltdDts><TxDtTm>2018-09-05T14:22:25</TxDtTm></RltdDts><AddtlTxInf>0000000134807015015020180905826200353</AddtlTxInf></TxDtls><AddtlNtryInf>COMPLETE//0000//002//CREDIT</AddtlNtryInf></Ntry><Ntry><Amt Ccy="GBP">30.00</Amt><CdtDbtInd>CRDT</CdtDbtInd><Sts>BOOK</Sts><BookgDt><Dt>2018-09-05</Dt></BookgDt><BkTxCd><Prtry><Cd>DCA UKBA CR 40269</Cd></Prtry></BkTxCd><TxDtls><Refs><EndToEndId>NOREF</EndToEndId><TxId>000000013480717801</TxId><Prtry><Tp>STO REF</Tp><Ref>8207</Ref></Prtry></Refs><RltdPties><Dbtr><Nm>EVA AMBER DONKER</Nm></Dbtr><DbtrAcct><Id><PrtryAcct><Id>20035373152596</Id></PrtryAcct></Id></DbtrAcct><Cdtr><Nm>DELE MOMODU</Nm></Cdtr><CdtrAcct><Id><PrtryAcct><Id>23008200429946</Id></PrtryAcct></Id></CdtrAcct><Prtry><Tp>DELE MOMODU</Tp><Pty/></Prtry></RltdPties><RmtInf><Strd><AddtlRmtInf>NO REF</AddtlRmtInf></Strd><Strd><AddtlRmtInf>EVA AMBER DONKER//DELE MOMODU</AddtlRmtInf></Strd></RmtInf><RltdDts><TxDtTm>2018-09-05T14:22:26</TxDtTm></RltdDts><AddtlTxInf>0000000134807178015020180905826200353</AddtlTxInf></TxDtls><AddtlNtryInf>COMPLETE//0000//002//CREDIT</AddtlNtryInf></Ntry><Ntry><Amt Ccy="GBP">10.00</Amt><CdtDbtInd>CRDT</CdtDbtInd><Sts>BOOK</Sts><BookgDt><Dt>2018-09-05</Dt></BookgDt><BkTxCd><Prtry><Cd>SIP UKBA CR 40269</Cd></Prtry></BkTxCd><TxDtls><Refs><EndToEndId>00153425632BVWWTQS</EndToEndId><TxId>00153425632BVWWTQS</TxId></Refs><RltdPties><Dbtr><Nm>JOHN CROMPTON</Nm></Dbtr><DbtrAcct><Id><PrtryAcct><Id>09012893990988</Id></PrtryAcct></Id></DbtrAcct><Cdtr><Nm>J CROM ARRO</Nm></Cdtr><CdtrAcct><Id><PrtryAcct><Id>23008200431266</Id></PrtryAcct></Id></CdtrAcct><Prtry><Tp>arroaccount</Tp><Pty/></Prtry></RltdPties><RmtInf><Strd><AddtlRmtInf>NO REF</AddtlRmtInf></Strd><Strd><AddtlRmtInf>JOHN CROMPTON//arroaccount</AddtlRmtInf></Strd></RmtInf><RltdDts><TxDtTm>2018-09-05T14:24:49</TxDtTm></RltdDts><AddtlTxInf>00153425632BVWWTQS1020180905826090128</AddtlTxInf></TxDtls><AddtlNtryInf>COMPLETE//0000//002//CREDIT</AddtlNtryInf></Ntry><Ntry><Amt Ccy="GBP">49.00</Amt><CdtDbtInd>CRDT</CdtDbtInd><Sts>BOOK</Sts><BookgDt><Dt>2018-09-05</Dt></BookgDt><BkTxCd><Prtry><Cd>SIP UKBA CR 40269</Cd></Prtry></BkTxCd><TxDtls><Refs><EndToEndId>5000000564zPO09TSWH</EndToEndId><TxId>DF0000006397005200</TxId></Refs><RltdPties><Dbtr><Nm>Worldpay AP Ltd</Nm><PstlAdr><AdrLine>25 WalbrooLondonEC4N 8AF</AdrLine><Ctry/></PstlAdr></Dbtr><DbtrAcct><Id><PrtryAcct><Id>20364763140148</Id></PrtryAcct></Id></DbtrAcct><Cdtr><Nm>Connor Mileham</Nm><PstlAdr><AdrLine>Orbital Crescent 46WatfordWD25 0HAG</AdrLine><AdrLine>B</AdrLine><Ctry/></PstlAdr></Cdtr><CdtrAcct><Id><PrtryAcct><Id>23008200419944</Id></PrtryAcct></Id></CdtrAcct><Prtry><Tp>/-1930756021</Tp><Pty/></Prtry></RltdPties><RmtInf><Strd><AddtlRmtInf>/-1930756021</AddtlRmtInf></Strd><Strd><AddtlRmtInf>Worldpay AP Ltd///-1930756021</AddtlRmtInf></Strd></RmtInf><RltdDts><TxDtTm>2018-09-05T14:26:45</TxDtTm></RltdDts><AddtlTxInf>DF00000063970052001020180905826200000</AddtlTxInf></TxDtls><AddtlNtryInf>COMPLETE//0000//002//CREDIT</AddtlNtryInf></Ntry><Ntry><Amt Ccy="GBP">105.00</Amt><CdtDbtInd>CRDT</CdtDbtInd><Sts>BOOK</Sts><BookgDt><Dt>2018-09-05</Dt></BookgDt><BkTxCd><Prtry><Cd>SIP UKBA CR 40269</Cd></Prtry></BkTxCd><TxDtls><Refs><EndToEndId>5000000564zPO09TSZH</EndToEndId><TxId>DF0000006397005600</TxId></Refs><RltdPties><Dbtr><Nm>Worldpay AP Ltd</Nm><PstlAdr><AdrLine>25 WalbrooLondonEC4N 8AF</AdrLine><Ctry/></PstlAdr></Dbtr><DbtrAcct><Id><PrtryAcct><Id>20364763140148</Id></PrtryAcct></Id></DbtrAcct><Cdtr><Nm>Alexis Kleanthous</Nm><PstlAdr><AdrLine>Victorian Grove 73LondonN16 8EJGB</AdrLine><Ctry/></PstlAdr></Cdtr><CdtrAcct><Id><PrtryAcct><Id>23008200422395</Id></PrtryAcct></Id></CdtrAcct><Prtry><Tp>/-1930739177</Tp><Pty/></Prtry></RltdPties><RmtInf><Strd><AddtlRmtInf>/-1930739177</AddtlRmtInf></Strd><Strd><AddtlRmtInf>Worldpay AP Ltd///-1930739177</AddtlRmtInf></Strd></RmtInf><RltdDts><TxDtTm>2018-09-05T14:27:21</TxDtTm></RltdDts><AddtlTxInf>DF00000063970056001020180905826200000</AddtlTxInf></TxDtls><AddtlNtryInf>COMPLETE//0000//002//CREDIT</AddtlNtryInf></Ntry><Ntry><Amt Ccy="GBP">80.00</Amt><CdtDbtInd>CRDT</CdtDbtInd><Sts>BOOK</Sts><BookgDt><Dt>2018-09-05</Dt></BookgDt><BkTxCd><Prtry><Cd>SIP UKBA CR 40269</Cd></Prtry></BkTxCd><TxDtls><Refs><EndToEndId>NOREF</EndToEndId><TxId>RP4679960674888900</TxId></Refs><RltdPties><Dbtr><Nm>WHITE CHRISTOPHE</Nm></Dbtr><DbtrAcct><Id><PrtryAcct><Id>20709483520781</Id></PrtryAcct></Id></DbtrAcct><Cdtr><Nm>CHRISTOPHER WHITE</Nm></Cdtr><CdtrAcct><Id><PrtryAcct><Id>23008200292739</Id></PrtryAcct></Id></CdtrAcct><Prtry><Tp>MONEY</Tp><Pty/></Prtry></RltdPties><RmtInf><Strd><AddtlRmtInf>NO REF</AddtlRmtInf></Strd><Strd><AddtlRmtInf>WHITE CHRISTOPHE//MONEY</AddtlRmtInf></Strd></RmtInf><RltdDts><TxDtTm>2018-09-05T14:27:55</TxDtTm></RltdDts><AddtlTxInf>RP46799606748889001020180905826200026</AddtlTxInf></TxDtls><AddtlNtryInf>COMPLETE//0000//002//CREDIT</AddtlNtryInf></Ntry><Ntry><Amt Ccy="GBP">3.30</Amt><CdtDbtInd>CRDT</CdtDbtInd><Sts>BOOK</Sts><BookgDt><Dt>2018-09-05</Dt></BookgDt><BkTxCd><Prtry><Cd>SIP UKBA CR 40269</Cd></Prtry></BkTxCd><TxDtls><Refs><EndToEndId>NOREF</EndToEndId><TxId>RP4679960675066500</TxId></Refs><RltdPties><Dbtr><Nm>DADA O O</Nm></Dbtr><DbtrAcct><Id><PrtryAcct><Id>20246420620424</Id></PrtryAcct></Id></DbtrAcct><Cdtr><Nm>DAMMY DADA</Nm></Cdtr><CdtrAcct><Id><PrtryAcct><Id>23008200049400</Id></PrtryAcct></Id></CdtrAcct><Prtry><Tp>FIFA</Tp><Pty/></Prtry></RltdPties><RmtInf><Strd><AddtlRmtInf>NO REF</AddtlRmtInf></Strd><Strd><AddtlRmtInf>DADA O O//FIFA</AddtlRmtInf></Strd></RmtInf><RltdDts><TxDtTm>2018-09-05T14:29:41</TxDtTm></RltdDts><AddtlTxInf>RP46799606750665001020180905826200026</AddtlTxInf></TxDtls><AddtlNtryInf>COMPLETE//0000//002//CREDIT</AddtlNtryInf></Ntry></Ntfctn></BkToCstmrDbtCdtNtfctnV01></Document>