<?xml version="1.0" encoding="UTF-8"?><Document xmlns:xsi="http://www.w3.org/2001/XMLSchema-instance" xmlns="urn:iso:std:iso:20022:tech:xsd:camt.054.001.01"><BkToCstmrDbtCdtNtfctnV01><GrpHdr><MsgId>80309K//12423</MsgId><CreDtTm>2018-09-04T20:00:00</CreDtTm></GrpHdr><Ntfctn><Id>80309K//12423//1</Id><CreDtTm>2018-09-04T20:00:00</CreDtTm><Acct><Id><PrtryAcct><Id>20594233939774</Id></PrtryAcct></Id><Ccy>GBP</Ccy></Acct><TxsSummry><TtlNtries><NbOfNtries>8</NbOfNtries><Sum>3348.79</Sum></TtlNtries><TtlCdtNtries><NbOfNtries>8</NbOfNtries><Sum>3348.79</Sum></TtlCdtNtries><TtlDbtNtries><NbOfNtries>0</NbOfNtries><Sum>0.00</Sum></TtlDbtNtries></TxsSummry><Ntry><Amt Ccy="GBP">2500.00</Amt><CdtDbtInd>CRDT</CdtDbtInd><Sts>BOOK</Sts><BookgDt><Dt>2018-09-05</Dt></BookgDt><BkTxCd><Prtry><Cd>FDP UKBA CR 40269</Cd></Prtry></BkTxCd><TxDtls><Refs><EndToEndId>NOREF</EndToEndId><TxId>401500809541409001</TxId><Prtry><Tp>STO REF</Tp><Ref>0000</Ref></Prtry></Refs><RltdPties><Dbtr><Nm>PALMER S</Nm></Dbtr><DbtrAcct><Id><PrtryAcct><Id>40090094703413</Id></PrtryAcct></Id></DbtrAcct><Cdtr><Nm>seye</Nm></Cdtr><CdtrAcct><Id><PrtryAcct><Id>23008200406117</Id></PrtryAcct></Id></CdtrAcct><Prtry><Tp>Household repairs</Tp><Pty/></Prtry></RltdPties><RmtInf><Strd><AddtlRmtInf>NO REF</AddtlRmtInf></Strd><Strd><AddtlRmtInf>PALMER S//Household repairs</AddtlRmtInf></Strd></RmtInf><RltdDts><TxDtTm>2018-09-04T19:30:00</TxDtTm></RltdDts><AddtlTxInf>4015008095414090014020180904826400900</AddtlTxInf></TxDtls><AddtlNtryInf>COMPLETE//0000//003//CREDIT</AddtlNtryInf></Ntry><Ntry><Amt Ccy="GBP">90.00</Amt><CdtDbtInd>CRDT</CdtDbtInd><Sts>BOOK</Sts><BookgDt><Dt>2018-09-05</Dt></BookgDt><BkTxCd><Prtry><Cd>SIP UKBA CR 40269</Cd></Prtry></BkTxCd><TxDtls><Refs><EndToEndId>NOREF</EndToEndId><TxId>600000000385707744</TxId></Refs><RltdPties><Dbtr><Nm>Property Managemen</Nm></Dbtr><DbtrAcct><Id><PrtryAcct><Id>77911254865060</Id></PrtryAcct></Id></DbtrAcct><Cdtr><Nm>DEBORAH HIPPOLYTE</Nm></Cdtr><CdtrAcct><Id><PrtryAcct><Id>23008200054436</Id></PrtryAcct></Id></CdtrAcct><Prtry><Tp>HOUSEHOLD CLEAN</Tp><Pty/></Prtry></RltdPties><RmtInf><Strd><AddtlRmtInf>NO REF</AddtlRmtInf></Strd><Strd><AddtlRmtInf>Property Managemen//HOUSEHOLD CLEAN</AddtlRmtInf></Strd></RmtInf><RltdDts><TxDtTm>2018-09-04T19:31:36</TxDtTm></RltdDts><AddtlTxInf>6000000003857077441020180904826779112</AddtlTxInf></TxDtls><AddtlNtryInf>COMPLETE//0000//003//CREDIT</AddtlNtryInf></Ntry><Ntry><Amt Ccy="GBP">15.00</Amt><CdtDbtInd>CRDT</CdtDbtInd><Sts>BOOK</Sts><BookgDt><Dt>2018-09-05</Dt></BookgDt><BkTxCd><Prtry><Cd>SIP UKBA CR 40269</Cd></Prtry></BkTxCd><TxDtls><Refs><EndToEndId>NOREF</EndToEndId><TxId>RP4679960609934100</TxId></Refs><RltdPties><Dbtr><Nm>WHITE CHRISTOPHE</Nm></Dbtr><DbtrAcct><Id><PrtryAcct><Id>20709483520781</Id></PrtryAcct></Id></DbtrAcct><Cdtr><Nm>CHRISTOPHER WHITE</Nm></Cdtr><CdtrAcct><Id><PrtryAcct><Id>23008200292739</Id></PrtryAcct></Id></CdtrAcct><Prtry><Tp>MONEY</Tp><Pty/></Prtry></RltdPties><RmtInf><Strd><AddtlRmtInf>NO REF</AddtlRmtInf></Strd><Strd><AddtlRmtInf>WHITE CHRISTOPHE//MONEY</AddtlRmtInf></Strd></RmtInf><RltdDts><TxDtTm>2018-09-04T19:35:05</TxDtTm></RltdDts><AddtlTxInf>RP46799606099341001020180904826200026</AddtlTxInf></TxDtls><AddtlNtryInf>COMPLETE//0000//003//CREDIT</AddtlNtryInf></Ntry><Ntry><Amt Ccy="GBP">352.78</Amt><CdtDbtInd>CRDT</CdtDbtInd><Sts>BOOK</Sts><BookgDt><Dt>2018-09-05</Dt></BookgDt><BkTxCd><Prtry><Cd>SIP UKBA CR 40269</Cd></Prtry></BkTxCd><TxDtls><Refs><EndToEndId>BLUEBIRD CARE</EndToEndId><TxId>43194118131751000R</TxId><Prtry><Tp>STO REF</Tp><Ref>0000</Ref></Prtry></Refs><RltdPties><Dbtr><Nm>LAMBERT J&amp;K/BLUEBI</Nm></Dbtr><DbtrAcct><Id><PrtryAcct><Id>83190410159632</Id></PrtryAcct></Id></DbtrAcct><Cdtr><Nm>HELEN KNOX</Nm></Cdtr><CdtrAcct><Id><PrtryAcct><Id>23008200207585</Id></PrtryAcct></Id></CdtrAcct><Prtry><Tp>BLUEBIRD CARE</Tp><Pty/></Prtry></RltdPties><RmtInf><Strd><AddtlRmtInf>LAMBERT J&amp;K/BLUEBIBLUEBIRD CARE     VIA ONLINE - PYMT</AddtlRmtInf></Strd><Strd><AddtlRmtInf>LAMBERT J&amp;K/BLUEBI//BLUEBIRD CARE</AddtlRmtInf></Strd></RmtInf><RltdDts><TxDtTm>2018-09-04T19:41:18</TxDtTm></RltdDts><AddtlTxInf>43194118131751000R1020180904826831904</AddtlTxInf></TxDtls><AddtlNtryInf>COMPLETE//0000//003//CREDIT</AddtlNtryInf></Ntry><Ntry><Amt Ccy="GBP">65.00</Amt><CdtDbtInd>CRDT</CdtDbtInd><Sts>BOOK</Sts><BookgDt><Dt>2018-09-05</Dt></BookgDt><BkTxCd><Prtry><Cd>SIP UKBA CR 40269</Cd></Prtry></BkTxCd><TxDtls><Refs><EndToEndId>00153425632BVWPRFD</EndToEndId><TxId>00153425632BVWPRFD</TxId></Refs><RltdPties><Dbtr><Nm>NATALIE BELL</Nm></Dbtr><DbtrAcct><Id><PrtryAcct><Id>09012834182153</Id></PrtryAcct></Id></DbtrAcct><Cdtr><Nm>Miss A Westerman</Nm></Cdtr><CdtrAcct><Id><PrtryAcct><Id>23008200319323</Id></PrtryAcct></Id></CdtrAcct><Prtry><Tp>Belated bd gift</Tp><Pty/></Prtry></RltdPties><RmtInf><Strd><AddtlRmtInf>NO REF</AddtlRmtInf></Strd><Strd><AddtlRmtInf>NATALIE BELL//Belated bd gift</AddtlRmtInf></Strd></RmtInf><RltdDts><TxDtTm>2018-09-04T19:44:25</TxDtTm></RltdDts><AddtlTxInf>00153425632BVWPRFD1020180904826090128</AddtlTxInf></TxDtls><AddtlNtryInf>COMPLETE//0000//003//CREDIT</AddtlNtryInf></Ntry><Ntry><Amt Ccy="GBP">75.00</Amt><CdtDbtInd>CRDT</CdtDbtInd><Sts>BOOK</Sts><BookgDt><Dt>2018-09-05</Dt></BookgDt><BkTxCd><Prtry><Cd>SIP UKBA CR 40269</Cd></Prtry></BkTxCd><TxDtls><Refs><EndToEndId>NOREF</EndToEndId><TxId>478967924491409001</TxId><Prtry><Tp>STO REF</Tp><Ref>0000</Ref></Prtry></Refs><RltdPties><Dbtr><Nm>XU</Nm></Dbtr><DbtrAcct><Id><PrtryAcct><Id>40060254196880</Id></PrtryAcct></Id></DbtrAcct><Cdtr><Nm>Sela Motshwane</Nm></Cdtr><CdtrAcct><Id><PrtryAcct><Id>23008200101103</Id></PrtryAcct></Id></CdtrAcct><Prtry><Tp>ZX Botswana Trip</Tp><Pty/></Prtry></RltdPties><RmtInf><Strd><AddtlRmtInf>NO REF</AddtlRmtInf></Strd><Strd><AddtlRmtInf>XU//ZX Botswana Trip</AddtlRmtInf></Strd></RmtInf><RltdDts><TxDtTm>2018-09-04T19:44:30</TxDtTm></RltdDts><AddtlTxInf>4789679244914090011020180904826400602</AddtlTxInf></TxDtls><AddtlNtryInf>COMPLETE//0000//003//CREDIT</AddtlNtryInf></Ntry><Ntry><Amt Ccy="GBP">250.00</Amt><CdtDbtInd>CRDT</CdtDbtInd><Sts>BOOK</Sts><BookgDt><Dt>2018-09-05</Dt></BookgDt><BkTxCd><Prtry><Cd>SIP UKBA CR 40269</Cd></Prtry></BkTxCd><TxDtls><Refs><EndToEndId>FABIOLA AGRA DEP</EndToEndId><TxId>33194702594306000R</TxId><Prtry><Tp>STO REF</Tp><Ref>0000</Ref></Prtry></Refs><RltdPties><Dbtr><Nm>AGRA RODRIGUEZ  E</Nm></Dbtr><DbtrAcct><Id><PrtryAcct><Id>83510017036563</Id></PrtryAcct></Id></DbtrAcct><Cdtr><Nm>JAMES OSBORNE</Nm></Cdtr><CdtrAcct><Id><PrtryAcct><Id>23008200191405</Id></PrtryAcct></Id></CdtrAcct><Prtry><Tp>FABIOLA AGRA DEP</Tp><Pty/></Prtry></RltdPties><RmtInf><Strd><AddtlRmtInf>AGRA RODRIGUEZ  E FABIOLA AGRA DEP  VIA MOBILE - LVP</AddtlRmtInf></Strd><Strd><AddtlRmtInf>AGRA RODRIGUEZ  E//FABIOLA AGRA DEP</AddtlRmtInf></Strd></RmtInf><RltdDts><TxDtTm>2018-09-04T19:47:02</TxDtTm></RltdDts><AddtlTxInf>33194702594306000R1020180904826835100</AddtlTxInf></TxDtls><AddtlNtryInf>COMPLETE//0000//003//CREDIT</AddtlNtryInf></Ntry><Ntry><Amt Ccy="GBP">1.01</Amt><CdtDbtInd>CRDT</CdtDbtInd><Sts>BOOK</Sts><BookgDt><Dt>2018-09-05</Dt></BookgDt><BkTxCd><Prtry><Cd>DCA UKBA CR 40269</Cd></Prtry></BkTxCd><TxDtls><Refs><EndToEndId>NOREF</EndToEndId><TxId>000000013476868901</TxId><Prtry><Tp>STO REF</Tp><Ref>6634</Ref></Prtry></Refs><RltdPties><Dbtr><Nm>V CSURAI</Nm></Dbtr><DbtrAcct><Id><PrtryAcct><Id>20035373152596</Id></PrtryAcct></Id></DbtrAcct><Cdtr><Nm>KATALIN CSONGOR1</Nm></Cdtr><CdtrAcct><Id><PrtryAcct><Id>23008200230699</Id></PrtryAcct></Id></CdtrAcct><Prtry><Tp>KATALIN CSONGOR</Tp><Pty/></Prtry></RltdPties><RmtInf><Strd><AddtlRmtInf>NO REF</AddtlRmtInf></Strd><Strd><AddtlRmtInf>V CSURAI//KATALIN CSONGOR</AddtlRmtInf></Strd></RmtInf><RltdDts><TxDtTm>2018-09-04T19:52:47</TxDtTm></RltdDts><AddtlTxInf>0000000134768689015020180904826200353</AddtlTxInf></TxDtls><AddtlNtryInf>COMPLETE//0000//003//CREDIT</AddtlNtryInf></Ntry></Ntfctn></BkToCstmrDbtCdtNtfctnV01></Document>