<?xml version="1.0" encoding="UTF-8"?><Document xmlns:xsi="http://www.w3.org/2001/XMLSchema-instance" xmlns="urn:iso:std:iso:20022:tech:xsd:camt.054.001.01"><BkToCstmrDbtCdtNtfctnV01><GrpHdr><MsgId>80309K//12293</MsgId><CreDtTm>2018-09-01T21:30:00</CreDtTm></GrpHdr><Ntfctn><Id>80309K//12293//1</Id><CreDtTm>2018-09-01T21:30:00</CreDtTm><Acct><Id><PrtryAcct><Id>20594233939774</Id></PrtryAcct></Id><Ccy>GBP</Ccy></Acct><TxsSummry><TtlNtries><NbOfNtries>3</NbOfNtries><Sum>331.33</Sum></TtlNtries><TtlCdtNtries><NbOfNtries>3</NbOfNtries><Sum>331.33</Sum></TtlCdtNtries><TtlDbtNtries><NbOfNtries>0</NbOfNtries><Sum>0.00</Sum></TtlDbtNtries></TxsSummry><Ntry><Amt Ccy="GBP">3.33</Amt><CdtDbtInd>CRDT</CdtDbtInd><Sts>BOOK</Sts><BookgDt><Dt>2018-09-03</Dt></BookgDt><BkTxCd><Prtry><Cd>SIP UKBA CR 40269</Cd></Prtry></BkTxCd><TxDtls><Refs><EndToEndId>NOREF</EndToEndId><TxId>PPYHB56NMMCP4DN8JX</TxId></Refs><RltdPties><Dbtr><Nm>Adam Klem</Nm><PstlAdr><AdrLine>11 St Marys Crescent, NW4 4LJ</AdrLine><Ctry/></PstlAdr></Dbtr><DbtrAcct><Id><PrtryAcct><Id>04000496423136</Id></PrtryAcct></Id></DbtrAcct><Cdtr><Nm>Adam Klem</Nm></Cdtr><CdtrAcct><Id><PrtryAcct><Id>23008200166319</Id></PrtryAcct></Id></CdtrAcct><Prtry><Tp>Invoice</Tp><Pty/></Prtry></RltdPties><RmtInf><Strd><AddtlRmtInf>NO REF</AddtlRmtInf></Strd><Strd><AddtlRmtInf>Adam Klem//Invoice</AddtlRmtInf></Strd></RmtInf><RltdDts><TxDtTm>2018-09-01T21:05:06</TxDtTm></RltdDts><AddtlTxInf>PPYHB56NMMCP4DN8JX1020180901826040004</AddtlTxInf></TxDtls><AddtlNtryInf>COMPLETE//0000//003//CREDIT</AddtlNtryInf></Ntry><Ntry><Amt Ccy="GBP">228.00</Amt><CdtDbtInd>CRDT</CdtDbtInd><Sts>BOOK</Sts><BookgDt><Dt>2018-09-03</Dt></BookgDt><BkTxCd><Prtry><Cd>SIP UKBA CR 40269</Cd></Prtry></BkTxCd><TxDtls><Refs><EndToEndId>NOREF</EndToEndId><TxId>271855535012109001</TxId><Prtry><Tp>STO REF</Tp><Ref>0000</Ref></Prtry></Refs><RltdPties><Dbtr><Nm>Venir Proper</Nm></Dbtr><DbtrAcct><Id><PrtryAcct><Id>40392131509047</Id></PrtryAcct></Id></DbtrAcct><Cdtr><Nm>ELIGIUSZ BANASZAK</Nm></Cdtr><CdtrAcct><Id><PrtryAcct><Id>23008200303261</Id></PrtryAcct></Id></CdtrAcct><Prtry><Tp>VENIR</Tp><Pty/></Prtry></RltdPties><RmtInf><Strd><AddtlRmtInf>NO REF</AddtlRmtInf></Strd><Strd><AddtlRmtInf>Venir Proper//VENIR</AddtlRmtInf></Strd></RmtInf><RltdDts><TxDtTm>2018-09-01T21:05:35</TxDtTm></RltdDts><AddtlTxInf>2718555350121090011020180901826403921</AddtlTxInf></TxDtls><AddtlNtryInf>COMPLETE//0000//003//CREDIT</AddtlNtryInf></Ntry><Ntry><Amt Ccy="GBP">100.00</Amt><CdtDbtInd>CRDT</CdtDbtInd><Sts>BOOK</Sts><BookgDt><Dt>2018-09-03</Dt></BookgDt><BkTxCd><Prtry><Cd>DCA UKBA CR 40269</Cd></Prtry></BkTxCd><TxDtls><Refs><EndToEndId>NOREF</EndToEndId><TxId>000000013445187501</TxId><Prtry><Tp>STO REF</Tp><Ref>0000</Ref></Prtry></Refs><RltdPties><Dbtr><Nm>23630701348184</Nm></Dbtr><DbtrAcct><Id><PrtryAcct><Id>20594243523659</Id></PrtryAcct></Id></DbtrAcct><Cdtr><Nm>LYNN BELL</Nm></Cdtr><CdtrAcct><Id><PrtryAcct><Id>23008200306358</Id></PrtryAcct></Id></CdtrAcct><Prtry><Tp>THANKS NAN</Tp><Pty/></Prtry></RltdPties><RmtInf><Strd><AddtlRmtInf>NO REF</AddtlRmtInf></Strd><Strd><AddtlRmtInf>23630701348184//THANKS NAN</AddtlRmtInf></Strd></RmtInf><RltdDts><TxDtTm>2018-09-01T21:17:09</TxDtTm></RltdDts><AddtlTxInf>0000000134451875015020180901826205942</AddtlTxInf></TxDtls><AddtlNtryInf>COMPLETE//0000//003//CREDIT</AddtlNtryInf></Ntry></Ntfctn></BkToCstmrDbtCdtNtfctnV01></Document>