<?xml version="1.0" encoding="UTF-8"?><Document xmlns:xsi="http://www.w3.org/2001/XMLSchema-instance" xmlns="urn:iso:std:iso:20022:tech:xsd:camt.054.001.01"><BkToCstmrDbtCdtNtfctnV01><GrpHdr><MsgId>80309K//13527</MsgId><CreDtTm>2018-09-30T14:00:00</CreDtTm></GrpHdr><Ntfctn><Id>80309K//13527//1</Id><CreDtTm>2018-09-30T14:00:00</CreDtTm><Acct><Id><PrtryAcct><Id>20594233939774</Id></PrtryAcct></Id><Ccy>GBP</Ccy></Acct><TxsSummry><TtlNtries><NbOfNtries>2</NbOfNtries><Sum>39.60</Sum></TtlNtries><TtlCdtNtries><NbOfNtries>2</NbOfNtries><Sum>39.60</Sum></TtlCdtNtries><TtlDbtNtries><NbOfNtries>0</NbOfNtries><Sum>0.00</Sum></TtlDbtNtries></TxsSummry><Ntry><Amt Ccy="GBP">10.00</Amt><CdtDbtInd>CRDT</CdtDbtInd><Sts>BOOK</Sts><BookgDt><Dt>2018-10-01</Dt></BookgDt><BkTxCd><Prtry><Cd>SIP UKBA CR 40269</Cd></Prtry></BkTxCd><TxDtls><Refs><EndToEndId>NOREF</EndToEndId><TxId>FP18273O13386595</TxId></Refs><RltdPties><Dbtr><Nm>Hill Stephen</Nm></Dbtr><DbtrAcct><Id><PrtryAcct><Id>07024647302946</Id></PrtryAcct></Id></DbtrAcct><Cdtr><Nm>CHAMMY</Nm></Cdtr><CdtrAcct><Id><PrtryAcct><Id>23008200236590</Id></PrtryAcct></Id></CdtrAcct><Prtry><Tp>5574220125217975</Tp><Pty/></Prtry></RltdPties><RmtInf><Strd><AddtlRmtInf>NO REF</AddtlRmtInf></Strd><Strd><AddtlRmtInf>Hill Stephen//5574220125217975</AddtlRmtInf></Strd></RmtInf><RltdDts><TxDtTm>2018-09-30T13:31:53</TxDtTm></RltdDts><AddtlTxInf>FP18273O13386595  1020180930826070246</AddtlTxInf></TxDtls><AddtlNtryInf>COMPLETE//0000//003//CREDIT</AddtlNtryInf></Ntry><Ntry><Amt Ccy="GBP">29.60</Amt><CdtDbtInd>CRDT</CdtDbtInd><Sts>BOOK</Sts><BookgDt><Dt>2018-10-01</Dt></BookgDt><BkTxCd><Prtry><Cd>SIP UKBA CR 40269</Cd></Prtry></BkTxCd><TxDtls><Refs><EndToEndId>NOREF</EndToEndId><TxId>708060028431039001</TxId><Prtry><Tp>STO REF</Tp><Ref>0000</Ref></Prtry></Refs><RltdPties><Dbtr><Nm>GLOYNE NO2</Nm></Dbtr><DbtrAcct><Id><PrtryAcct><Id>40422722056445</Id></PrtryAcct></Id></DbtrAcct><Cdtr><Nm>RP ROUSE</Nm></Cdtr><CdtrAcct><Id><PrtryAcct><Id>23008200158413</Id></PrtryAcct></Id></CdtrAcct><Prtry><Tp>53 a bathroom</Tp><Pty/></Prtry></RltdPties><RmtInf><Strd><AddtlRmtInf>NO REF</AddtlRmtInf></Strd><Strd><AddtlRmtInf>GLOYNE NO2//53 a bathroom</AddtlRmtInf></Strd></RmtInf><RltdDts><TxDtTm>2018-09-30T13:48:20</TxDtTm></RltdDts><AddtlTxInf>7080600284310390011020180930826404227</AddtlTxInf></TxDtls><AddtlNtryInf>COMPLETE//0000//003//CREDIT</AddtlNtryInf></Ntry></Ntfctn></BkToCstmrDbtCdtNtfctnV01></Document>