<?xml version="1.0" encoding="UTF-8"?><Document xmlns:xsi="http://www.w3.org/2001/XMLSchema-instance" xmlns="urn:iso:std:iso:20022:tech:xsd:camt.054.001.01"><BkToCstmrDbtCdtNtfctnV01><GrpHdr><MsgId>80309K//12532</MsgId><CreDtTm>2018-09-07T06:30:00</CreDtTm></GrpHdr><Ntfctn><Id>80309K//12532//1</Id><CreDtTm>2018-09-07T06:30:00</CreDtTm><Acct><Id><PrtryAcct><Id>20594233939774</Id></PrtryAcct></Id><Ccy>GBP</Ccy></Acct><TxsSummry><TtlNtries><NbOfNtries>5</NbOfNtries><Sum>319.84</Sum></TtlNtries><TtlCdtNtries><NbOfNtries>5</NbOfNtries><Sum>319.84</Sum></TtlCdtNtries><TtlDbtNtries><NbOfNtries>0</NbOfNtries><Sum>0.00</Sum></TtlDbtNtries></TxsSummry><Ntry><Amt Ccy="GBP">28.00</Amt><CdtDbtInd>CRDT</CdtDbtInd><Sts>BOOK</Sts><BookgDt><Dt>2018-09-07</Dt></BookgDt><BkTxCd><Prtry><Cd>SIP UKBA CR 40269</Cd></Prtry></BkTxCd><TxDtls><Refs><EndToEndId>NOREF</EndToEndId><TxId>RP4679960805284500</TxId></Refs><RltdPties><Dbtr><Nm>WHITE CHRISTOPHE</Nm></Dbtr><DbtrAcct><Id><PrtryAcct><Id>20709483520781</Id></PrtryAcct></Id></DbtrAcct><Cdtr><Nm>CHRISTOPHER WHITE</Nm></Cdtr><CdtrAcct><Id><PrtryAcct><Id>23008200292739</Id></PrtryAcct></Id></CdtrAcct><Prtry><Tp>MONEY</Tp><Pty/></Prtry></RltdPties><RmtInf><Strd><AddtlRmtInf>NO REF</AddtlRmtInf></Strd><Strd><AddtlRmtInf>WHITE CHRISTOPHE//MONEY</AddtlRmtInf></Strd></RmtInf><RltdDts><TxDtTm>2018-09-07T06:04:38</TxDtTm></RltdDts><AddtlTxInf>RP46799608052845001020180907826200026</AddtlTxInf></TxDtls><AddtlNtryInf>COMPLETE//0000//003//CREDIT</AddtlNtryInf></Ntry><Ntry><Amt Ccy="GBP">76.84</Amt><CdtDbtInd>CRDT</CdtDbtInd><Sts>BOOK</Sts><BookgDt><Dt>2018-09-07</Dt></BookgDt><BkTxCd><Prtry><Cd>SIP UKBA CR 40269</Cd></Prtry></BkTxCd><TxDtls><Refs><EndToEndId>NOREF</EndToEndId><TxId>000000000127401652</TxId></Refs><RltdPties><Dbtr><Nm>MR M B STARR</Nm></Dbtr><DbtrAcct><Id><PrtryAcct><Id>08924914330915</Id></PrtryAcct></Id></DbtrAcct><Cdtr><Nm>OTFT23008200397461</Nm></Cdtr><CdtrAcct><Id><PrtryAcct><Id>23008200397461</Id></PrtryAcct></Id></CdtrAcct></RltdPties><RmtInf><Strd><AddtlRmtInf>NO REF</AddtlRmtInf></Strd><Strd><AddtlRmtInf>MR M B STARR//</AddtlRmtInf></Strd></RmtInf><RltdDts><TxDtTm>2018-09-07T06:08:48</TxDtTm></RltdDts><AddtlTxInf>0000000001274016521020180907826089249</AddtlTxInf></TxDtls><AddtlNtryInf>COMPLETE//0000//003//CREDIT</AddtlNtryInf></Ntry><Ntry><Amt Ccy="GBP">143.00</Amt><CdtDbtInd>CRDT</CdtDbtInd><Sts>BOOK</Sts><BookgDt><Dt>2018-09-07</Dt></BookgDt><BkTxCd><Prtry><Cd>SIP UKBA CR 40269</Cd></Prtry></BkTxCd><TxDtls><Refs><EndToEndId>00151037632BBHKVKZ</EndToEndId><TxId>00151037632BBHKVKZ</TxId></Refs><RltdPties><Dbtr><Nm>KYLE THOMAS</Nm></Dbtr><DbtrAcct><Id><PrtryAcct><Id>09012827849788</Id></PrtryAcct></Id></DbtrAcct><Cdtr><Nm>CLAIRE</Nm></Cdtr><CdtrAcct><Id><PrtryAcct><Id>23008200248775</Id></PrtryAcct></Id></CdtrAcct><Prtry><Tp>Claire</Tp><Pty/></Prtry></RltdPties><RmtInf><Strd><AddtlRmtInf>NO REF</AddtlRmtInf></Strd><Strd><AddtlRmtInf>KYLE THOMAS//Claire</AddtlRmtInf></Strd></RmtInf><RltdDts><TxDtTm>2018-09-07T06:10:00</TxDtTm></RltdDts><AddtlTxInf>00151037632BBHKVKZ1020180907826090128</AddtlTxInf></TxDtls><AddtlNtryInf>COMPLETE//0000//003//CREDIT</AddtlNtryInf></Ntry><Ntry><Amt Ccy="GBP">2.00</Amt><CdtDbtInd>CRDT</CdtDbtInd><Sts>BOOK</Sts><BookgDt><Dt>2018-09-07</Dt></BookgDt><BkTxCd><Prtry><Cd>SIP UKBA CR 40269</Cd></Prtry></BkTxCd><TxDtls><Refs><EndToEndId>00156075632BBDQDWN</EndToEndId><TxId>00156075632BBDQDWN</TxId></Refs><RltdPties><Dbtr><Nm>GARETH BROADBENT</Nm></Dbtr><DbtrAcct><Id><PrtryAcct><Id>09013403456282</Id></PrtryAcct></Id></DbtrAcct><Cdtr><Nm>MR G BROADBENT</Nm></Cdtr><CdtrAcct><Id><PrtryAcct><Id>23008200071549</Id></PrtryAcct></Id></CdtrAcct><Prtry><Tp>arro</Tp><Pty/></Prtry></RltdPties><RmtInf><Strd><AddtlRmtInf>NO REF</AddtlRmtInf></Strd><Strd><AddtlRmtInf>GARETH BROADBENT//arro</AddtlRmtInf></Strd></RmtInf><RltdDts><TxDtTm>2018-09-07T06:20:02</TxDtTm></RltdDts><AddtlTxInf>00156075632BBDQDWN1020180907826090134</AddtlTxInf></TxDtls><AddtlNtryInf>COMPLETE//0000//003//CREDIT</AddtlNtryInf></Ntry><Ntry><Amt Ccy="GBP">70.00</Amt><CdtDbtInd>CRDT</CdtDbtInd><Sts>BOOK</Sts><BookgDt><Dt>2018-09-07</Dt></BookgDt><BkTxCd><Prtry><Cd>SIP UKBA CR 40269</Cd></Prtry></BkTxCd><TxDtls><Refs><EndToEndId>NOREF</EndToEndId><TxId>RP4679960806555400</TxId></Refs><RltdPties><Dbtr><Nm>WHITE CHRISTOPHE</Nm></Dbtr><DbtrAcct><Id><PrtryAcct><Id>20709483520781</Id></PrtryAcct></Id></DbtrAcct><Cdtr><Nm>CHRISTOPHER WHITE</Nm></Cdtr><CdtrAcct><Id><PrtryAcct><Id>23008200292739</Id></PrtryAcct></Id></CdtrAcct><Prtry><Tp>MONEY</Tp><Pty/></Prtry></RltdPties><RmtInf><Strd><AddtlRmtInf>NO REF</AddtlRmtInf></Strd><Strd><AddtlRmtInf>WHITE CHRISTOPHE//MONEY</AddtlRmtInf></Strd></RmtInf><RltdDts><TxDtTm>2018-09-07T06:29:53</TxDtTm></RltdDts><AddtlTxInf>RP46799608065554001020180907826200026</AddtlTxInf></TxDtls><AddtlNtryInf>COMPLETE//0000//003//CREDIT</AddtlNtryInf></Ntry></Ntfctn></BkToCstmrDbtCdtNtfctnV01></Document>