<?xml version="1.0" encoding="UTF-8"?><Document xmlns:xsi="http://www.w3.org/2001/XMLSchema-instance" xmlns="urn:iso:std:iso:20022:tech:xsd:camt.054.001.01"><BkToCstmrDbtCdtNtfctnV01><GrpHdr><MsgId>80309K//12288</MsgId><CreDtTm>2018-09-01T19:00:00</CreDtTm></GrpHdr><Ntfctn><Id>80309K//12288//1</Id><CreDtTm>2018-09-01T19:00:00</CreDtTm><Acct><Id><PrtryAcct><Id>20594233939774</Id></PrtryAcct></Id><Ccy>GBP</Ccy></Acct><TxsSummry><TtlNtries><NbOfNtries>7</NbOfNtries><Sum>177.21</Sum></TtlNtries><TtlCdtNtries><NbOfNtries>7</NbOfNtries><Sum>177.21</Sum></TtlCdtNtries><TtlDbtNtries><NbOfNtries>0</NbOfNtries><Sum>0.00</Sum></TtlDbtNtries></TxsSummry><Ntry><Amt Ccy="GBP">1.30</Amt><CdtDbtInd>CRDT</CdtDbtInd><Sts>BOOK</Sts><BookgDt><Dt>2018-09-03</Dt></BookgDt><BkTxCd><Prtry><Cd>SIP UKBA CR 40269</Cd></Prtry></BkTxCd><TxDtls><Refs><EndToEndId>NOREF</EndToEndId><TxId>RP4679960357611700</TxId></Refs><RltdPties><Dbtr><Nm>MAYEMBA E</Nm></Dbtr><DbtrAcct><Id><PrtryAcct><Id>20729123856593</Id></PrtryAcct></Id></DbtrAcct><Cdtr><Nm>A MATAFADI VIN</Nm></Cdtr><CdtrAcct><Id><PrtryAcct><Id>23008200299523</Id></PrtryAcct></Id></CdtrAcct><Prtry><Tp>BACK</Tp><Pty/></Prtry></RltdPties><RmtInf><Strd><AddtlRmtInf>NO REF</AddtlRmtInf></Strd><Strd><AddtlRmtInf>MAYEMBA E//BACK</AddtlRmtInf></Strd></RmtInf><RltdDts><TxDtTm>2018-09-01T18:34:19</TxDtTm></RltdDts><AddtlTxInf>RP46799603576117001020180901826200026</AddtlTxInf></TxDtls><AddtlNtryInf>COMPLETE//0000//003//CREDIT</AddtlNtryInf></Ntry><Ntry><Amt Ccy="GBP">11.75</Amt><CdtDbtInd>CRDT</CdtDbtInd><Sts>BOOK</Sts><BookgDt><Dt>2018-09-03</Dt></BookgDt><BkTxCd><Prtry><Cd>SIP UKBA CR 40269</Cd></Prtry></BkTxCd><TxDtls><Refs><EndToEndId>WATER BILL</EndToEndId><TxId>04183901969024000N</TxId><Prtry><Tp>STO REF</Tp><Ref>0000</Ref></Prtry></Refs><RltdPties><Dbtr><Nm>HAHN GR</Nm></Dbtr><DbtrAcct><Id><PrtryAcct><Id>60203651143658</Id></PrtryAcct></Id></DbtrAcct><Cdtr><Nm>NIK</Nm></Cdtr><CdtrAcct><Id><PrtryAcct><Id>23008200343785</Id></PrtryAcct></Id></CdtrAcct><Prtry><Tp>WATER BILL</Tp><Pty/></Prtry></RltdPties><RmtInf><Strd><AddtlRmtInf>HAHN GR           WATER BILL        VIA ONLINE - PYMT</AddtlRmtInf></Strd><Strd><AddtlRmtInf>HAHN GR//WATER BILL</AddtlRmtInf></Strd></RmtInf><RltdDts><TxDtTm>2018-09-01T18:39:02</TxDtTm></RltdDts><AddtlTxInf>04183901969024000N1020180901826602036</AddtlTxInf></TxDtls><AddtlNtryInf>COMPLETE//0000//003//CREDIT</AddtlNtryInf></Ntry><Ntry><Amt Ccy="GBP">13.45</Amt><CdtDbtInd>CRDT</CdtDbtInd><Sts>BOOK</Sts><BookgDt><Dt>2018-09-03</Dt></BookgDt><BkTxCd><Prtry><Cd>SIP UKBA CR 40269</Cd></Prtry></BkTxCd><TxDtls><Refs><EndToEndId>INTERNET BILL</EndToEndId><TxId>40184006164275000N</TxId><Prtry><Tp>STO REF</Tp><Ref>0000</Ref></Prtry></Refs><RltdPties><Dbtr><Nm>HAHN GR</Nm></Dbtr><DbtrAcct><Id><PrtryAcct><Id>60203651143658</Id></PrtryAcct></Id></DbtrAcct><Cdtr><Nm>ROMAN</Nm></Cdtr><CdtrAcct><Id><PrtryAcct><Id>23008200337186</Id></PrtryAcct></Id></CdtrAcct><Prtry><Tp>INTERNET BILL</Tp><Pty/></Prtry></RltdPties><RmtInf><Strd><AddtlRmtInf>HAHN GR           INTERNET BILL     VIA ONLINE - PYMT</AddtlRmtInf></Strd><Strd><AddtlRmtInf>HAHN GR//INTERNET BILL</AddtlRmtInf></Strd></RmtInf><RltdDts><TxDtTm>2018-09-01T18:40:06</TxDtTm></RltdDts><AddtlTxInf>40184006164275000N1020180901826602036</AddtlTxInf></TxDtls><AddtlNtryInf>COMPLETE//0000//003//CREDIT</AddtlNtryInf></Ntry><Ntry><Amt Ccy="GBP">50.70</Amt><CdtDbtInd>CRDT</CdtDbtInd><Sts>BOOK</Sts><BookgDt><Dt>2018-09-03</Dt></BookgDt><BkTxCd><Prtry><Cd>SIP UKBA CR 40269</Cd></Prtry></BkTxCd><TxDtls><Refs><EndToEndId>00151170632BBFBBXT</EndToEndId><TxId>00151170632BBFBBXT</TxId></Refs><RltdPties><Dbtr><Nm>NIA GRIFFITHS HAIR</Nm></Dbtr><DbtrAcct><Id><PrtryAcct><Id>09012857490440</Id></PrtryAcct></Id></DbtrAcct><Cdtr><Nm>MATHEW FARNHAM N</Nm></Cdtr><CdtrAcct><Id><PrtryAcct><Id>23008200042415</Id></PrtryAcct></Id></CdtrAcct><Prtry><Tp>Chair Rental</Tp><Pty/></Prtry></RltdPties><RmtInf><Strd><AddtlRmtInf>NO REF</AddtlRmtInf></Strd><Strd><AddtlRmtInf>NIA GRIFFITHS HAIR//Chair Rental</AddtlRmtInf></Strd></RmtInf><RltdDts><TxDtTm>2018-09-01T18:42:56</TxDtTm></RltdDts><AddtlTxInf>00151170632BBFBBXT1020180901826090128</AddtlTxInf></TxDtls><AddtlNtryInf>COMPLETE//0000//003//CREDIT</AddtlNtryInf></Ntry><Ntry><Amt Ccy="GBP">50.00</Amt><CdtDbtInd>CRDT</CdtDbtInd><Sts>BOOK</Sts><BookgDt><Dt>2018-09-03</Dt></BookgDt><BkTxCd><Prtry><Cd>SIP UKBA CR 40269</Cd></Prtry></BkTxCd><TxDtls><Refs><EndToEndId>NOREF</EndToEndId><TxId>600000000384465159</TxId></Refs><RltdPties><Dbtr><Nm>D Smith</Nm></Dbtr><DbtrAcct><Id><PrtryAcct><Id>11000105704244</Id></PrtryAcct></Id></DbtrAcct><Cdtr><Nm>JOHN DUNCAN</Nm></Cdtr><CdtrAcct><Id><PrtryAcct><Id>23008200167286</Id></PrtryAcct></Id></CdtrAcct><Prtry><Tp>LOAN</Tp><Pty/></Prtry></RltdPties><RmtInf><Strd><AddtlRmtInf>NO REF</AddtlRmtInf></Strd><Strd><AddtlRmtInf>D Smith//LOAN</AddtlRmtInf></Strd></RmtInf><RltdDts><TxDtTm>2018-09-01T18:47:31</TxDtTm></RltdDts><AddtlTxInf>6000000003844651591020180901826110001</AddtlTxInf></TxDtls><AddtlNtryInf>COMPLETE//0000//003//CREDIT</AddtlNtryInf></Ntry><Ntry><Amt Ccy="GBP">50.00</Amt><CdtDbtInd>CRDT</CdtDbtInd><Sts>BOOK</Sts><BookgDt><Dt>2018-09-03</Dt></BookgDt><BkTxCd><Prtry><Cd>SIP UKBA CR 40269</Cd></Prtry></BkTxCd><TxDtls><Refs><EndToEndId>NOREF</EndToEndId><TxId>211370050581109001</TxId><Prtry><Tp>STO REF</Tp><Ref>0000</Ref></Prtry></Refs><RltdPties><Dbtr><Nm>RYSAVA ALENA</Nm></Dbtr><DbtrAcct><Id><PrtryAcct><Id>40141211643428</Id></PrtryAcct></Id></DbtrAcct><Cdtr><Nm>JULIE RYSAVA</Nm></Cdtr><CdtrAcct><Id><PrtryAcct><Id>23008200220237</Id></PrtryAcct></Id></CdtrAcct><Prtry><Tp>A.RYSAVA</Tp><Pty/></Prtry></RltdPties><RmtInf><Strd><AddtlRmtInf>NO REF</AddtlRmtInf></Strd><Strd><AddtlRmtInf>RYSAVA ALENA//A.RYSAVA</AddtlRmtInf></Strd></RmtInf><RltdDts><TxDtTm>2018-09-01T18:50:50</TxDtTm></RltdDts><AddtlTxInf>2113700505811090011020180901826401412</AddtlTxInf></TxDtls><AddtlNtryInf>COMPLETE//0000//003//CREDIT</AddtlNtryInf></Ntry><Ntry><Amt Ccy="GBP">0.01</Amt><CdtDbtInd>CRDT</CdtDbtInd><Sts>BOOK</Sts><BookgDt><Dt>2018-09-03</Dt></BookgDt><BkTxCd><Prtry><Cd>SIP UKBA CR 40269</Cd></Prtry></BkTxCd><TxDtls><Refs><EndToEndId>P</EndToEndId><TxId>27185148262241000N</TxId><Prtry><Tp>STO REF</Tp><Ref>0000</Ref></Prtry></Refs><RltdPties><Dbtr><Nm>BALDWIN EJ</Nm></Dbtr><DbtrAcct><Id><PrtryAcct><Id>56006436907995</Id></PrtryAcct></Id></DbtrAcct><Cdtr><Nm>C PLUMBLEY</Nm></Cdtr><CdtrAcct><Id><PrtryAcct><Id>23008200121181</Id></PrtryAcct></Id></CdtrAcct><Prtry><Tp>P</Tp><Pty/></Prtry></RltdPties><RmtInf><Strd><AddtlRmtInf>BALDWIN EJ        P                 VIA MOBILE - LVP</AddtlRmtInf></Strd><Strd><AddtlRmtInf>BALDWIN EJ//P</AddtlRmtInf></Strd></RmtInf><RltdDts><TxDtTm>2018-09-01T18:51:48</TxDtTm></RltdDts><AddtlTxInf>27185148262241000N1020180901826560064</AddtlTxInf></TxDtls><AddtlNtryInf>COMPLETE//0000//003//CREDIT</AddtlNtryInf></Ntry></Ntfctn></BkToCstmrDbtCdtNtfctnV01></Document>