<?xml version="1.0" encoding="UTF-8"?><Document xmlns:xsi="http://www.w3.org/2001/XMLSchema-instance" xmlns="urn:iso:std:iso:20022:tech:xsd:camt.054.001.01"><BkToCstmrDbtCdtNtfctnV01><GrpHdr><MsgId>80309K//13240</MsgId><CreDtTm>2018-09-23T21:00:00</CreDtTm></GrpHdr><Ntfctn><Id>80309K//13240//1</Id><CreDtTm>2018-09-23T21:00:00</CreDtTm><Acct><Id><PrtryAcct><Id>20594233939774</Id></PrtryAcct></Id><Ccy>GBP</Ccy></Acct><TxsSummry><TtlNtries><NbOfNtries>2</NbOfNtries><Sum>100.00</Sum></TtlNtries><TtlCdtNtries><NbOfNtries>2</NbOfNtries><Sum>100.00</Sum></TtlCdtNtries><TtlDbtNtries><NbOfNtries>0</NbOfNtries><Sum>0.00</Sum></TtlDbtNtries></TxsSummry><Ntry><Amt Ccy="GBP">50.00</Amt><CdtDbtInd>CRDT</CdtDbtInd><Sts>BOOK</Sts><BookgDt><Dt>2018-09-24</Dt></BookgDt><BkTxCd><Prtry><Cd>SIP UKBA CR 40269</Cd></Prtry></BkTxCd><TxDtls><Refs><EndToEndId>NOREF</EndToEndId><TxId>RP4659985167741700</TxId></Refs><RltdPties><Dbtr><Nm>FUND FOR YOU LTD</Nm></Dbtr><DbtrAcct><Id><PrtryAcct><Id>20454563480917</Id></PrtryAcct></Id></DbtrAcct><Cdtr><Nm>LEE EXP</Nm></Cdtr><CdtrAcct><Id><PrtryAcct><Id>23008200207228</Id></PrtryAcct></Id></CdtrAcct><Prtry><Tp>EXP</Tp><Pty/></Prtry></RltdPties><RmtInf><Strd><AddtlRmtInf>NO REF</AddtlRmtInf></Strd><Strd><AddtlRmtInf>FUND FOR YOU LTD//EXP</AddtlRmtInf></Strd></RmtInf><RltdDts><TxDtTm>2018-09-23T20:58:43</TxDtTm></RltdDts><AddtlTxInf>RP46599851677417001020180923826200026</AddtlTxInf></TxDtls><AddtlNtryInf>COMPLETE//0000//003//CREDIT</AddtlNtryInf></Ntry><Ntry><Amt Ccy="GBP">50.00</Amt><CdtDbtInd>CRDT</CdtDbtInd><Sts>BOOK</Sts><BookgDt><Dt>2018-09-24</Dt></BookgDt><BkTxCd><Prtry><Cd>SIP UKBA CR 40269</Cd></Prtry></BkTxCd><TxDtls><Refs><EndToEndId>NOREF</EndToEndId><TxId>FP18266O06461335</TxId></Refs><RltdPties><Dbtr><Nm>Sulev Milen</Nm></Dbtr><DbtrAcct><Id><PrtryAcct><Id>07043628301471</Id></PrtryAcct></Id></DbtrAcct><Cdtr><Nm>MARIAN KAMLE</Nm></Cdtr><CdtrAcct><Id><PrtryAcct><Id>23008200413249</Id></PrtryAcct></Id></CdtrAcct><Prtry><Tp>LOAN</Tp><Pty/></Prtry></RltdPties><RmtInf><Strd><AddtlRmtInf>NO REF</AddtlRmtInf></Strd><Strd><AddtlRmtInf>Sulev Milen//LOAN</AddtlRmtInf></Strd></RmtInf><RltdDts><TxDtTm>2018-09-23T20:59:05</TxDtTm></RltdDts><AddtlTxInf>FP18266O06461335  1020180923826070436</AddtlTxInf></TxDtls><AddtlNtryInf>COMPLETE//0000//003//CREDIT</AddtlNtryInf></Ntry></Ntfctn></BkToCstmrDbtCdtNtfctnV01></Document>