<?xml version="1.0" encoding="UTF-8"?><Document xmlns:xsi="http://www.w3.org/2001/XMLSchema-instance" xmlns="urn:iso:std:iso:20022:tech:xsd:camt.054.001.01"><BkToCstmrDbtCdtNtfctnV01><GrpHdr><MsgId>80309K//12700</MsgId><CreDtTm>2018-09-11T08:00:00</CreDtTm></GrpHdr><Ntfctn><Id>80309K//12700//1</Id><CreDtTm>2018-09-11T08:00:00</CreDtTm><Acct><Id><PrtryAcct><Id>20594233939774</Id></PrtryAcct></Id><Ccy>GBP</Ccy></Acct><TxsSummry><TtlNtries><NbOfNtries>3</NbOfNtries><Sum>402.87</Sum></TtlNtries><TtlCdtNtries><NbOfNtries>3</NbOfNtries><Sum>402.87</Sum></TtlCdtNtries><TtlDbtNtries><NbOfNtries>0</NbOfNtries><Sum>0.00</Sum></TtlDbtNtries></TxsSummry><Ntry><Amt Ccy="GBP">21.00</Amt><CdtDbtInd>CRDT</CdtDbtInd><Sts>BOOK</Sts><BookgDt><Dt>2018-09-11</Dt></BookgDt><BkTxCd><Prtry><Cd>SIP UKBA CR 40269</Cd></Prtry></BkTxCd><TxDtls><Refs><EndToEndId>NOREF</EndToEndId><TxId>64646982447012F6SW</TxId><Prtry><Tp>STO REF</Tp><Ref>0000</Ref></Prtry></Refs><RltdPties><Dbtr><Nm>MR SHANE MCCARTNEY</Nm><PstlAdr><AdrLine>243 MORLAND ROAD;SHEFFIELD;UNITED;</AdrLine><AdrLine>KINGDOM S14 1TH</AdrLine><Ctry/></PstlAdr></Dbtr><DbtrAcct><Id><PrtryAcct><Id>40642010990558</Id></PrtryAcct></Id></DbtrAcct><Cdtr><Nm>MR SHANE MCCARTNEY</Nm></Cdtr><CdtrAcct><Id><PrtryAcct><Id>23008200187227</Id></PrtryAcct></Id></CdtrAcct></RltdPties><RmtInf><Strd><AddtlRmtInf>NO REF</AddtlRmtInf></Strd><Strd><AddtlRmtInf>MR SHANE MCCARTNEY//</AddtlRmtInf></Strd></RmtInf><RltdDts><TxDtTm>2018-09-11T07:44:29</TxDtTm></RltdDts><AddtlTxInf>64646982447012F6SW1020180911826400250</AddtlTxInf></TxDtls><AddtlNtryInf>COMPLETE//0000//001//CREDIT</AddtlNtryInf></Ntry><Ntry><Amt Ccy="GBP">137.00</Amt><CdtDbtInd>CRDT</CdtDbtInd><Sts>BOOK</Sts><BookgDt><Dt>2018-09-11</Dt></BookgDt><BkTxCd><Prtry><Cd>SIP UKBA CR 40269</Cd></Prtry></BkTxCd><TxDtls><Refs><EndToEndId>NOREF</EndToEndId><TxId>500000000387771516</TxId></Refs><RltdPties><Dbtr><Nm>S Beesley</Nm></Dbtr><DbtrAcct><Id><PrtryAcct><Id>11085800755146</Id></PrtryAcct></Id></DbtrAcct><Cdtr><Nm>NTLS</Nm></Cdtr><CdtrAcct><Id><PrtryAcct><Id>23008200221749</Id></PrtryAcct></Id></CdtrAcct><Prtry><Tp>Re 6 Ellingham</Tp><Pty/></Prtry></RltdPties><RmtInf><Strd><AddtlRmtInf>NO REF</AddtlRmtInf></Strd><Strd><AddtlRmtInf>S Beesley//Re 6 Ellingham</AddtlRmtInf></Strd></RmtInf><RltdDts><TxDtTm>2018-09-11T07:49:53</TxDtTm></RltdDts><AddtlTxInf>5000000003877715161020180911826110858</AddtlTxInf></TxDtls><AddtlNtryInf>COMPLETE//0000//001//CREDIT</AddtlNtryInf></Ntry><Ntry><Amt Ccy="GBP">244.87</Amt><CdtDbtInd>CRDT</CdtDbtInd><Sts>BOOK</Sts><BookgDt><Dt>2018-09-11</Dt></BookgDt><BkTxCd><Prtry><Cd>SIP UKBA CR 40269</Cd></Prtry></BkTxCd><TxDtls><Refs><EndToEndId>PPWD00000000AMESQA</EndToEndId><TxId>PPWD00000000AMESQA</TxId></Refs><RltdPties><Dbtr><Nm>PayPal</Nm><PstlAdr><AdrLine>2211 N 1st Street San Jose CA 95131</AdrLine><Ctry/></PstlAdr></Dbtr><DbtrAcct><Id><PrtryAcct><Id>23526278959595</Id></PrtryAcct></Id></DbtrAcct><Cdtr><Nm>ali elci</Nm><PstlAdr><AdrLine>1 Cutgate Close</AdrLine><Ctry/></PstlAdr></Cdtr><CdtrAcct><Id><PrtryAcct><Id>23008200028039</Id></PrtryAcct></Id></CdtrAcct><Prtry><Tp>PPWDL5YP22AKXQ7756</Tp><Pty/></Prtry></RltdPties><RmtInf><Strd><RfrdDocInf><RfrdDocTp><Prtry>002</Prtry></RfrdDocTp></RfrdDocInf><AddtlRmtInf>NO REF</AddtlRmtInf></Strd><Strd><AddtlRmtInf>PayPal//PPWDL5YP22AKXQ7756</AddtlRmtInf></Strd></RmtInf><RltdDts><TxDtTm>2018-09-11T07:55:27</TxDtTm></RltdDts><AddtlTxInf>PPWD00000000AMESQA1020180911826235262</AddtlTxInf></TxDtls><AddtlNtryInf>COMPLETE//0000//001//CREDIT</AddtlNtryInf></Ntry></Ntfctn></BkToCstmrDbtCdtNtfctnV01></Document>