<?xml version="1.0" encoding="UTF-8"?><Document xmlns:xsi="http://www.w3.org/2001/XMLSchema-instance" xmlns="urn:iso:std:iso:20022:tech:xsd:camt.054.001.01"><BkToCstmrDbtCdtNtfctnV01><GrpHdr><MsgId>80309K//13398</MsgId><CreDtTm>2018-09-27T12:30:00</CreDtTm></GrpHdr><Ntfctn><Id>80309K//13398//1</Id><CreDtTm>2018-09-27T12:30:00</CreDtTm><Acct><Id><PrtryAcct><Id>20594233939774</Id></PrtryAcct></Id><Ccy>GBP</Ccy></Acct><TxsSummry><TtlNtries><NbOfNtries>19</NbOfNtries><Sum>3728.48</Sum></TtlNtries><TtlCdtNtries><NbOfNtries>19</NbOfNtries><Sum>3728.48</Sum></TtlCdtNtries><TtlDbtNtries><NbOfNtries>0</NbOfNtries><Sum>0.00</Sum></TtlDbtNtries></TxsSummry><Ntry><Amt Ccy="GBP">2250.00</Amt><CdtDbtInd>CRDT</CdtDbtInd><Sts>BOOK</Sts><BookgDt><Dt>2018-09-27</Dt></BookgDt><BkTxCd><Prtry><Cd>SIP UKBA CR 40269</Cd></Prtry></BkTxCd><TxDtls><Refs><EndToEndId>TRAVELATE</EndToEndId><TxId>07120011127327000N</TxId><Prtry><Tp>STO REF</Tp><Ref>0000</Ref></Prtry></Refs><RltdPties><Dbtr><Nm>GLADESTRAVEL LIMIT</Nm></Dbtr><DbtrAcct><Id><PrtryAcct><Id>60111519478593</Id></PrtryAcct></Id></DbtrAcct><Cdtr><Nm>ADAM LEWIS</Nm></Cdtr><CdtrAcct><Id><PrtryAcct><Id>23008200215103</Id></PrtryAcct></Id></CdtrAcct><Prtry><Tp>TRAVELATE</Tp><Pty/></Prtry></RltdPties><RmtInf><Strd><AddtlRmtInf>GLADESTRAVEL LIMITTRAVELATE         VIA ONLINE - PYMT</AddtlRmtInf></Strd><Strd><AddtlRmtInf>GLADESTRAVEL LIMIT//TRAVELATE</AddtlRmtInf></Strd></RmtInf><RltdDts><TxDtTm>2018-09-27T12:00:11</TxDtTm></RltdDts><AddtlTxInf>07120011127327000N1020180927826601115</AddtlTxInf></TxDtls><AddtlNtryInf>COMPLETE//0000//001//CREDIT</AddtlNtryInf></Ntry><Ntry><Amt Ccy="GBP">20.00</Amt><CdtDbtInd>CRDT</CdtDbtInd><Sts>BOOK</Sts><BookgDt><Dt>2018-09-27</Dt></BookgDt><BkTxCd><Prtry><Cd>SIP UKBA CR 40269</Cd></Prtry></BkTxCd><TxDtls><Refs><EndToEndId>00151037632BBHMJQM</EndToEndId><TxId>00151037632BBHMJQM</TxId></Refs><RltdPties><Dbtr><Nm>KYLE THOMAS</Nm></Dbtr><DbtrAcct><Id><PrtryAcct><Id>09012827849788</Id></PrtryAcct></Id></DbtrAcct><Cdtr><Nm>CLAIRE</Nm></Cdtr><CdtrAcct><Id><PrtryAcct><Id>23008200248775</Id></PrtryAcct></Id></CdtrAcct><Prtry><Tp>Claire</Tp><Pty/></Prtry></RltdPties><RmtInf><Strd><AddtlRmtInf>NO REF</AddtlRmtInf></Strd><Strd><AddtlRmtInf>KYLE THOMAS//Claire</AddtlRmtInf></Strd></RmtInf><RltdDts><TxDtTm>2018-09-27T12:00:56</TxDtTm></RltdDts><AddtlTxInf>00151037632BBHMJQM1020180927826090128</AddtlTxInf></TxDtls><AddtlNtryInf>COMPLETE//0000//001//CREDIT</AddtlNtryInf></Ntry><Ntry><Amt Ccy="GBP">150.00</Amt><CdtDbtInd>CRDT</CdtDbtInd><Sts>BOOK</Sts><BookgDt><Dt>2018-09-27</Dt></BookgDt><BkTxCd><Prtry><Cd>SIP UKBA CR 40269</Cd></Prtry></BkTxCd><TxDtls><Refs><EndToEndId>NOREF</EndToEndId><TxId>PP4WYXT9IF7TS44Q48</TxId></Refs><RltdPties><Dbtr><Nm>Muhammad Akhtar</Nm><PstlAdr><AdrLine>Flat C, G20 7JB</AdrLine><Ctry/></PstlAdr></Dbtr><DbtrAcct><Id><PrtryAcct><Id>04000436383297</Id></PrtryAcct></Id></DbtrAcct><Cdtr><Nm>Rathore Tech Ltd</Nm></Cdtr><CdtrAcct><Id><PrtryAcct><Id>23008200222719</Id></PrtryAcct></Id></CdtrAcct><Prtry><Tp>Push</Tp><Pty/></Prtry></RltdPties><RmtInf><Strd><AddtlRmtInf>NO REF</AddtlRmtInf></Strd><Strd><AddtlRmtInf>Muhammad Akhtar//Push</AddtlRmtInf></Strd></RmtInf><RltdDts><TxDtTm>2018-09-27T12:02:21</TxDtTm></RltdDts><AddtlTxInf>PP4WYXT9IF7TS44Q481020180927826040004</AddtlTxInf></TxDtls><AddtlNtryInf>COMPLETE//0000//001//CREDIT</AddtlNtryInf></Ntry><Ntry><Amt Ccy="GBP">0.01</Amt><CdtDbtInd>CRDT</CdtDbtInd><Sts>BOOK</Sts><BookgDt><Dt>2018-09-27</Dt></BookgDt><BkTxCd><Prtry><Cd>SIP UKBA CR 40269</Cd></Prtry></BkTxCd><TxDtls><Refs><EndToEndId>NOREF</EndToEndId><TxId>YBBPI1206202362325</TxId></Refs><RltdPties><Dbtr><Nm>CHRISTOPHER HALLID</Nm></Dbtr><DbtrAcct><Id><PrtryAcct><Id>05000503533645</Id></PrtryAcct></Id></DbtrAcct><Cdtr><Nm>babe</Nm></Cdtr><CdtrAcct><Id><PrtryAcct><Id>23008200470397</Id></PrtryAcct></Id></CdtrAcct><Prtry><Tp>money</Tp><Pty/></Prtry></RltdPties><RmtInf><Strd><RfrdDocInf><RfrdDocTp><Prtry>002</Prtry></RfrdDocTp></RfrdDocInf><AddtlRmtInf>NO REF</AddtlRmtInf></Strd><Strd><AddtlRmtInf>CHRISTOPHER HALLID//money</AddtlRmtInf></Strd></RmtInf><RltdDts><TxDtTm>2018-09-27T12:06:21</TxDtTm></RltdDts><AddtlTxInf>YBBPI12062023623251020180927826050005</AddtlTxInf></TxDtls><AddtlNtryInf>COMPLETE//0000//001//CREDIT</AddtlNtryInf></Ntry><Ntry><Amt Ccy="GBP">60.00</Amt><CdtDbtInd>CRDT</CdtDbtInd><Sts>BOOK</Sts><BookgDt><Dt>2018-09-27</Dt></BookgDt><BkTxCd><Prtry><Cd>SIP UKBA CR 40269</Cd></Prtry></BkTxCd><TxDtls><Refs><EndToEndId>NOREF</EndToEndId><TxId>089017927021729001</TxId><Prtry><Tp>STO REF</Tp><Ref>0000</Ref></Prtry></Refs><RltdPties><Dbtr><Nm>TYLER H LTD</Nm></Dbtr><DbtrAcct><Id><PrtryAcct><Id>40310531568280</Id></PrtryAcct></Id></DbtrAcct><Cdtr><Nm>TMARSHALL LTD</Nm></Cdtr><CdtrAcct><Id><PrtryAcct><Id>23008200033369</Id></PrtryAcct></Id></CdtrAcct><Prtry><Tp>TYLER HARDWOODS</Tp><Pty/></Prtry></RltdPties><RmtInf><Strd><AddtlRmtInf>NO REF</AddtlRmtInf></Strd><Strd><AddtlRmtInf>TYLER H LTD//TYLER HARDWOODS</AddtlRmtInf></Strd></RmtInf><RltdDts><TxDtTm>2018-09-27T12:07:30</TxDtTm></RltdDts><AddtlTxInf>0890179270217290011020180927826403105</AddtlTxInf></TxDtls><AddtlNtryInf>COMPLETE//0000//001//CREDIT</AddtlNtryInf></Ntry><Ntry><Amt Ccy="GBP">15.00</Amt><CdtDbtInd>CRDT</CdtDbtInd><Sts>BOOK</Sts><BookgDt><Dt>2018-09-27</Dt></BookgDt><BkTxCd><Prtry><Cd>SIP UKBA CR 40269</Cd></Prtry></BkTxCd><TxDtls><Refs><EndToEndId>NOREF</EndToEndId><TxId>RP4679962369469500</TxId></Refs><RltdPties><Dbtr><Nm>BUCHANAN J</Nm></Dbtr><DbtrAcct><Id><PrtryAcct><Id>20270523764079</Id></PrtryAcct></Id></DbtrAcct><Cdtr><Nm>TONY MARTIN</Nm></Cdtr><CdtrAcct><Id><PrtryAcct><Id>23008200470236</Id></PrtryAcct></Id></CdtrAcct><Prtry><Tp>M.TONY LIMITED</Tp><Pty/></Prtry></RltdPties><RmtInf><Strd><AddtlRmtInf>NO REF</AddtlRmtInf></Strd><Strd><AddtlRmtInf>BUCHANAN J//M.TONY LIMITED</AddtlRmtInf></Strd></RmtInf><RltdDts><TxDtTm>2018-09-27T12:13:42</TxDtTm></RltdDts><AddtlTxInf>RP46799623694695001020180927826200026</AddtlTxInf></TxDtls><AddtlNtryInf>COMPLETE//0000//001//CREDIT</AddtlNtryInf></Ntry><Ntry><Amt Ccy="GBP">827.00</Amt><CdtDbtInd>CRDT</CdtDbtInd><Sts>BOOK</Sts><BookgDt><Dt>2018-09-27</Dt></BookgDt><BkTxCd><Prtry><Cd>SIP UKBA CR 40269</Cd></Prtry></BkTxCd><TxDtls><Refs><EndToEndId>NOREF</EndToEndId><TxId>RP4679962369634100</TxId></Refs><RltdPties><Dbtr><Nm>ATTWOOD MT</Nm></Dbtr><DbtrAcct><Id><PrtryAcct><Id>20542580523410</Id></PrtryAcct></Id></DbtrAcct><Cdtr><Nm>DIGITAL MONSTER LT</Nm></Cdtr><CdtrAcct><Id><PrtryAcct><Id>23008200041167</Id></PrtryAcct></Id></CdtrAcct><Prtry><Tp>ATTW13</Tp><Pty/></Prtry></RltdPties><RmtInf><Strd><AddtlRmtInf>NO REF</AddtlRmtInf></Strd><Strd><AddtlRmtInf>ATTWOOD MT//ATTW13</AddtlRmtInf></Strd></RmtInf><RltdDts><TxDtTm>2018-09-27T12:15:28</TxDtTm></RltdDts><AddtlTxInf>RP46799623696341001020180927826200026</AddtlTxInf></TxDtls><AddtlNtryInf>COMPLETE//0000//001//CREDIT</AddtlNtryInf></Ntry><Ntry><Amt Ccy="GBP">10.00</Amt><CdtDbtInd>CRDT</CdtDbtInd><Sts>BOOK</Sts><BookgDt><Dt>2018-09-27</Dt></BookgDt><BkTxCd><Prtry><Cd>SIP UKBA CR 40269</Cd></Prtry></BkTxCd><TxDtls><Refs><EndToEndId>NOREF</EndToEndId><TxId>RP4679962370161400</TxId></Refs><RltdPties><Dbtr><Nm>AJIYEMI I A</Nm></Dbtr><DbtrAcct><Id><PrtryAcct><Id>20707073469484</Id></PrtryAcct></Id></DbtrAcct><Cdtr><Nm>PAMM INTERNATIONAL</Nm></Cdtr><CdtrAcct><Id><PrtryAcct><Id>23008200224095</Id></PrtryAcct></Id></CdtrAcct><Prtry><Tp>CREDITSALE</Tp><Pty/></Prtry></RltdPties><RmtInf><Strd><AddtlRmtInf>NO REF</AddtlRmtInf></Strd><Strd><AddtlRmtInf>AJIYEMI I A//CREDITSALE</AddtlRmtInf></Strd></RmtInf><RltdDts><TxDtTm>2018-09-27T12:20:12</TxDtTm></RltdDts><AddtlTxInf>RP46799623701614001020180927826200026</AddtlTxInf></TxDtls><AddtlNtryInf>COMPLETE//0000//001//CREDIT</AddtlNtryInf></Ntry><Ntry><Amt Ccy="GBP">25.00</Amt><CdtDbtInd>CRDT</CdtDbtInd><Sts>BOOK</Sts><BookgDt><Dt>2018-09-27</Dt></BookgDt><BkTxCd><Prtry><Cd>SIP UKBA CR 40269</Cd></Prtry></BkTxCd><TxDtls><Refs><EndToEndId>PPWD00000000AQJVKC</EndToEndId><TxId>PPWD00000000AQJVKC</TxId></Refs><RltdPties><Dbtr><Nm>PayPal</Nm><PstlAdr><AdrLine>2211 N 1st Street San Jose CA 95131</AdrLine><Ctry/></PstlAdr></Dbtr><DbtrAcct><Id><PrtryAcct><Id>23526278959595</Id></PrtryAcct></Id></DbtrAcct><Cdtr><Nm>Mark Emerson</Nm><PstlAdr><AdrLine>60 William Street</AdrLine><Ctry/></PstlAdr></Cdtr><CdtrAcct><Id><PrtryAcct><Id>23008200468210</Id></PrtryAcct></Id></CdtrAcct><Prtry><Tp>PPWDL582J2ALE8A6E6</Tp><Pty/></Prtry></RltdPties><RmtInf><Strd><RfrdDocInf><RfrdDocTp><Prtry>002</Prtry></RfrdDocTp></RfrdDocInf><AddtlRmtInf>NO REF</AddtlRmtInf></Strd><Strd><AddtlRmtInf>PayPal//PPWDL582J2ALE8A6E6</AddtlRmtInf></Strd></RmtInf><RltdDts><TxDtTm>2018-09-27T12:24:17</TxDtTm></RltdDts><AddtlTxInf>PPWD00000000AQJVKC1020180927826235262</AddtlTxInf></TxDtls><AddtlNtryInf>COMPLETE//0000//001//CREDIT</AddtlNtryInf></Ntry><Ntry><Amt Ccy="GBP">81.45</Amt><CdtDbtInd>CRDT</CdtDbtInd><Sts>BOOK</Sts><BookgDt><Dt>2018-09-27</Dt></BookgDt><BkTxCd><Prtry><Cd>SIP UKBA CR 40269</Cd></Prtry></BkTxCd><TxDtls><Refs><EndToEndId>NOREF</EndToEndId><TxId>300000000395998741</TxId></Refs><RltdPties><Dbtr><Nm>D Crawshaw</Nm></Dbtr><DbtrAcct><Id><PrtryAcct><Id>30995514242360</Id></PrtryAcct></Id></DbtrAcct><Cdtr><Nm>T BROWN</Nm></Cdtr><CdtrAcct><Id><PrtryAcct><Id>23008200350338</Id></PrtryAcct></Id></CdtrAcct><Prtry><Tp>WORK</Tp><Pty/></Prtry></RltdPties><RmtInf><Strd><AddtlRmtInf>NO REF</AddtlRmtInf></Strd><Strd><AddtlRmtInf>D Crawshaw//WORK</AddtlRmtInf></Strd></RmtInf><RltdDts><TxDtTm>2018-09-27T12:24:24</TxDtTm></RltdDts><AddtlTxInf>3000000003959987411020180927826309955</AddtlTxInf></TxDtls><AddtlNtryInf>COMPLETE//0000//001//CREDIT</AddtlNtryInf></Ntry><Ntry><Amt Ccy="GBP">0.01</Amt><CdtDbtInd>CRDT</CdtDbtInd><Sts>BOOK</Sts><BookgDt><Dt>2018-09-27</Dt></BookgDt><BkTxCd><Prtry><Cd>SIP UKBA CR 40269</Cd></Prtry></BkTxCd><TxDtls><Refs><EndToEndId>NOREF</EndToEndId><TxId>200000000390684110</TxId></Refs><RltdPties><Dbtr><Nm>A Miah</Nm></Dbtr><DbtrAcct><Id><PrtryAcct><Id>77852063091568</Id></PrtryAcct></Id></DbtrAcct><Cdtr><Nm>S AMIN</Nm></Cdtr><CdtrAcct><Id><PrtryAcct><Id>23008200451961</Id></PrtryAcct></Id></CdtrAcct></RltdPties><RmtInf><Strd><AddtlRmtInf>NO REF</AddtlRmtInf></Strd><Strd><AddtlRmtInf>A Miah//</AddtlRmtInf></Strd></RmtInf><RltdDts><TxDtTm>2018-09-27T12:24:47</TxDtTm></RltdDts><AddtlTxInf>2000000003906841101020180927826778520</AddtlTxInf></TxDtls><AddtlNtryInf>COMPLETE//0000//001//CREDIT</AddtlNtryInf></Ntry><Ntry><Amt Ccy="GBP">0.01</Amt><CdtDbtInd>CRDT</CdtDbtInd><Sts>BOOK</Sts><BookgDt><Dt>2018-09-27</Dt></BookgDt><BkTxCd><Prtry><Cd>SIP UKBA CR 40269</Cd></Prtry></BkTxCd><TxDtls><Refs><EndToEndId>PPRD00000000AQJW3O</EndToEndId><TxId>PPRD00000000AQJW3O</TxId></Refs><RltdPties><Dbtr><Nm>PAYPAL CODE 7561</Nm><PstlAdr><AdrLine>2211 N 1st Street San Jose CA 95131</AdrLine><Ctry/></PstlAdr></Dbtr><DbtrAcct><Id><PrtryAcct><Id>23526285010101</Id></PrtryAcct></Id></DbtrAcct><Cdtr><Nm>Christopher Clarke</Nm><PstlAdr><AdrLine>26 Ratcliffe court</AdrLine><Ctry/></PstlAdr></Cdtr><CdtrAcct><Id><PrtryAcct><Id>23008200106936</Id></PrtryAcct></Id></CdtrAcct><Prtry><Tp>PAYPAL CODE 7561</Tp><Pty/></Prtry></RltdPties><RmtInf><Strd><RfrdDocInf><RfrdDocTp><Prtry>002</Prtry></RfrdDocTp></RfrdDocInf><AddtlRmtInf>NO REF</AddtlRmtInf></Strd><Strd><AddtlRmtInf>PAYPAL CODE 7561//PAYPAL CODE 7561</AddtlRmtInf></Strd></RmtInf><RltdDts><TxDtTm>2018-09-27T12:26:00</TxDtTm></RltdDts><AddtlTxInf>PPRD00000000AQJW3O1020180927826235262</AddtlTxInf></TxDtls><AddtlNtryInf>COMPLETE//0000//001//CREDIT</AddtlNtryInf></Ntry><Ntry><Amt Ccy="GBP">32.50</Amt><CdtDbtInd>CRDT</CdtDbtInd><Sts>BOOK</Sts><BookgDt><Dt>2018-09-27</Dt></BookgDt><BkTxCd><Prtry><Cd>SIP UKBA CR 40269</Cd></Prtry></BkTxCd><TxDtls><Refs><EndToEndId>NOREF</EndToEndId><TxId>01122652260501000N</TxId><Prtry><Tp>STO REF</Tp><Ref>0000</Ref></Prtry></Refs><RltdPties><Dbtr><Nm>WHG (INTERNATIONAL</Nm></Dbtr><DbtrAcct><Id><PrtryAcct><Id>60954439080519</Id></PrtryAcct></Id></DbtrAcct><Cdtr><Nm>L THOMPSON</Nm></Cdtr><CdtrAcct><Id><PrtryAcct><Id>23008200402896</Id></PrtryAcct></Id></CdtrAcct><Prtry><Tp>553605327</Tp><Pty/></Prtry></RltdPties><RmtInf><Strd><AddtlRmtInf>WHG (INTERNATIONAL553605327</AddtlRmtInf></Strd><Strd><AddtlRmtInf>WHG (INTERNATIONAL//553605327</AddtlRmtInf></Strd></RmtInf><RltdDts><TxDtTm>2018-09-27T12:26:52</TxDtTm></RltdDts><AddtlTxInf>01122652260501000N1020180927826609544</AddtlTxInf></TxDtls><AddtlNtryInf>COMPLETE//0000//001//CREDIT</AddtlNtryInf></Ntry><Ntry><Amt Ccy="GBP">10.00</Amt><CdtDbtInd>CRDT</CdtDbtInd><Sts>BOOK</Sts><BookgDt><Dt>2018-09-27</Dt></BookgDt><BkTxCd><Prtry><Cd>SIP UKBA CR 40269</Cd></Prtry></BkTxCd><TxDtls><Refs><EndToEndId>NOREF</EndToEndId><TxId>27122652424182000N</TxId><Prtry><Tp>STO REF</Tp><Ref>0000</Ref></Prtry></Refs><RltdPties><Dbtr><Nm>WHG (INTERNATIONAL</Nm></Dbtr><DbtrAcct><Id><PrtryAcct><Id>60954439080519</Id></PrtryAcct></Id></DbtrAcct><Cdtr><Nm>KEVIN WHELAN</Nm></Cdtr><CdtrAcct><Id><PrtryAcct><Id>23008200457000</Id></PrtryAcct></Id></CdtrAcct><Prtry><Tp>554050952</Tp><Pty/></Prtry></RltdPties><RmtInf><Strd><AddtlRmtInf>WHG (INTERNATIONAL554050952</AddtlRmtInf></Strd><Strd><AddtlRmtInf>WHG (INTERNATIONAL//554050952</AddtlRmtInf></Strd></RmtInf><RltdDts><TxDtTm>2018-09-27T12:26:52</TxDtTm></RltdDts><AddtlTxInf>27122652424182000N1020180927826609544</AddtlTxInf></TxDtls><AddtlNtryInf>COMPLETE//0000//001//CREDIT</AddtlNtryInf></Ntry><Ntry><Amt Ccy="GBP">30.00</Amt><CdtDbtInd>CRDT</CdtDbtInd><Sts>BOOK</Sts><BookgDt><Dt>2018-09-27</Dt></BookgDt><BkTxCd><Prtry><Cd>SIP UKBA CR 40269</Cd></Prtry></BkTxCd><TxDtls><Refs><EndToEndId>NOREF</EndToEndId><TxId>12122652363273000N</TxId><Prtry><Tp>STO REF</Tp><Ref>0000</Ref></Prtry></Refs><RltdPties><Dbtr><Nm>WHG (INTERNATIONAL</Nm></Dbtr><DbtrAcct><Id><PrtryAcct><Id>60954439080519</Id></PrtryAcct></Id></DbtrAcct><Cdtr><Nm>J HALLIDAY</Nm></Cdtr><CdtrAcct><Id><PrtryAcct><Id>23008200455848</Id></PrtryAcct></Id></CdtrAcct><Prtry><Tp>553641059</Tp><Pty/></Prtry></RltdPties><RmtInf><Strd><AddtlRmtInf>WHG (INTERNATIONAL553641059</AddtlRmtInf></Strd><Strd><AddtlRmtInf>WHG (INTERNATIONAL//553641059</AddtlRmtInf></Strd></RmtInf><RltdDts><TxDtTm>2018-09-27T12:26:52</TxDtTm></RltdDts><AddtlTxInf>12122652363273000N1020180927826609544</AddtlTxInf></TxDtls><AddtlNtryInf>COMPLETE//0000//001//CREDIT</AddtlNtryInf></Ntry><Ntry><Amt Ccy="GBP">45.00</Amt><CdtDbtInd>CRDT</CdtDbtInd><Sts>BOOK</Sts><BookgDt><Dt>2018-09-27</Dt></BookgDt><BkTxCd><Prtry><Cd>SIP UKBA CR 40269</Cd></Prtry></BkTxCd><TxDtls><Refs><EndToEndId>NOREF</EndToEndId><TxId>03122652670467000N</TxId><Prtry><Tp>STO REF</Tp><Ref>0000</Ref></Prtry></Refs><RltdPties><Dbtr><Nm>WHG (INTERNATIONAL</Nm></Dbtr><DbtrAcct><Id><PrtryAcct><Id>60954439080519</Id></PrtryAcct></Id></DbtrAcct><Cdtr><Nm>STEPHEN KING</Nm></Cdtr><CdtrAcct><Id><PrtryAcct><Id>23008200399742</Id></PrtryAcct></Id></CdtrAcct><Prtry><Tp>554188445</Tp><Pty/></Prtry></RltdPties><RmtInf><Strd><AddtlRmtInf>WHG (INTERNATIONAL554188445</AddtlRmtInf></Strd><Strd><AddtlRmtInf>WHG (INTERNATIONAL//554188445</AddtlRmtInf></Strd></RmtInf><RltdDts><TxDtTm>2018-09-27T12:26:53</TxDtTm></RltdDts><AddtlTxInf>03122652670467000N1020180927826609544</AddtlTxInf></TxDtls><AddtlNtryInf>COMPLETE//0000//001//CREDIT</AddtlNtryInf></Ntry><Ntry><Amt Ccy="GBP">70.00</Amt><CdtDbtInd>CRDT</CdtDbtInd><Sts>BOOK</Sts><BookgDt><Dt>2018-09-27</Dt></BookgDt><BkTxCd><Prtry><Cd>SIP UKBA CR 40269</Cd></Prtry></BkTxCd><TxDtls><Refs><EndToEndId>NOREF</EndToEndId><TxId>34122652872341000N</TxId><Prtry><Tp>STO REF</Tp><Ref>0000</Ref></Prtry></Refs><RltdPties><Dbtr><Nm>WHG (INTERNATIONAL</Nm></Dbtr><DbtrAcct><Id><PrtryAcct><Id>60954439080519</Id></PrtryAcct></Id></DbtrAcct><Cdtr><Nm>D LESTER</Nm></Cdtr><CdtrAcct><Id><PrtryAcct><Id>23008200466315</Id></PrtryAcct></Id></CdtrAcct><Prtry><Tp>554197087</Tp><Pty/></Prtry></RltdPties><RmtInf><Strd><AddtlRmtInf>WHG (INTERNATIONAL554197087</AddtlRmtInf></Strd><Strd><AddtlRmtInf>WHG (INTERNATIONAL//554197087</AddtlRmtInf></Strd></RmtInf><RltdDts><TxDtTm>2018-09-27T12:26:53</TxDtTm></RltdDts><AddtlTxInf>34122652872341000N1020180927826609544</AddtlTxInf></TxDtls><AddtlNtryInf>COMPLETE//0000//001//CREDIT</AddtlNtryInf></Ntry><Ntry><Amt Ccy="GBP">60.00</Amt><CdtDbtInd>CRDT</CdtDbtInd><Sts>BOOK</Sts><BookgDt><Dt>2018-09-27</Dt></BookgDt><BkTxCd><Prtry><Cd>SIP UKBA CR 40269</Cd></Prtry></BkTxCd><TxDtls><Refs><EndToEndId>NOREF</EndToEndId><TxId>35122652958235000N</TxId><Prtry><Tp>STO REF</Tp><Ref>0000</Ref></Prtry></Refs><RltdPties><Dbtr><Nm>WHG (INTERNATIONAL</Nm></Dbtr><DbtrAcct><Id><PrtryAcct><Id>60954439080519</Id></PrtryAcct></Id></DbtrAcct><Cdtr><Nm>UDAI PATEL</Nm></Cdtr><CdtrAcct><Id><PrtryAcct><Id>23008200445743</Id></PrtryAcct></Id></CdtrAcct><Prtry><Tp>554197366</Tp><Pty/></Prtry></RltdPties><RmtInf><Strd><AddtlRmtInf>WHG (INTERNATIONAL554197366</AddtlRmtInf></Strd><Strd><AddtlRmtInf>WHG (INTERNATIONAL//554197366</AddtlRmtInf></Strd></RmtInf><RltdDts><TxDtTm>2018-09-27T12:26:53</TxDtTm></RltdDts><AddtlTxInf>35122652958235000N1020180927826609544</AddtlTxInf></TxDtls><AddtlNtryInf>COMPLETE//0000//001//CREDIT</AddtlNtryInf></Ntry><Ntry><Amt Ccy="GBP">42.50</Amt><CdtDbtInd>CRDT</CdtDbtInd><Sts>BOOK</Sts><BookgDt><Dt>2018-09-27</Dt></BookgDt><BkTxCd><Prtry><Cd>SIP UKBA CR 40269</Cd></Prtry></BkTxCd><TxDtls><Refs><EndToEndId>NOREF</EndToEndId><TxId>37122653137187000N</TxId><Prtry><Tp>STO REF</Tp><Ref>0000</Ref></Prtry></Refs><RltdPties><Dbtr><Nm>WHG (INTERNATIONAL</Nm></Dbtr><DbtrAcct><Id><PrtryAcct><Id>60954439080519</Id></PrtryAcct></Id></DbtrAcct><Cdtr><Nm>PETER CADMAN</Nm></Cdtr><CdtrAcct><Id><PrtryAcct><Id>23008200454492</Id></PrtryAcct></Id></CdtrAcct><Prtry><Tp>554216493</Tp><Pty/></Prtry></RltdPties><RmtInf><Strd><AddtlRmtInf>WHG (INTERNATIONAL554216493</AddtlRmtInf></Strd><Strd><AddtlRmtInf>WHG (INTERNATIONAL//554216493</AddtlRmtInf></Strd></RmtInf><RltdDts><TxDtTm>2018-09-27T12:26:53</TxDtTm></RltdDts><AddtlTxInf>37122653137187000N1020180927826609544</AddtlTxInf></TxDtls><AddtlNtryInf>COMPLETE//0000//001//CREDIT</AddtlNtryInf></Ntry></Ntfctn></BkToCstmrDbtCdtNtfctnV01></Document>