<?xml version="1.0" encoding="UTF-8"?><Document xmlns:xsi="http://www.w3.org/2001/XMLSchema-instance" xmlns="urn:iso:std:iso:20022:tech:xsd:camt.054.001.01"><BkToCstmrDbtCdtNtfctnV01><GrpHdr><MsgId>80309K//13268</MsgId><CreDtTm>2018-09-24T13:30:00</CreDtTm></GrpHdr><Ntfctn><Id>80309K//13268//1</Id><CreDtTm>2018-09-24T13:30:00</CreDtTm><Acct><Id><PrtryAcct><Id>20594233939774</Id></PrtryAcct></Id><Ccy>GBP</Ccy></Acct><TxsSummry><TtlNtries><NbOfNtries>12</NbOfNtries><Sum>1836.43</Sum></TtlNtries><TtlCdtNtries><NbOfNtries>12</NbOfNtries><Sum>1836.43</Sum></TtlCdtNtries><TtlDbtNtries><NbOfNtries>0</NbOfNtries><Sum>0.00</Sum></TtlDbtNtries></TxsSummry><Ntry><Amt Ccy="GBP">500.00</Amt><CdtDbtInd>CRDT</CdtDbtInd><Sts>BOOK</Sts><BookgDt><Dt>2018-09-24</Dt></BookgDt><BkTxCd><Prtry><Cd>FDP UKBA CR 40269</Cd></Prtry></BkTxCd><TxDtls><Refs><EndToEndId>NOREF</EndToEndId><TxId>287540213221429001</TxId><Prtry><Tp>STO REF</Tp><Ref>0000</Ref></Prtry></Refs><RltdPties><Dbtr><Nm>LOXTON LF</Nm></Dbtr><DbtrAcct><Id><PrtryAcct><Id>40475804126866</Id></PrtryAcct></Id></DbtrAcct><Cdtr><Nm>MR  BLESSING</Nm></Cdtr><CdtrAcct><Id><PrtryAcct><Id>23008200443121</Id></PrtryAcct></Id></CdtrAcct><Prtry><Tp>WASHING MACHINE</Tp><Pty/></Prtry></RltdPties><RmtInf><Strd><AddtlRmtInf>NO REF</AddtlRmtInf></Strd><Strd><AddtlRmtInf>LOXTON LF//WASHING MACHINE</AddtlRmtInf></Strd></RmtInf><RltdDts><TxDtTm>2018-09-24T13:00:17</TxDtTm></RltdDts><AddtlTxInf>2875402132214290014020180924826404758</AddtlTxInf></TxDtls><AddtlNtryInf>COMPLETE//0000//001//CREDIT</AddtlNtryInf></Ntry><Ntry><Amt Ccy="GBP">112.89</Amt><CdtDbtInd>CRDT</CdtDbtInd><Sts>BOOK</Sts><BookgDt><Dt>2018-09-24</Dt></BookgDt><BkTxCd><Prtry><Cd>SIP UKBA CR 40269</Cd></Prtry></BkTxCd><TxDtls><Refs><EndToEndId>PPWD00000000APR3E8</EndToEndId><TxId>PPWD00000000APR3E8</TxId></Refs><RltdPties><Dbtr><Nm>PayPal</Nm><PstlAdr><AdrLine>2211 N 1st Street San Jose CA 95131</AdrLine><Ctry/></PstlAdr></Dbtr><DbtrAcct><Id><PrtryAcct><Id>23526278959595</Id></PrtryAcct></Id></DbtrAcct><Cdtr><Nm>Jamie Halliday</Nm><PstlAdr><AdrLine>88 Rylees Road</AdrLine><Ctry/></PstlAdr></Cdtr><CdtrAcct><Id><PrtryAcct><Id>23008200455848</Id></PrtryAcct></Id></CdtrAcct><Prtry><Tp>PPWDL5F6J2ALBM7XZJ</Tp><Pty/></Prtry></RltdPties><RmtInf><Strd><RfrdDocInf><RfrdDocTp><Prtry>002</Prtry></RfrdDocTp></RfrdDocInf><AddtlRmtInf>NO REF</AddtlRmtInf></Strd><Strd><AddtlRmtInf>PayPal//PPWDL5F6J2ALBM7XZJ</AddtlRmtInf></Strd></RmtInf><RltdDts><TxDtTm>2018-09-24T13:06:32</TxDtTm></RltdDts><AddtlTxInf>PPWD00000000APR3E81020180924826235262</AddtlTxInf></TxDtls><AddtlNtryInf>COMPLETE//0000//002//CREDIT</AddtlNtryInf></Ntry><Ntry><Amt Ccy="GBP">111.00</Amt><CdtDbtInd>CRDT</CdtDbtInd><Sts>BOOK</Sts><BookgDt><Dt>2018-09-24</Dt></BookgDt><BkTxCd><Prtry><Cd>SIP UKBA CR 40269</Cd></Prtry></BkTxCd><TxDtls><Refs><EndToEndId>NOREF</EndToEndId><TxId>FP18267O07006712</TxId></Refs><RltdPties><Dbtr><Nm>LOPEZ OLUWAGBOYEGA</Nm></Dbtr><DbtrAcct><Id><PrtryAcct><Id>07043639096128</Id></PrtryAcct></Id></DbtrAcct><Cdtr><Nm>PATRICK OKOH</Nm></Cdtr><CdtrAcct><Id><PrtryAcct><Id>23008200042452</Id></PrtryAcct></Id></CdtrAcct><Prtry><Tp>LOPEZ</Tp><Pty/></Prtry></RltdPties><RmtInf><Strd><AddtlRmtInf>NO REF</AddtlRmtInf></Strd><Strd><AddtlRmtInf>LOPEZ OLUWAGBOYEGA//LOPEZ</AddtlRmtInf></Strd></RmtInf><RltdDts><TxDtTm>2018-09-24T13:07:39</TxDtTm></RltdDts><AddtlTxInf>FP18267O07006712  1020180924826070436</AddtlTxInf></TxDtls><AddtlNtryInf>COMPLETE//0000//002//CREDIT</AddtlNtryInf></Ntry><Ntry><Amt Ccy="GBP">23.00</Amt><CdtDbtInd>CRDT</CdtDbtInd><Sts>BOOK</Sts><BookgDt><Dt>2018-09-24</Dt></BookgDt><BkTxCd><Prtry><Cd>SIP UKBA CR 40269</Cd></Prtry></BkTxCd><TxDtls><Refs><EndToEndId>00151092632BBJKGKH</EndToEndId><TxId>00151092632BBJKGKH</TxId></Refs><RltdPties><Dbtr><Nm>HAZEL CORE</Nm></Dbtr><DbtrAcct><Id><PrtryAcct><Id>09012834385390</Id></PrtryAcct></Id></DbtrAcct><Cdtr><Nm>ARRO CARD</Nm></Cdtr><CdtrAcct><Id><PrtryAcct><Id>23008200014496</Id></PrtryAcct></Id></CdtrAcct><Prtry><Tp>phone bill</Tp><Pty/></Prtry></RltdPties><RmtInf><Strd><AddtlRmtInf>NO REF</AddtlRmtInf></Strd><Strd><AddtlRmtInf>HAZEL CORE//phone bill</AddtlRmtInf></Strd></RmtInf><RltdDts><TxDtTm>2018-09-24T13:10:37</TxDtTm></RltdDts><AddtlTxInf>00151092632BBJKGKH1020180924826090128</AddtlTxInf></TxDtls><AddtlNtryInf>COMPLETE//0000//002//CREDIT</AddtlNtryInf></Ntry><Ntry><Amt Ccy="GBP">15.00</Amt><CdtDbtInd>CRDT</CdtDbtInd><Sts>BOOK</Sts><BookgDt><Dt>2018-09-24</Dt></BookgDt><BkTxCd><Prtry><Cd>SIP UKBA CR 40269</Cd></Prtry></BkTxCd><TxDtls><Refs><EndToEndId>XXI</EndToEndId><TxId>04131112196124000N</TxId><Prtry><Tp>STO REF</Tp><Ref>0000</Ref></Prtry></Refs><RltdPties><Dbtr><Nm>DONAGHEY C</Nm></Dbtr><DbtrAcct><Id><PrtryAcct><Id>52210018905382</Id></PrtryAcct></Id></DbtrAcct><Cdtr><Nm>GEORGIA SAVAGE</Nm></Cdtr><CdtrAcct><Id><PrtryAcct><Id>23008200293180</Id></PrtryAcct></Id></CdtrAcct><Prtry><Tp>XXI</Tp><Pty/></Prtry></RltdPties><RmtInf><Strd><AddtlRmtInf>DONAGHEY C        XXI               VIA ONLINE - PYMT</AddtlRmtInf></Strd><Strd><AddtlRmtInf>DONAGHEY C//XXI</AddtlRmtInf></Strd></RmtInf><RltdDts><TxDtTm>2018-09-24T13:11:12</TxDtTm></RltdDts><AddtlTxInf>04131112196124000N1020180924826522100</AddtlTxInf></TxDtls><AddtlNtryInf>COMPLETE//0000//002//CREDIT</AddtlNtryInf></Ntry><Ntry><Amt Ccy="GBP">10.00</Amt><CdtDbtInd>CRDT</CdtDbtInd><Sts>BOOK</Sts><BookgDt><Dt>2018-09-24</Dt></BookgDt><BkTxCd><Prtry><Cd>SIP UKBA CR 40269</Cd></Prtry></BkTxCd><TxDtls><Refs><EndToEndId>NOREF</EndToEndId><TxId>300000000395034418</TxId></Refs><RltdPties><Dbtr><Nm>J McConville</Nm></Dbtr><DbtrAcct><Id><PrtryAcct><Id>11099600601848</Id></PrtryAcct></Id></DbtrAcct><Cdtr><Nm>JOHN MCCONVILLE</Nm></Cdtr><CdtrAcct><Id><PrtryAcct><Id>23008200192830</Id></PrtryAcct></Id></CdtrAcct><Prtry><Tp>ARRO MONEY</Tp><Pty/></Prtry></RltdPties><RmtInf><Strd><AddtlRmtInf>NO REF</AddtlRmtInf></Strd><Strd><AddtlRmtInf>J McConville//ARRO MONEY</AddtlRmtInf></Strd></RmtInf><RltdDts><TxDtTm>2018-09-24T13:17:49</TxDtTm></RltdDts><AddtlTxInf>3000000003950344181020180924826110996</AddtlTxInf></TxDtls><AddtlNtryInf>COMPLETE//0000//002//CREDIT</AddtlNtryInf></Ntry><Ntry><Amt Ccy="GBP">10.00</Amt><CdtDbtInd>CRDT</CdtDbtInd><Sts>BOOK</Sts><BookgDt><Dt>2018-09-24</Dt></BookgDt><BkTxCd><Prtry><Cd>SIP UKBA CR 40269</Cd></Prtry></BkTxCd><TxDtls><Refs><EndToEndId>NOREF</EndToEndId><TxId>RP4659985205025500</TxId></Refs><RltdPties><Dbtr><Nm>AHAMMED M F</Nm></Dbtr><DbtrAcct><Id><PrtryAcct><Id>20089893472752</Id></PrtryAcct></Id></DbtrAcct><Cdtr><Nm>FOYSAL AHAMMED</Nm></Cdtr><CdtrAcct><Id><PrtryAcct><Id>23008200213245</Id></PrtryAcct></Id></CdtrAcct><Prtry><Tp>OWN</Tp><Pty/></Prtry></RltdPties><RmtInf><Strd><AddtlRmtInf>NO REF</AddtlRmtInf></Strd><Strd><AddtlRmtInf>AHAMMED M F//OWN</AddtlRmtInf></Strd></RmtInf><RltdDts><TxDtTm>2018-09-24T13:18:33</TxDtTm></RltdDts><AddtlTxInf>RP46599852050255001020180924826200026</AddtlTxInf></TxDtls><AddtlNtryInf>COMPLETE//0000//002//CREDIT</AddtlNtryInf></Ntry><Ntry><Amt Ccy="GBP">100.00</Amt><CdtDbtInd>CRDT</CdtDbtInd><Sts>BOOK</Sts><BookgDt><Dt>2018-09-24</Dt></BookgDt><BkTxCd><Prtry><Cd>SIP UKBA CR 40269</Cd></Prtry></BkTxCd><TxDtls><Refs><EndToEndId>NOREF</EndToEndId><TxId>RP4679962114317800</TxId></Refs><RltdPties><Dbtr><Nm>OWARE C</Nm></Dbtr><DbtrAcct><Id><PrtryAcct><Id>20259520462365</Id></PrtryAcct></Id></DbtrAcct><Cdtr><Nm>CHANEL OWARE</Nm></Cdtr><CdtrAcct><Id><PrtryAcct><Id>23008200327086</Id></PrtryAcct></Id></CdtrAcct><Prtry><Tp>CORDELIA</Tp><Pty/></Prtry></RltdPties><RmtInf><Strd><AddtlRmtInf>NO REF</AddtlRmtInf></Strd><Strd><AddtlRmtInf>OWARE C//CORDELIA</AddtlRmtInf></Strd></RmtInf><RltdDts><TxDtTm>2018-09-24T13:20:23</TxDtTm></RltdDts><AddtlTxInf>RP46799621143178001020180924826200026</AddtlTxInf></TxDtls><AddtlNtryInf>COMPLETE//0000//002//CREDIT</AddtlNtryInf></Ntry><Ntry><Amt Ccy="GBP">243.44</Amt><CdtDbtInd>CRDT</CdtDbtInd><Sts>BOOK</Sts><BookgDt><Dt>2018-09-24</Dt></BookgDt><BkTxCd><Prtry><Cd>SIP UKBA CR 40269</Cd></Prtry></BkTxCd><TxDtls><Refs><EndToEndId>NOREF</EndToEndId><TxId>13132231362533000R</TxId><Prtry><Tp>STO REF</Tp><Ref>0000</Ref></Prtry></Refs><RltdPties><Dbtr><Nm>GC C1</Nm></Dbtr><DbtrAcct><Id><PrtryAcct><Id>16222410135836</Id></PrtryAcct></Id></DbtrAcct><Cdtr><Nm>MISS ALIA A COSTER</Nm></Cdtr><CdtrAcct><Id><PrtryAcct><Id>23008200221244</Id></PrtryAcct></Id></CdtrAcct><Prtry><Tp>CCONTENT-KCCC7PT9M</Tp><Pty/></Prtry></RltdPties><RmtInf><Strd><AddtlRmtInf>CCONTENT-KCCC7PT9M</AddtlRmtInf></Strd><Strd><AddtlRmtInf>GC C1//CCONTENT-KCCC7PT9M</AddtlRmtInf></Strd></RmtInf><RltdDts><TxDtTm>2018-09-24T13:22:31</TxDtTm></RltdDts><AddtlTxInf>13132231362533000R1020180924826162224</AddtlTxInf></TxDtls><AddtlNtryInf>COMPLETE//0000//002//CREDIT</AddtlNtryInf></Ntry><Ntry><Amt Ccy="GBP">6.10</Amt><CdtDbtInd>CRDT</CdtDbtInd><Sts>BOOK</Sts><BookgDt><Dt>2018-09-24</Dt></BookgDt><BkTxCd><Prtry><Cd>SIP UKBA CR 40269</Cd></Prtry></BkTxCd><TxDtls><Refs><EndToEndId>NOREF</EndToEndId><TxId>400000000396187407</TxId></Refs><RltdPties><Dbtr><Nm>C Brady</Nm></Dbtr><DbtrAcct><Id><PrtryAcct><Id>30946158666860</Id></PrtryAcct></Id></DbtrAcct><Cdtr><Nm>PREPAID CARD</Nm></Cdtr><CdtrAcct><Id><PrtryAcct><Id>23008200219863</Id></PrtryAcct></Id></CdtrAcct><Prtry><Tp>ARRO</Tp><Pty/></Prtry></RltdPties><RmtInf><Strd><AddtlRmtInf>NO REF</AddtlRmtInf></Strd><Strd><AddtlRmtInf>C Brady//ARRO</AddtlRmtInf></Strd></RmtInf><RltdDts><TxDtTm>2018-09-24T13:26:33</TxDtTm></RltdDts><AddtlTxInf>4000000003961874071020180924826309461</AddtlTxInf></TxDtls><AddtlNtryInf>COMPLETE//0000//002//CREDIT</AddtlNtryInf></Ntry><Ntry><Amt Ccy="GBP">600.00</Amt><CdtDbtInd>CRDT</CdtDbtInd><Sts>BOOK</Sts><BookgDt><Dt>2018-09-24</Dt></BookgDt><BkTxCd><Prtry><Cd>SIP UKBA CR 40269</Cd></Prtry></BkTxCd><TxDtls><Refs><EndToEndId>NOREF</EndToEndId><TxId>RP4679962114989800</TxId></Refs><RltdPties><Dbtr><Nm>DANILA C</Nm></Dbtr><DbtrAcct><Id><PrtryAcct><Id>20926010528323</Id></PrtryAcct></Id></DbtrAcct><Cdtr><Nm>GLOBE SCHOOL OF MO</Nm></Cdtr><CdtrAcct><Id><PrtryAcct><Id>23008200463408</Id></PrtryAcct></Id></CdtrAcct><Prtry><Tp>31677119</Tp><Pty/></Prtry></RltdPties><RmtInf><Strd><AddtlRmtInf>NO REF</AddtlRmtInf></Strd><Strd><AddtlRmtInf>DANILA C//31677119</AddtlRmtInf></Strd></RmtInf><RltdDts><TxDtTm>2018-09-24T13:27:26</TxDtTm></RltdDts><AddtlTxInf>RP46799621149898001020180924826200026</AddtlTxInf></TxDtls><AddtlNtryInf>COMPLETE//0000//002//CREDIT</AddtlNtryInf></Ntry><Ntry><Amt Ccy="GBP">105.00</Amt><CdtDbtInd>CRDT</CdtDbtInd><Sts>BOOK</Sts><BookgDt><Dt>2018-09-24</Dt></BookgDt><BkTxCd><Prtry><Cd>SIP UKBA CR 40269</Cd></Prtry></BkTxCd><TxDtls><Refs><EndToEndId>LEGUNSEN FREIGHT</EndToEndId><TxId>19132731941008000N</TxId><Prtry><Tp>STO REF</Tp><Ref>0000</Ref></Prtry></Refs><RltdPties><Dbtr><Nm>ADEBANJO RE LEGU</Nm></Dbtr><DbtrAcct><Id><PrtryAcct><Id>60193979283144</Id></PrtryAcct></Id></DbtrAcct><Cdtr><Nm>JEDIDIAH GLOBAL</Nm></Cdtr><CdtrAcct><Id><PrtryAcct><Id>23008200032558</Id></PrtryAcct></Id></CdtrAcct><Prtry><Tp>LEGUNSEN FREIGHT</Tp><Pty/></Prtry></RltdPties><RmtInf><Strd><AddtlRmtInf>ADEBANJO RE LEGU  LEGUNSEN FREIGHT  VIA ONLINE - PYMT</AddtlRmtInf></Strd><Strd><AddtlRmtInf>ADEBANJO RE LEGU//LEGUNSEN FREIGHT</AddtlRmtInf></Strd></RmtInf><RltdDts><TxDtTm>2018-09-24T13:27:32</TxDtTm></RltdDts><AddtlTxInf>19132731941008000N1020180924826601939</AddtlTxInf></TxDtls><AddtlNtryInf>COMPLETE//0000//002//CREDIT</AddtlNtryInf></Ntry></Ntfctn></BkToCstmrDbtCdtNtfctnV01></Document>