<?xml version="1.0" encoding="UTF-8"?><Document xmlns:xsi="http://www.w3.org/2001/XMLSchema-instance" xmlns="urn:iso:std:iso:20022:tech:xsd:camt.054.001.01"><BkToCstmrDbtCdtNtfctnV01><GrpHdr><MsgId>80309K//12315</MsgId><CreDtTm>2018-09-02T11:30:00</CreDtTm></GrpHdr><Ntfctn><Id>80309K//12315//1</Id><CreDtTm>2018-09-02T11:30:00</CreDtTm><Acct><Id><PrtryAcct><Id>20594233939774</Id></PrtryAcct></Id><Ccy>GBP</Ccy></Acct><TxsSummry><TtlNtries><NbOfNtries>7</NbOfNtries><Sum>183.00</Sum></TtlNtries><TtlCdtNtries><NbOfNtries>7</NbOfNtries><Sum>183.00</Sum></TtlCdtNtries><TtlDbtNtries><NbOfNtries>0</NbOfNtries><Sum>0.00</Sum></TtlDbtNtries></TxsSummry><Ntry><Amt Ccy="GBP">61.00</Amt><CdtDbtInd>CRDT</CdtDbtInd><Sts>BOOK</Sts><BookgDt><Dt>2018-09-03</Dt></BookgDt><BkTxCd><Prtry><Cd>FDP UKBA CR 40269</Cd></Prtry></BkTxCd><TxDtls><Refs><EndToEndId>NOREF</EndToEndId><TxId>618771210001209001</TxId><Prtry><Tp>STO REF</Tp><Ref>0000</Ref></Prtry></Refs><RltdPties><Dbtr><Nm>GRIFFITHS J</Nm></Dbtr><DbtrAcct><Id><PrtryAcct><Id>40261121787691</Id></PrtryAcct></Id></DbtrAcct><Cdtr><Nm>SOPHIE ELLIS</Nm></Cdtr><CdtrAcct><Id><PrtryAcct><Id>23008200425064</Id></PrtryAcct></Id></CdtrAcct></RltdPties><RmtInf><Strd><AddtlRmtInf>NO REF</AddtlRmtInf></Strd><Strd><AddtlRmtInf>GRIFFITHS J//</AddtlRmtInf></Strd></RmtInf><RltdDts><TxDtTm>2018-09-02T11:00:08</TxDtTm></RltdDts><AddtlTxInf>6187712100012090014020180902826402611</AddtlTxInf></TxDtls><AddtlNtryInf>COMPLETE//0000//003//CREDIT</AddtlNtryInf></Ntry><Ntry><Amt Ccy="GBP">34.00</Amt><CdtDbtInd>CRDT</CdtDbtInd><Sts>BOOK</Sts><BookgDt><Dt>2018-09-03</Dt></BookgDt><BkTxCd><Prtry><Cd>SIP UKBA CR 40269</Cd></Prtry></BkTxCd><TxDtls><Refs><EndToEndId>NOREF</EndToEndId><TxId>500000000384826949</TxId></Refs><RltdPties><Dbtr><Nm>A Hanson</Nm></Dbtr><DbtrAcct><Id><PrtryAcct><Id>11015212068960</Id></PrtryAcct></Id></DbtrAcct><Cdtr><Nm>JOHN SULLIVAN</Nm></Cdtr><CdtrAcct><Id><PrtryAcct><Id>23008200413048</Id></PrtryAcct></Id></CdtrAcct><Prtry><Tp>OPENER</Tp><Pty/></Prtry></RltdPties><RmtInf><Strd><AddtlRmtInf>NO REF</AddtlRmtInf></Strd><Strd><AddtlRmtInf>A Hanson//OPENER</AddtlRmtInf></Strd></RmtInf><RltdDts><TxDtTm>2018-09-02T11:15:21</TxDtTm></RltdDts><AddtlTxInf>5000000003848269491020180902826110152</AddtlTxInf></TxDtls><AddtlNtryInf>COMPLETE//0000//003//CREDIT</AddtlNtryInf></Ntry><Ntry><Amt Ccy="GBP">40.00</Amt><CdtDbtInd>CRDT</CdtDbtInd><Sts>BOOK</Sts><BookgDt><Dt>2018-09-03</Dt></BookgDt><BkTxCd><Prtry><Cd>SIP UKBA CR 40269</Cd></Prtry></BkTxCd><TxDtls><Refs><EndToEndId>NOREF</EndToEndId><TxId>FP18245O08738651</TxId></Refs><RltdPties><Dbtr><Nm>Jeffrey Dawn</Nm></Dbtr><DbtrAcct><Id><PrtryAcct><Id>07024648855434</Id></PrtryAcct></Id></DbtrAcct><Cdtr><Nm>DAWN</Nm></Cdtr><CdtrAcct><Id><PrtryAcct><Id>23008200351861</Id></PrtryAcct></Id></CdtrAcct><Prtry><Tp>RYAN JEFFREY</Tp><Pty/></Prtry></RltdPties><RmtInf><Strd><AddtlRmtInf>NO REF</AddtlRmtInf></Strd><Strd><AddtlRmtInf>Jeffrey Dawn//RYAN JEFFREY</AddtlRmtInf></Strd></RmtInf><RltdDts><TxDtTm>2018-09-02T11:15:55</TxDtTm></RltdDts><AddtlTxInf>FP18245O08738651  1020180902826070246</AddtlTxInf></TxDtls><AddtlNtryInf>COMPLETE//0000//003//CREDIT</AddtlNtryInf></Ntry><Ntry><Amt Ccy="GBP">10.00</Amt><CdtDbtInd>CRDT</CdtDbtInd><Sts>BOOK</Sts><BookgDt><Dt>2018-09-03</Dt></BookgDt><BkTxCd><Prtry><Cd>DCA UKBA CR 40269</Cd></Prtry></BkTxCd><TxDtls><Refs><EndToEndId>NOREF</EndToEndId><TxId>000000013446025601</TxId><Prtry><Tp>STO REF</Tp><Ref>0000</Ref></Prtry></Refs><RltdPties><Dbtr><Nm>23118500005147</Nm></Dbtr><DbtrAcct><Id><PrtryAcct><Id>20594273536084</Id></PrtryAcct></Id></DbtrAcct><Cdtr><Nm>DAVID CROSS</Nm></Cdtr><CdtrAcct><Id><PrtryAcct><Id>23008200426597</Id></PrtryAcct></Id></CdtrAcct><Prtry><Tp>010</Tp><Pty/></Prtry></RltdPties><RmtInf><Strd><AddtlRmtInf>NO REF</AddtlRmtInf></Strd><Strd><AddtlRmtInf>23118500005147//010</AddtlRmtInf></Strd></RmtInf><RltdDts><TxDtTm>2018-09-02T11:16:32</TxDtTm></RltdDts><AddtlTxInf>0000000134460256015020180902826205942</AddtlTxInf></TxDtls><AddtlNtryInf>COMPLETE//0000//003//CREDIT</AddtlNtryInf></Ntry><Ntry><Amt Ccy="GBP">10.00</Amt><CdtDbtInd>CRDT</CdtDbtInd><Sts>BOOK</Sts><BookgDt><Dt>2018-09-03</Dt></BookgDt><BkTxCd><Prtry><Cd>SIP UKBA CR 40269</Cd></Prtry></BkTxCd><TxDtls><Refs><EndToEndId>NOREF</EndToEndId><TxId>400000000389626114</TxId></Refs><RltdPties><Dbtr><Nm>E Docherty</Nm></Dbtr><DbtrAcct><Id><PrtryAcct><Id>77210434337960</Id></PrtryAcct></Id></DbtrAcct><Cdtr><Nm>JAMES NEW</Nm></Cdtr><CdtrAcct><Id><PrtryAcct><Id>23008200089440</Id></PrtryAcct></Id></CdtrAcct><Prtry><Tp>LONDON</Tp><Pty/></Prtry></RltdPties><RmtInf><Strd><AddtlRmtInf>NO REF</AddtlRmtInf></Strd><Strd><AddtlRmtInf>E Docherty//LONDON</AddtlRmtInf></Strd></RmtInf><RltdDts><TxDtTm>2018-09-02T11:17:38</TxDtTm></RltdDts><AddtlTxInf>4000000003896261141020180902826772104</AddtlTxInf></TxDtls><AddtlNtryInf>COMPLETE//0000//003//CREDIT</AddtlNtryInf></Ntry><Ntry><Amt Ccy="GBP">23.00</Amt><CdtDbtInd>CRDT</CdtDbtInd><Sts>BOOK</Sts><BookgDt><Dt>2018-09-03</Dt></BookgDt><BkTxCd><Prtry><Cd>SIP UKBA CR 40269</Cd></Prtry></BkTxCd><TxDtls><Refs><EndToEndId>00151009632BBDTRGY</EndToEndId><TxId>00151009632BBDTRGY</TxId></Refs><RltdPties><Dbtr><Nm>ELENI MICHAEL</Nm></Dbtr><DbtrAcct><Id><PrtryAcct><Id>09012861481911</Id></PrtryAcct></Id></DbtrAcct><Cdtr><Nm>nicholas jones</Nm></Cdtr><CdtrAcct><Id><PrtryAcct><Id>23008200351123</Id></PrtryAcct></Id></CdtrAcct><Prtry><Tp>phone bill</Tp><Pty/></Prtry></RltdPties><RmtInf><Strd><AddtlRmtInf>NO REF</AddtlRmtInf></Strd><Strd><AddtlRmtInf>ELENI MICHAEL//phone bill</AddtlRmtInf></Strd></RmtInf><RltdDts><TxDtTm>2018-09-02T11:19:05</TxDtTm></RltdDts><AddtlTxInf>00151009632BBDTRGY1020180902826090128</AddtlTxInf></TxDtls><AddtlNtryInf>COMPLETE//0000//003//CREDIT</AddtlNtryInf></Ntry><Ntry><Amt Ccy="GBP">5.00</Amt><CdtDbtInd>CRDT</CdtDbtInd><Sts>BOOK</Sts><BookgDt><Dt>2018-09-03</Dt></BookgDt><BkTxCd><Prtry><Cd>SIP UKBA CR 40269</Cd></Prtry></BkTxCd><TxDtls><Refs><EndToEndId>NOREF</EndToEndId><TxId>PZRAC5AEN60DASV3ZY</TxId></Refs><RltdPties><Dbtr><Nm>Tolulope Ayorinde</Nm><PstlAdr><AdrLine>82 King Alfred Avenue, SE6 3HE</AdrLine><Ctry/></PstlAdr></Dbtr><DbtrAcct><Id><PrtryAcct><Id>04000477102678</Id></PrtryAcct></Id></DbtrAcct><Cdtr><Nm>Olusegun Adeyinka</Nm></Cdtr><CdtrAcct><Id><PrtryAcct><Id>23008200151981</Id></PrtryAcct></Id></CdtrAcct></RltdPties><RmtInf><Strd><AddtlRmtInf>NO REF</AddtlRmtInf></Strd><Strd><AddtlRmtInf>Tolulope Ayorinde//</AddtlRmtInf></Strd></RmtInf><RltdDts><TxDtTm>2018-09-02T11:26:44</TxDtTm></RltdDts><AddtlTxInf>PZRAC5AEN60DASV3ZY1020180902826040004</AddtlTxInf></TxDtls><AddtlNtryInf>COMPLETE//0000//003//CREDIT</AddtlNtryInf></Ntry></Ntfctn></BkToCstmrDbtCdtNtfctnV01></Document>