<?xml version="1.0" encoding="UTF-8"?><Document xmlns:xsi="http://www.w3.org/2001/XMLSchema-instance" xmlns="urn:iso:std:iso:20022:tech:xsd:camt.054.001.01"><BkToCstmrDbtCdtNtfctnV01><GrpHdr><MsgId>80309K//13188</MsgId><CreDtTm>2018-09-22T14:30:00</CreDtTm></GrpHdr><Ntfctn><Id>80309K//13188//1</Id><CreDtTm>2018-09-22T14:30:00</CreDtTm><Acct><Id><PrtryAcct><Id>20594233939774</Id></PrtryAcct></Id><Ccy>GBP</Ccy></Acct><TxsSummry><TtlNtries><NbOfNtries>7</NbOfNtries><Sum>1217.00</Sum></TtlNtries><TtlCdtNtries><NbOfNtries>7</NbOfNtries><Sum>1217.00</Sum></TtlCdtNtries><TtlDbtNtries><NbOfNtries>0</NbOfNtries><Sum>0.00</Sum></TtlDbtNtries></TxsSummry><Ntry><Amt Ccy="GBP">45.00</Amt><CdtDbtInd>CRDT</CdtDbtInd><Sts>BOOK</Sts><BookgDt><Dt>2018-09-24</Dt></BookgDt><BkTxCd><Prtry><Cd>FDP UKBA CR 40269</Cd></Prtry></BkTxCd><TxDtls><Refs><EndToEndId>NOREF</EndToEndId><TxId>706680531131229001</TxId><Prtry><Tp>STO REF</Tp><Ref>0000</Ref></Prtry></Refs><RltdPties><Dbtr><Nm>MERNIER&amp;MAYE</Nm></Dbtr><DbtrAcct><Id><PrtryAcct><Id>40020322028689</Id></PrtryAcct></Id></DbtrAcct><Cdtr><Nm>Remi Guillaume</Nm></Cdtr><CdtrAcct><Id><PrtryAcct><Id>23008200458353</Id></PrtryAcct></Id></CdtrAcct><Prtry><Tp>Train victor mayer</Tp><Pty/></Prtry></RltdPties><RmtInf><Strd><AddtlRmtInf>NO REF</AddtlRmtInf></Strd><Strd><AddtlRmtInf>MERNIER&amp;MAYE//Train victor mayer</AddtlRmtInf></Strd></RmtInf><RltdDts><TxDtTm>2018-09-22T14:00:01</TxDtTm></RltdDts><AddtlTxInf>7066805311312290014020180922826400203</AddtlTxInf></TxDtls><AddtlNtryInf>COMPLETE//0000//003//CREDIT</AddtlNtryInf></Ntry><Ntry><Amt Ccy="GBP">15.00</Amt><CdtDbtInd>CRDT</CdtDbtInd><Sts>BOOK</Sts><BookgDt><Dt>2018-09-24</Dt></BookgDt><BkTxCd><Prtry><Cd>SIP UKBA CR 40269</Cd></Prtry></BkTxCd><TxDtls><Refs><EndToEndId>SEX</EndToEndId><TxId>31140455643221000R</TxId><Prtry><Tp>STO REF</Tp><Ref>0000</Ref></Prtry></Refs><RltdPties><Dbtr><Nm>NELSON LB</Nm></Dbtr><DbtrAcct><Id><PrtryAcct><Id>83234400173640</Id></PrtryAcct></Id></DbtrAcct><Cdtr><Nm>JOHN BRENNAN</Nm></Cdtr><CdtrAcct><Id><PrtryAcct><Id>23008200215264</Id></PrtryAcct></Id></CdtrAcct><Prtry><Tp>SEX</Tp><Pty/></Prtry></RltdPties><RmtInf><Strd><AddtlRmtInf>NELSON LB         SEX               VIA MOBILE - LVP</AddtlRmtInf></Strd><Strd><AddtlRmtInf>NELSON LB//SEX</AddtlRmtInf></Strd></RmtInf><RltdDts><TxDtTm>2018-09-22T14:04:56</TxDtTm></RltdDts><AddtlTxInf>31140455643221000R1020180922826832344</AddtlTxInf></TxDtls><AddtlNtryInf>COMPLETE//0000//003//CREDIT</AddtlNtryInf></Ntry><Ntry><Amt Ccy="GBP">800.00</Amt><CdtDbtInd>CRDT</CdtDbtInd><Sts>BOOK</Sts><BookgDt><Dt>2018-09-24</Dt></BookgDt><BkTxCd><Prtry><Cd>SIP UKBA CR 40269</Cd></Prtry></BkTxCd><TxDtls><Refs><EndToEndId>NOREF</EndToEndId><TxId>400000000395741901</TxId></Refs><RltdPties><Dbtr><Nm>N Bivol</Nm></Dbtr><DbtrAcct><Id><PrtryAcct><Id>11799611150962</Id></PrtryAcct></Id></DbtrAcct><Cdtr><Nm>RED DRIVING SCHOOL</Nm></Cdtr><CdtrAcct><Id><PrtryAcct><Id>23008200457949</Id></PrtryAcct></Id></CdtrAcct><Prtry><Tp>PASSPLUS88</Tp><Pty/></Prtry></RltdPties><RmtInf><Strd><AddtlRmtInf>NO REF</AddtlRmtInf></Strd><Strd><AddtlRmtInf>N Bivol//PASSPLUS88</AddtlRmtInf></Strd></RmtInf><RltdDts><TxDtTm>2018-09-22T14:06:37</TxDtTm></RltdDts><AddtlTxInf>4000000003957419011020180922826117996</AddtlTxInf></TxDtls><AddtlNtryInf>COMPLETE//0000//003//CREDIT</AddtlNtryInf></Ntry><Ntry><Amt Ccy="GBP">300.00</Amt><CdtDbtInd>CRDT</CdtDbtInd><Sts>BOOK</Sts><BookgDt><Dt>2018-09-24</Dt></BookgDt><BkTxCd><Prtry><Cd>SIP UKBA CR 40269</Cd></Prtry></BkTxCd><TxDtls><Refs><EndToEndId>00153425632BWDPSFW</EndToEndId><TxId>00153425632BWDPSFW</TxId></Refs><RltdPties><Dbtr><Nm>JOSHUA WILSON</Nm></Dbtr><DbtrAcct><Id><PrtryAcct><Id>09012927911422</Id></PrtryAcct></Id></DbtrAcct><Cdtr><Nm>K TRAORE</Nm></Cdtr><CdtrAcct><Id><PrtryAcct><Id>23008200393346</Id></PrtryAcct></Id></CdtrAcct><Prtry><Tp>khalid</Tp><Pty/></Prtry></RltdPties><RmtInf><Strd><AddtlRmtInf>NO REF</AddtlRmtInf></Strd><Strd><AddtlRmtInf>JOSHUA WILSON//khalid</AddtlRmtInf></Strd></RmtInf><RltdDts><TxDtTm>2018-09-22T14:06:53</TxDtTm></RltdDts><AddtlTxInf>00153425632BWDPSFW1020180922826090129</AddtlTxInf></TxDtls><AddtlNtryInf>COMPLETE//0000//003//CREDIT</AddtlNtryInf></Ntry><Ntry><Amt Ccy="GBP">2.00</Amt><CdtDbtInd>CRDT</CdtDbtInd><Sts>BOOK</Sts><BookgDt><Dt>2018-09-24</Dt></BookgDt><BkTxCd><Prtry><Cd>SIP UKBA CR 40269</Cd></Prtry></BkTxCd><TxDtls><Refs><EndToEndId>NOREF</EndToEndId><TxId>RP4659985100138300</TxId></Refs><RltdPties><Dbtr><Nm>SINGH L</Nm></Dbtr><DbtrAcct><Id><PrtryAcct><Id>20804773819868</Id></PrtryAcct></Id></DbtrAcct><Cdtr><Nm>LOKENDRA SINGH</Nm></Cdtr><CdtrAcct><Id><PrtryAcct><Id>23008200452375</Id></PrtryAcct></Id></CdtrAcct><Prtry><Tp>LOKI</Tp><Pty/></Prtry></RltdPties><RmtInf><Strd><AddtlRmtInf>NO REF</AddtlRmtInf></Strd><Strd><AddtlRmtInf>SINGH L//LOKI</AddtlRmtInf></Strd></RmtInf><RltdDts><TxDtTm>2018-09-22T14:13:52</TxDtTm></RltdDts><AddtlTxInf>RP46599851001383001020180922826200026</AddtlTxInf></TxDtls><AddtlNtryInf>COMPLETE//0000//003//CREDIT</AddtlNtryInf></Ntry><Ntry><Amt Ccy="GBP">20.00</Amt><CdtDbtInd>CRDT</CdtDbtInd><Sts>BOOK</Sts><BookgDt><Dt>2018-09-24</Dt></BookgDt><BkTxCd><Prtry><Cd>SIP UKBA CR 40269</Cd></Prtry></BkTxCd><TxDtls><Refs><EndToEndId>NOREF</EndToEndId><TxId>200000000389281191</TxId></Refs><RltdPties><Dbtr><Nm>A Kamboj</Nm></Dbtr><DbtrAcct><Id><PrtryAcct><Id>80471201045440</Id></PrtryAcct></Id></DbtrAcct><Cdtr><Nm>ANN</Nm></Cdtr><CdtrAcct><Id><PrtryAcct><Id>23008200249240</Id></PrtryAcct></Id></CdtrAcct><Prtry><Tp>GY</Tp><Pty/></Prtry></RltdPties><RmtInf><Strd><AddtlRmtInf>NO REF</AddtlRmtInf></Strd><Strd><AddtlRmtInf>A Kamboj//GY</AddtlRmtInf></Strd></RmtInf><RltdDts><TxDtTm>2018-09-22T14:21:44</TxDtTm></RltdDts><AddtlTxInf>2000000003892811911020180922826804712</AddtlTxInf></TxDtls><AddtlNtryInf>COMPLETE//0000//003//CREDIT</AddtlNtryInf></Ntry><Ntry><Amt Ccy="GBP">35.00</Amt><CdtDbtInd>CRDT</CdtDbtInd><Sts>BOOK</Sts><BookgDt><Dt>2018-09-24</Dt></BookgDt><BkTxCd><Prtry><Cd>SIP UKBA CR 40269</Cd></Prtry></BkTxCd><TxDtls><Refs><EndToEndId>NOREF</EndToEndId><TxId>RP4659985100797700</TxId></Refs><RltdPties><Dbtr><Nm>OWEN CDJ</Nm></Dbtr><DbtrAcct><Id><PrtryAcct><Id>20513220016586</Id></PrtryAcct></Id></DbtrAcct><Cdtr><Nm>MR D WESTON</Nm></Cdtr><CdtrAcct><Id><PrtryAcct><Id>23008200227883</Id></PrtryAcct></Id></CdtrAcct><Prtry><Tp>COOTZ XBOX GAME</Tp><Pty/></Prtry></RltdPties><RmtInf><Strd><AddtlRmtInf>NO REF</AddtlRmtInf></Strd><Strd><AddtlRmtInf>OWEN CDJ//COOTZ XBOX GAME</AddtlRmtInf></Strd></RmtInf><RltdDts><TxDtTm>2018-09-22T14:23:23</TxDtTm></RltdDts><AddtlTxInf>RP46599851007977001020180922826200026</AddtlTxInf></TxDtls><AddtlNtryInf>COMPLETE//0000//003//CREDIT</AddtlNtryInf></Ntry></Ntfctn></BkToCstmrDbtCdtNtfctnV01></Document>