<?xml version="1.0" encoding="UTF-8"?><Document xmlns:xsi="http://www.w3.org/2001/XMLSchema-instance" xmlns="urn:iso:std:iso:20022:tech:xsd:camt.054.001.01"><BkToCstmrDbtCdtNtfctnV01><GrpHdr><MsgId>80309K//12966</MsgId><CreDtTm>2018-09-17T12:30:00</CreDtTm></GrpHdr><Ntfctn><Id>80309K//12966//1</Id><CreDtTm>2018-09-17T12:30:00</CreDtTm><Acct><Id><PrtryAcct><Id>20594233939774</Id></PrtryAcct></Id><Ccy>GBP</Ccy></Acct><TxsSummry><TtlNtries><NbOfNtries>31</NbOfNtries><Sum>33560.20</Sum></TtlNtries><TtlCdtNtries><NbOfNtries>13</NbOfNtries><Sum>2171.50</Sum></TtlCdtNtries><TtlDbtNtries><NbOfNtries>18</NbOfNtries><Sum>31388.70</Sum></TtlDbtNtries></TxsSummry><Ntry><Amt Ccy="GBP">99.00</Amt><CdtDbtInd>CRDT</CdtDbtInd><Sts>BOOK</Sts><BookgDt><Dt>2018-09-17</Dt></BookgDt><BkTxCd><Prtry><Cd>FDP UKBA CR 40269</Cd></Prtry></BkTxCd><TxDtls><Refs><EndToEndId>NOREF</EndToEndId><TxId>744914647311719001</TxId><Prtry><Tp>STO REF</Tp><Ref>0000</Ref></Prtry></Refs><RltdPties><Dbtr><Nm>MOORES R H</Nm></Dbtr><DbtrAcct><Id><PrtryAcct><Id>40195620002550</Id></PrtryAcct></Id></DbtrAcct><Cdtr><Nm>AMBLESIDE RACING</Nm></Cdtr><CdtrAcct><Id><PrtryAcct><Id>23008200224434</Id></PrtryAcct></Id></CdtrAcct><Prtry><Tp>RODNEY</Tp><Pty/></Prtry></RltdPties><RmtInf><Strd><AddtlRmtInf>NO REF</AddtlRmtInf></Strd><Strd><AddtlRmtInf>MOORES R H//RODNEY</AddtlRmtInf></Strd></RmtInf><RltdDts><TxDtTm>2018-09-17T12:00:16</TxDtTm></RltdDts><AddtlTxInf>7449146473117190014020180917826401956</AddtlTxInf></TxDtls><AddtlNtryInf>COMPLETE//0000//001//CREDIT</AddtlNtryInf></Ntry><Ntry><Amt Ccy="GBP">950.00</Amt><CdtDbtInd>CRDT</CdtDbtInd><Sts>BOOK</Sts><BookgDt><Dt>2018-09-17</Dt></BookgDt><BkTxCd><Prtry><Cd>SIP UKBA CR 40269</Cd></Prtry></BkTxCd><TxDtls><Refs><EndToEndId>NOREF</EndToEndId><TxId>0708915500217190HN</TxId><Prtry><Tp>STO REF</Tp><Ref>0000</Ref></Prtry></Refs><RltdPties><Dbtr><Nm>PEAK CASHFLOW LIMITED</Nm></Dbtr><DbtrAcct><Id><PrtryAcct><Id>40182292022249</Id></PrtryAcct></Id></DbtrAcct><Cdtr><Nm>ROAD WISE TRAFFIC MANAGEMENT LTD</Nm></Cdtr><CdtrAcct><Id><PrtryAcct><Id>23008200223263</Id></PrtryAcct></Id></CdtrAcct></RltdPties><RmtInf><Strd><AddtlRmtInf>NO REF</AddtlRmtInf></Strd><Strd><AddtlRmtInf>PEAK CASHFLOW LIMI//</AddtlRmtInf></Strd></RmtInf><RltdDts><TxDtTm>2018-09-17T12:00:55</TxDtTm></RltdDts><AddtlTxInf>0708915500217190HN1020180917826401822</AddtlTxInf></TxDtls><AddtlNtryInf>COMPLETE//0000//001//CREDIT</AddtlNtryInf></Ntry><Ntry><Amt Ccy="GBP">375.00</Amt><CdtDbtInd>CRDT</CdtDbtInd><Sts>BOOK</Sts><BookgDt><Dt>2018-09-17</Dt></BookgDt><BkTxCd><Prtry><Cd>SIP UKBA CR 40269</Cd></Prtry></BkTxCd><TxDtls><Refs><EndToEndId>NOREF</EndToEndId><TxId>329238601021719001</TxId><Prtry><Tp>STO REF</Tp><Ref>0000</Ref></Prtry></Refs><RltdPties><Dbtr><Nm>Aircon Londo</Nm></Dbtr><DbtrAcct><Id><PrtryAcct><Id>40042861441248</Id></PrtryAcct></Id></DbtrAcct><Cdtr><Nm>DUMITRESCU MARIUS</Nm></Cdtr><CdtrAcct><Id><PrtryAcct><Id>23008200403943</Id></PrtryAcct></Id></CdtrAcct><Prtry><Tp>INV1</Tp><Pty/></Prtry></RltdPties><RmtInf><Strd><AddtlRmtInf>NO REF</AddtlRmtInf></Strd><Strd><AddtlRmtInf>Aircon Londo//INV1</AddtlRmtInf></Strd></RmtInf><RltdDts><TxDtTm>2018-09-17T12:01:07</TxDtTm></RltdDts><AddtlTxInf>3292386010217190011020180917826400428</AddtlTxInf></TxDtls><AddtlNtryInf>COMPLETE//0000//001//CREDIT</AddtlNtryInf></Ntry><Ntry><Amt Ccy="GBP">5173.00</Amt><CdtDbtInd>DBIT</CdtDbtInd><Sts>BOOK</Sts><BookgDt><Dt>2018-09-17</Dt></BookgDt><BkTxCd><Prtry><Cd>AUT UKBA DR 30278</Cd></Prtry></BkTxCd><TxDtls><Refs><TxId>000000000336820400</TxId></Refs><RltdPties><DbtrAcct><Id><PrtryAcct><Id>20594233939774</Id></PrtryAcct></Id></DbtrAcct></RltdPties><RmtInf><Strd><AddtlRmtInf>NO REF</AddtlRmtInf></Strd><Strd><AddtlRmtInf>20180917A44639//7S      F153JTO626</AddtlRmtInf></Strd></RmtInf><RltdDts><TxDtTm>2018-09-17T12:01:40</TxDtTm></RltdDts><AddtlTxInf>0000000003368204000020180917826205942</AddtlTxInf></TxDtls><AddtlNtryInf>AUTHSENT//0000//001//DEBIT</AddtlNtryInf></Ntry><Ntry><Amt Ccy="GBP">1010.00</Amt><CdtDbtInd>DBIT</CdtDbtInd><Sts>BOOK</Sts><BookgDt><Dt>2018-09-17</Dt></BookgDt><BkTxCd><Prtry><Cd>AUT UKBA DR 30278</Cd></Prtry></BkTxCd><TxDtls><Refs><TxId>000000000336820700</TxId></Refs><RltdPties><DbtrAcct><Id><PrtryAcct><Id>20594233939774</Id></PrtryAcct></Id></DbtrAcct></RltdPties><RmtInf><Strd><AddtlRmtInf>NO REF</AddtlRmtInf></Strd><Strd><AddtlRmtInf>20180917A44639//7S      F153E0K624</AddtlRmtInf></Strd></RmtInf><RltdDts><TxDtTm>2018-09-17T12:01:50</TxDtTm></RltdDts><AddtlTxInf>0000000003368207000020180917826205942</AddtlTxInf></TxDtls><AddtlNtryInf>AUTHSENT//0000//001//DEBIT</AddtlNtryInf></Ntry><Ntry><Amt Ccy="GBP">3400.00</Amt><CdtDbtInd>DBIT</CdtDbtInd><Sts>BOOK</Sts><BookgDt><Dt>2018-09-17</Dt></BookgDt><BkTxCd><Prtry><Cd>AUT UKBA DR 30278</Cd></Prtry></BkTxCd><TxDtls><Refs><TxId>000000000336820900</TxId></Refs><RltdPties><DbtrAcct><Id><PrtryAcct><Id>20594233939774</Id></PrtryAcct></Id></DbtrAcct></RltdPties><RmtInf><Strd><AddtlRmtInf>NO REF</AddtlRmtInf></Strd><Strd><AddtlRmtInf>20180917A44639//7S      F1537R6622</AddtlRmtInf></Strd></RmtInf><RltdDts><TxDtTm>2018-09-17T12:02:01</TxDtTm></RltdDts><AddtlTxInf>0000000003368209000020180917826205942</AddtlTxInf></TxDtls><AddtlNtryInf>AUTHSENT//0000//001//DEBIT</AddtlNtryInf></Ntry><Ntry><Amt Ccy="GBP">800.00</Amt><CdtDbtInd>DBIT</CdtDbtInd><Sts>BOOK</Sts><BookgDt><Dt>2018-09-17</Dt></BookgDt><BkTxCd><Prtry><Cd>AUT UKBA DR 30278</Cd></Prtry></BkTxCd><TxDtls><Refs><TxId>000000000336821100</TxId></Refs><RltdPties><DbtrAcct><Id><PrtryAcct><Id>20594233939774</Id></PrtryAcct></Id></DbtrAcct></RltdPties><RmtInf><Strd><AddtlRmtInf>NO REF</AddtlRmtInf></Strd><Strd><AddtlRmtInf>20180917A44639//7S      F1531OL620</AddtlRmtInf></Strd></RmtInf><RltdDts><TxDtTm>2018-09-17T12:02:15</TxDtTm></RltdDts><AddtlTxInf>0000000003368211000020180917826205942</AddtlTxInf></TxDtls><AddtlNtryInf>AUTHSENT//0000//001//DEBIT</AddtlNtryInf></Ntry><Ntry><Amt Ccy="GBP">2568.00</Amt><CdtDbtInd>DBIT</CdtDbtInd><Sts>BOOK</Sts><BookgDt><Dt>2018-09-17</Dt></BookgDt><BkTxCd><Prtry><Cd>AUT UKBA DR 30278</Cd></Prtry></BkTxCd><TxDtls><Refs><TxId>000000000336821200</TxId></Refs><RltdPties><DbtrAcct><Id><PrtryAcct><Id>20594233939774</Id></PrtryAcct></Id></DbtrAcct></RltdPties><RmtInf><Strd><AddtlRmtInf>NO REF</AddtlRmtInf></Strd><Strd><AddtlRmtInf>20180917A44639//7S      F152SA4618</AddtlRmtInf></Strd></RmtInf><RltdDts><TxDtTm>2018-09-17T12:02:21</TxDtTm></RltdDts><AddtlTxInf>0000000003368212000020180917826205942</AddtlTxInf></TxDtls><AddtlNtryInf>AUTHSENT//0000//001//DEBIT</AddtlNtryInf></Ntry><Ntry><Amt Ccy="GBP">180.00</Amt><CdtDbtInd>DBIT</CdtDbtInd><Sts>BOOK</Sts><BookgDt><Dt>2018-09-17</Dt></BookgDt><BkTxCd><Prtry><Cd>AUT UKBA DR 30278</Cd></Prtry></BkTxCd><TxDtls><Refs><TxId>000000000336821400</TxId></Refs><RltdPties><DbtrAcct><Id><PrtryAcct><Id>20594233939774</Id></PrtryAcct></Id></DbtrAcct></RltdPties><RmtInf><Strd><AddtlRmtInf>NO REF</AddtlRmtInf></Strd><Strd><AddtlRmtInf>20180917A44639//7S      F152M47616</AddtlRmtInf></Strd></RmtInf><RltdDts><TxDtTm>2018-09-17T12:02:31</TxDtTm></RltdDts><AddtlTxInf>0000000003368214000020180917826205942</AddtlTxInf></TxDtls><AddtlNtryInf>AUTHSENT//0000//001//DEBIT</AddtlNtryInf></Ntry><Ntry><Amt Ccy="GBP">100.00</Amt><CdtDbtInd>CRDT</CdtDbtInd><Sts>BOOK</Sts><BookgDt><Dt>2018-09-17</Dt></BookgDt><BkTxCd><Prtry><Cd>DCA UKBA CR 40269</Cd></Prtry></BkTxCd><TxDtls><Refs><EndToEndId>NOREF</EndToEndId><TxId>000000013582658501</TxId><Prtry><Tp>STO REF</Tp><Ref>0000</Ref></Prtry></Refs><RltdPties><Dbtr><Nm>23008200037066</Nm></Dbtr><DbtrAcct><Id><PrtryAcct><Id>20594233939774</Id></PrtryAcct></Id></DbtrAcct><Cdtr><Nm>STAN ROBERTSON</Nm></Cdtr><CdtrAcct><Id><PrtryAcct><Id>23008200029705</Id></PrtryAcct></Id></CdtrAcct><Prtry><Tp>REPAYMENT TO CC</Tp><Pty/></Prtry></RltdPties><RmtInf><Strd><AddtlRmtInf>NO REF</AddtlRmtInf></Strd><Strd><AddtlRmtInf>23008200037066//REPAYMENT TO CC</AddtlRmtInf></Strd></RmtInf><RltdDts><TxDtTm>2018-09-17T12:02:34</TxDtTm></RltdDts><AddtlTxInf>0000000135826585015020180917826205942</AddtlTxInf></TxDtls><AddtlNtryInf>COMPLETE//0000//001//CREDIT</AddtlNtryInf></Ntry><Ntry><Amt Ccy="GBP">258.00</Amt><CdtDbtInd>DBIT</CdtDbtInd><Sts>BOOK</Sts><BookgDt><Dt>2018-09-17</Dt></BookgDt><BkTxCd><Prtry><Cd>AUT UKBA DR 30278</Cd></Prtry></BkTxCd><TxDtls><Refs><TxId>000000000336821500</TxId></Refs><RltdPties><DbtrAcct><Id><PrtryAcct><Id>20594233939774</Id></PrtryAcct></Id></DbtrAcct></RltdPties><RmtInf><Strd><AddtlRmtInf>NO REF</AddtlRmtInf></Strd><Strd><AddtlRmtInf>20180917A44639//7S      F152G81614</AddtlRmtInf></Strd></RmtInf><RltdDts><TxDtTm>2018-09-17T12:02:41</TxDtTm></RltdDts><AddtlTxInf>0000000003368215000020180917826205942</AddtlTxInf></TxDtls><AddtlNtryInf>AUTHSENT//0000//001//DEBIT</AddtlNtryInf></Ntry><Ntry><Amt Ccy="GBP">1464.00</Amt><CdtDbtInd>DBIT</CdtDbtInd><Sts>BOOK</Sts><BookgDt><Dt>2018-09-17</Dt></BookgDt><BkTxCd><Prtry><Cd>AUT UKBA DR 30278</Cd></Prtry></BkTxCd><TxDtls><Refs><TxId>000000000336821700</TxId></Refs><RltdPties><DbtrAcct><Id><PrtryAcct><Id>20594233939774</Id></PrtryAcct></Id></DbtrAcct></RltdPties><RmtInf><Strd><AddtlRmtInf>NO REF</AddtlRmtInf></Strd><Strd><AddtlRmtInf>20180917A44639//7S      F152A60612</AddtlRmtInf></Strd></RmtInf><RltdDts><TxDtTm>2018-09-17T12:02:53</TxDtTm></RltdDts><AddtlTxInf>0000000003368217000020180917826205942</AddtlTxInf></TxDtls><AddtlNtryInf>AUTHSENT//0000//001//DEBIT</AddtlNtryInf></Ntry><Ntry><Amt Ccy="GBP">2707.00</Amt><CdtDbtInd>DBIT</CdtDbtInd><Sts>BOOK</Sts><BookgDt><Dt>2018-09-17</Dt></BookgDt><BkTxCd><Prtry><Cd>AUT UKBA DR 30278</Cd></Prtry></BkTxCd><TxDtls><Refs><TxId>000000000336821800</TxId></Refs><RltdPties><DbtrAcct><Id><PrtryAcct><Id>20594233939774</Id></PrtryAcct></Id></DbtrAcct></RltdPties><RmtInf><Strd><AddtlRmtInf>NO REF</AddtlRmtInf></Strd><Strd><AddtlRmtInf>20180917A44639//7S      F15242H610</AddtlRmtInf></Strd></RmtInf><RltdDts><TxDtTm>2018-09-17T12:03:04</TxDtTm></RltdDts><AddtlTxInf>0000000003368218000020180917826205942</AddtlTxInf></TxDtls><AddtlNtryInf>AUTHSENT//0000//001//DEBIT</AddtlNtryInf></Ntry><Ntry><Amt Ccy="GBP">413.00</Amt><CdtDbtInd>DBIT</CdtDbtInd><Sts>BOOK</Sts><BookgDt><Dt>2018-09-17</Dt></BookgDt><BkTxCd><Prtry><Cd>AUT UKBA DR 30278</Cd></Prtry></BkTxCd><TxDtls><Refs><TxId>000000000336821900</TxId></Refs><RltdPties><DbtrAcct><Id><PrtryAcct><Id>20594233939774</Id></PrtryAcct></Id></DbtrAcct></RltdPties><RmtInf><Strd><AddtlRmtInf>NO REF</AddtlRmtInf></Strd><Strd><AddtlRmtInf>20180917A44639//7S      F151U2U608</AddtlRmtInf></Strd></RmtInf><RltdDts><TxDtTm>2018-09-17T12:03:14</TxDtTm></RltdDts><AddtlTxInf>0000000003368219000020180917826205942</AddtlTxInf></TxDtls><AddtlNtryInf>AUTHSENT//0000//001//DEBIT</AddtlNtryInf></Ntry><Ntry><Amt Ccy="GBP">3637.00</Amt><CdtDbtInd>DBIT</CdtDbtInd><Sts>BOOK</Sts><BookgDt><Dt>2018-09-17</Dt></BookgDt><BkTxCd><Prtry><Cd>AUT UKBA DR 30278</Cd></Prtry></BkTxCd><TxDtls><Refs><TxId>000000000336822100</TxId></Refs><RltdPties><DbtrAcct><Id><PrtryAcct><Id>20594233939774</Id></PrtryAcct></Id></DbtrAcct></RltdPties><RmtInf><Strd><AddtlRmtInf>NO REF</AddtlRmtInf></Strd><Strd><AddtlRmtInf>20180917A44639//7S      F151OIF606</AddtlRmtInf></Strd></RmtInf><RltdDts><TxDtTm>2018-09-17T12:03:29</TxDtTm></RltdDts><AddtlTxInf>0000000003368221000020180917826205942</AddtlTxInf></TxDtls><AddtlNtryInf>AUTHSENT//0000//001//DEBIT</AddtlNtryInf></Ntry><Ntry><Amt Ccy="GBP">80.00</Amt><CdtDbtInd>CRDT</CdtDbtInd><Sts>BOOK</Sts><BookgDt><Dt>2018-09-17</Dt></BookgDt><BkTxCd><Prtry><Cd>DCA UKBA CR 40269</Cd></Prtry></BkTxCd><TxDtls><Refs><EndToEndId>NOREF</EndToEndId><TxId>000000013582677201</TxId><Prtry><Tp>STO REF</Tp><Ref>0000</Ref></Prtry></Refs><RltdPties><Dbtr><Nm>23008200037529</Nm></Dbtr><DbtrAcct><Id><PrtryAcct><Id>20594233939774</Id></PrtryAcct></Id></DbtrAcct><Cdtr><Nm>VALENTINA CORINA Z</Nm></Cdtr><CdtrAcct><Id><PrtryAcct><Id>23008200037344</Id></PrtryAcct></Id></CdtrAcct></RltdPties><RmtInf><Strd><AddtlRmtInf>NO REF</AddtlRmtInf></Strd><Strd><AddtlRmtInf>23008200037529//</AddtlRmtInf></Strd></RmtInf><RltdDts><TxDtTm>2018-09-17T12:03:32</TxDtTm></RltdDts><AddtlTxInf>0000000135826772015020180917826205942</AddtlTxInf></TxDtls><AddtlNtryInf>COMPLETE//0000//001//CREDIT</AddtlNtryInf></Ntry><Ntry><Amt Ccy="GBP">380.00</Amt><CdtDbtInd>DBIT</CdtDbtInd><Sts>BOOK</Sts><BookgDt><Dt>2018-09-17</Dt></BookgDt><BkTxCd><Prtry><Cd>AUT UKBA DR 30278</Cd></Prtry></BkTxCd><TxDtls><Refs><TxId>000000000336822200</TxId></Refs><RltdPties><DbtrAcct><Id><PrtryAcct><Id>20594233939774</Id></PrtryAcct></Id></DbtrAcct></RltdPties><RmtInf><Strd><AddtlRmtInf>NO REF</AddtlRmtInf></Strd><Strd><AddtlRmtInf>20180917A44639//7S      F151IIS604</AddtlRmtInf></Strd></RmtInf><RltdDts><TxDtTm>2018-09-17T12:03:41</TxDtTm></RltdDts><AddtlTxInf>0000000003368222000020180917826205942</AddtlTxInf></TxDtls><AddtlNtryInf>AUTHSENT//0000//001//DEBIT</AddtlNtryInf></Ntry><Ntry><Amt Ccy="GBP">4680.00</Amt><CdtDbtInd>DBIT</CdtDbtInd><Sts>BOOK</Sts><BookgDt><Dt>2018-09-17</Dt></BookgDt><BkTxCd><Prtry><Cd>AUT UKBA DR 30278</Cd></Prtry></BkTxCd><TxDtls><Refs><TxId>000000000336822500</TxId></Refs><RltdPties><DbtrAcct><Id><PrtryAcct><Id>20594233939774</Id></PrtryAcct></Id></DbtrAcct></RltdPties><RmtInf><Strd><AddtlRmtInf>NO REF</AddtlRmtInf></Strd><Strd><AddtlRmtInf>20180917A44639//7S      F151CK8602</AddtlRmtInf></Strd></RmtInf><RltdDts><TxDtTm>2018-09-17T12:03:53</TxDtTm></RltdDts><AddtlTxInf>0000000003368225000020180917826205942</AddtlTxInf></TxDtls><AddtlNtryInf>AUTHSENT//0000//001//DEBIT</AddtlNtryInf></Ntry><Ntry><Amt Ccy="GBP">1490.00</Amt><CdtDbtInd>DBIT</CdtDbtInd><Sts>BOOK</Sts><BookgDt><Dt>2018-09-17</Dt></BookgDt><BkTxCd><Prtry><Cd>AUT UKBA DR 30278</Cd></Prtry></BkTxCd><TxDtls><Refs><TxId>000000000336822700</TxId></Refs><RltdPties><DbtrAcct><Id><PrtryAcct><Id>20594233939774</Id></PrtryAcct></Id></DbtrAcct></RltdPties><RmtInf><Strd><AddtlRmtInf>NO REF</AddtlRmtInf></Strd><Strd><AddtlRmtInf>20180917A44639//7S      F1516EB600</AddtlRmtInf></Strd></RmtInf><RltdDts><TxDtTm>2018-09-17T12:04:05</TxDtTm></RltdDts><AddtlTxInf>0000000003368227000020180917826205942</AddtlTxInf></TxDtls><AddtlNtryInf>AUTHSENT//0000//001//DEBIT</AddtlNtryInf></Ntry><Ntry><Amt Ccy="GBP">2246.70</Amt><CdtDbtInd>DBIT</CdtDbtInd><Sts>BOOK</Sts><BookgDt><Dt>2018-09-17</Dt></BookgDt><BkTxCd><Prtry><Cd>AUT UKBA DR 30278</Cd></Prtry></BkTxCd><TxDtls><Refs><TxId>000000000336822900</TxId></Refs><RltdPties><DbtrAcct><Id><PrtryAcct><Id>20594233939774</Id></PrtryAcct></Id></DbtrAcct></RltdPties><RmtInf><Strd><AddtlRmtInf>NO REF</AddtlRmtInf></Strd><Strd><AddtlRmtInf>20180917A44639//7S      F151128598</AddtlRmtInf></Strd></RmtInf><RltdDts><TxDtTm>2018-09-17T12:04:17</TxDtTm></RltdDts><AddtlTxInf>0000000003368229000020180917826205942</AddtlTxInf></TxDtls><AddtlNtryInf>AUTHSENT//0000//001//DEBIT</AddtlNtryInf></Ntry><Ntry><Amt Ccy="GBP">1.00</Amt><CdtDbtInd>CRDT</CdtDbtInd><Sts>BOOK</Sts><BookgDt><Dt>2018-09-17</Dt></BookgDt><BkTxCd><Prtry><Cd>DCA UKBA CR 40269</Cd></Prtry></BkTxCd><TxDtls><Refs><EndToEndId>NOREF</EndToEndId><TxId>000000013582682701</TxId><Prtry><Tp>STO REF</Tp><Ref>0000</Ref></Prtry></Refs><RltdPties><Dbtr><Nm>23008200445563</Nm></Dbtr><DbtrAcct><Id><PrtryAcct><Id>20594233939774</Id></PrtryAcct></Id></DbtrAcct><Cdtr><Nm>TEST FPOUT</Nm></Cdtr><CdtrAcct><Id><PrtryAcct><Id>23008200439808</Id></PrtryAcct></Id></CdtrAcct><Prtry><Tp>TEST FPOUT</Tp><Pty/></Prtry></RltdPties><RmtInf><Strd><AddtlRmtInf>NO REF</AddtlRmtInf></Strd><Strd><AddtlRmtInf>23008200445563//TEST FPOUT</AddtlRmtInf></Strd></RmtInf><RltdDts><TxDtTm>2018-09-17T12:04:20</TxDtTm></RltdDts><AddtlTxInf>0000000135826827015020180917826205942</AddtlTxInf></TxDtls><AddtlNtryInf>COMPLETE//0000//001//CREDIT</AddtlNtryInf></Ntry><Ntry><Amt Ccy="GBP">400.00</Amt><CdtDbtInd>DBIT</CdtDbtInd><Sts>BOOK</Sts><BookgDt><Dt>2018-09-17</Dt></BookgDt><BkTxCd><Prtry><Cd>AUT UKBA DR 30278</Cd></Prtry></BkTxCd><TxDtls><Refs><TxId>000000000336823100</TxId></Refs><RltdPties><DbtrAcct><Id><PrtryAcct><Id>20594233939774</Id></PrtryAcct></Id></DbtrAcct></RltdPties><RmtInf><Strd><AddtlRmtInf>NO REF</AddtlRmtInf></Strd><Strd><AddtlRmtInf>20180917A44639//7S      F150QPS596</AddtlRmtInf></Strd></RmtInf><RltdDts><TxDtTm>2018-09-17T12:04:29</TxDtTm></RltdDts><AddtlTxInf>0000000003368231000020180917826205942</AddtlTxInf></TxDtls><AddtlNtryInf>AUTHSENT//0000//001//DEBIT</AddtlNtryInf></Ntry><Ntry><Amt Ccy="GBP">326.00</Amt><CdtDbtInd>DBIT</CdtDbtInd><Sts>BOOK</Sts><BookgDt><Dt>2018-09-17</Dt></BookgDt><BkTxCd><Prtry><Cd>AUT UKBA DR 30278</Cd></Prtry></BkTxCd><TxDtls><Refs><TxId>000000000336823200</TxId></Refs><RltdPties><DbtrAcct><Id><PrtryAcct><Id>20594233939774</Id></PrtryAcct></Id></DbtrAcct></RltdPties><RmtInf><Strd><AddtlRmtInf>NO REF</AddtlRmtInf></Strd><Strd><AddtlRmtInf>20180917A44639//7S      F150JQ3594</AddtlRmtInf></Strd></RmtInf><RltdDts><TxDtTm>2018-09-17T12:04:40</TxDtTm></RltdDts><AddtlTxInf>0000000003368232000020180917826205942</AddtlTxInf></TxDtls><AddtlNtryInf>AUTHSENT//0000//001//DEBIT</AddtlNtryInf></Ntry><Ntry><Amt Ccy="GBP">256.00</Amt><CdtDbtInd>DBIT</CdtDbtInd><Sts>BOOK</Sts><BookgDt><Dt>2018-09-17</Dt></BookgDt><BkTxCd><Prtry><Cd>AUT UKBA DR 30278</Cd></Prtry></BkTxCd><TxDtls><Refs><TxId>000000000336823400</TxId></Refs><RltdPties><DbtrAcct><Id><PrtryAcct><Id>20594233939774</Id></PrtryAcct></Id></DbtrAcct></RltdPties><RmtInf><Strd><AddtlRmtInf>NO REF</AddtlRmtInf></Strd><Strd><AddtlRmtInf>20180917A44639//7S      F150DBT592</AddtlRmtInf></Strd></RmtInf><RltdDts><TxDtTm>2018-09-17T12:04:51</TxDtTm></RltdDts><AddtlTxInf>0000000003368234000020180917826205942</AddtlTxInf></TxDtls><AddtlNtryInf>AUTHSENT//0000//001//DEBIT</AddtlNtryInf></Ntry><Ntry><Amt Ccy="GBP">179.00</Amt><CdtDbtInd>CRDT</CdtDbtInd><Sts>BOOK</Sts><BookgDt><Dt>2018-09-17</Dt></BookgDt><BkTxCd><Prtry><Cd>SIP UKBA CR 40269</Cd></Prtry></BkTxCd><TxDtls><Refs><EndToEndId>NOREF</EndToEndId><TxId>200000000387786691</TxId></Refs><RltdPties><Dbtr><Nm>I Kodji</Nm></Dbtr><DbtrAcct><Id><PrtryAcct><Id>77857260893768</Id></PrtryAcct></Id></DbtrAcct><Cdtr><Nm>ARR</Nm></Cdtr><CdtrAcct><Id><PrtryAcct><Id>23008200438658</Id></PrtryAcct></Id></CdtrAcct><Prtry><Tp>SPARE</Tp><Pty/></Prtry></RltdPties><RmtInf><Strd><AddtlRmtInf>NO REF</AddtlRmtInf></Strd><Strd><AddtlRmtInf>I Kodji//SPARE</AddtlRmtInf></Strd></RmtInf><RltdDts><TxDtTm>2018-09-17T12:05:07</TxDtTm></RltdDts><AddtlTxInf>2000000003877866911020180917826778572</AddtlTxInf></TxDtls><AddtlNtryInf>COMPLETE//0000//001//CREDIT</AddtlNtryInf></Ntry><Ntry><Amt Ccy="GBP">225.00</Amt><CdtDbtInd>CRDT</CdtDbtInd><Sts>BOOK</Sts><BookgDt><Dt>2018-09-17</Dt></BookgDt><BkTxCd><Prtry><Cd>SIP UKBA CR 40269</Cd></Prtry></BkTxCd><TxDtls><Refs><EndToEndId>NOREF</EndToEndId><TxId>600000000389168648</TxId></Refs><RltdPties><Dbtr><Nm>T Onafowokan</Nm></Dbtr><DbtrAcct><Id><PrtryAcct><Id>77915628008062</Id></PrtryAcct></Id></DbtrAcct><Cdtr><Nm>Allen Beaumont</Nm></Cdtr><CdtrAcct><Id><PrtryAcct><Id>23008200353081</Id></PrtryAcct></Id></CdtrAcct><Prtry><Tp>Tajudeen</Tp><Pty/></Prtry></RltdPties><RmtInf><Strd><AddtlRmtInf>NO REF</AddtlRmtInf></Strd><Strd><AddtlRmtInf>T Onafowokan//Tajudeen</AddtlRmtInf></Strd></RmtInf><RltdDts><TxDtTm>2018-09-17T12:09:09</TxDtTm></RltdDts><AddtlTxInf>6000000003891686481020180917826779156</AddtlTxInf></TxDtls><AddtlNtryInf>COMPLETE//0000//001//CREDIT</AddtlNtryInf></Ntry><Ntry><Amt Ccy="GBP">2.50</Amt><CdtDbtInd>CRDT</CdtDbtInd><Sts>BOOK</Sts><BookgDt><Dt>2018-09-17</Dt></BookgDt><BkTxCd><Prtry><Cd>SIP UKBA CR 40269</Cd></Prtry></BkTxCd><TxDtls><Refs><EndToEndId>NOREF</EndToEndId><TxId>600000000389169252</TxId></Refs><RltdPties><Dbtr><Nm>I Mwamba</Nm></Dbtr><DbtrAcct><Id><PrtryAcct><Id>30846232175168</Id></PrtryAcct></Id></DbtrAcct><Cdtr><Nm>JEMIMA</Nm></Cdtr><CdtrAcct><Id><PrtryAcct><Id>23008200353301</Id></PrtryAcct></Id></CdtrAcct><Prtry><Tp>FOOD</Tp><Pty/></Prtry></RltdPties><RmtInf><Strd><AddtlRmtInf>NO REF</AddtlRmtInf></Strd><Strd><AddtlRmtInf>I Mwamba//FOOD</AddtlRmtInf></Strd></RmtInf><RltdDts><TxDtTm>2018-09-17T12:10:58</TxDtTm></RltdDts><AddtlTxInf>6000000003891692521020180917826308462</AddtlTxInf></TxDtls><AddtlNtryInf>COMPLETE//0000//001//CREDIT</AddtlNtryInf></Ntry><Ntry><Amt Ccy="GBP">125.00</Amt><CdtDbtInd>CRDT</CdtDbtInd><Sts>BOOK</Sts><BookgDt><Dt>2018-09-17</Dt></BookgDt><BkTxCd><Prtry><Cd>SIP UKBA CR 40269</Cd></Prtry></BkTxCd><TxDtls><Refs><EndToEndId>NOREF</EndToEndId><TxId>RP4659984718380000</TxId></Refs><RltdPties><Dbtr><Nm>MERRICK O</Nm></Dbtr><DbtrAcct><Id><PrtryAcct><Id>20452870894788</Id></PrtryAcct></Id></DbtrAcct><Cdtr><Nm>OLIVER</Nm></Cdtr><CdtrAcct><Id><PrtryAcct><Id>23008200044053</Id></PrtryAcct></Id></CdtrAcct><Prtry><Tp>TOP UP</Tp><Pty/></Prtry></RltdPties><RmtInf><Strd><AddtlRmtInf>NO REF</AddtlRmtInf></Strd><Strd><AddtlRmtInf>MERRICK O//TOP UP</AddtlRmtInf></Strd></RmtInf><RltdDts><TxDtTm>2018-09-17T12:13:27</TxDtTm></RltdDts><AddtlTxInf>RP46599847183800001020180917826200026</AddtlTxInf></TxDtls><AddtlNtryInf>COMPLETE//0000//001//CREDIT</AddtlNtryInf></Ntry><Ntry><Amt Ccy="GBP">20.00</Amt><CdtDbtInd>CRDT</CdtDbtInd><Sts>BOOK</Sts><BookgDt><Dt>2018-09-17</Dt></BookgDt><BkTxCd><Prtry><Cd>SIP UKBA CR 40269</Cd></Prtry></BkTxCd><TxDtls><Refs><EndToEndId>TESTING</EndToEndId><TxId>14121458488481000N</TxId><Prtry><Tp>STO REF</Tp><Ref>0000</Ref></Prtry></Refs><RltdPties><Dbtr><Nm>SANTOS RAVARA SM</Nm></Dbtr><DbtrAcct><Id><PrtryAcct><Id>60154974592858</Id></PrtryAcct></Id></DbtrAcct><Cdtr><Nm>MR EMMANUEL OJOMO</Nm></Cdtr><CdtrAcct><Id><PrtryAcct><Id>23008200433402</Id></PrtryAcct></Id></CdtrAcct><Prtry><Tp>TESTING</Tp><Pty/></Prtry></RltdPties><RmtInf><Strd><AddtlRmtInf>SANTOS RAVARA SM  TESTING           VIA MOBILE - LVP</AddtlRmtInf></Strd><Strd><AddtlRmtInf>SANTOS RAVARA SM//TESTING</AddtlRmtInf></Strd></RmtInf><RltdDts><TxDtTm>2018-09-17T12:14:58</TxDtTm></RltdDts><AddtlTxInf>14121458488481000N1020180917826601549</AddtlTxInf></TxDtls><AddtlNtryInf>COMPLETE//0000//001//CREDIT</AddtlNtryInf></Ntry><Ntry><Amt Ccy="GBP">10.00</Amt><CdtDbtInd>CRDT</CdtDbtInd><Sts>BOOK</Sts><BookgDt><Dt>2018-09-17</Dt></BookgDt><BkTxCd><Prtry><Cd>SIP UKBA CR 40269</Cd></Prtry></BkTxCd><TxDtls><Refs><EndToEndId>1010701001</EndToEndId><TxId>28122645418432000N</TxId><Prtry><Tp>STO REF</Tp><Ref>0000</Ref></Prtry></Refs><RltdPties><Dbtr><Nm>SMITH A</Nm></Dbtr><DbtrAcct><Id><PrtryAcct><Id>60062031556221</Id></PrtryAcct></Id></DbtrAcct><Cdtr><Nm>ALISON 1P CHALLENGE</Nm></Cdtr><CdtrAcct><Id><PrtryAcct><Id>23008200071909</Id></PrtryAcct></Id></CdtrAcct><Prtry><Tp>1010701001</Tp><Pty/></Prtry></RltdPties><RmtInf><Strd><AddtlRmtInf>SMITH A           1010701001        VIA MOBILE - LVP</AddtlRmtInf></Strd><Strd><AddtlRmtInf>SMITH A//1010701001</AddtlRmtInf></Strd></RmtInf><RltdDts><TxDtTm>2018-09-17T12:26:45</TxDtTm></RltdDts><AddtlTxInf>28122645418432000N1020180917826600620</AddtlTxInf></TxDtls><AddtlNtryInf>COMPLETE//0000//001//CREDIT</AddtlNtryInf></Ntry><Ntry><Amt Ccy="GBP">5.00</Amt><CdtDbtInd>CRDT</CdtDbtInd><Sts>BOOK</Sts><BookgDt><Dt>2018-09-17</Dt></BookgDt><BkTxCd><Prtry><Cd>SIP UKBA CR 40269</Cd></Prtry></BkTxCd><TxDtls><Refs><EndToEndId>00151644632BBGJGYH</EndToEndId><TxId>00151644632BBGJGYH</TxId></Refs><RltdPties><Dbtr><Nm>DEREK PATERSON</Nm></Dbtr><DbtrAcct><Id><PrtryAcct><Id>09012685366199</Id></PrtryAcct></Id></DbtrAcct><Cdtr><Nm>ARRO</Nm></Cdtr><CdtrAcct><Id><PrtryAcct><Id>23008200391189</Id></PrtryAcct></Id></CdtrAcct><Prtry><Tp>Myself</Tp><Pty/></Prtry></RltdPties><RmtInf><Strd><AddtlRmtInf>NO REF</AddtlRmtInf></Strd><Strd><AddtlRmtInf>DEREK PATERSON//Myself</AddtlRmtInf></Strd></RmtInf><RltdDts><TxDtTm>2018-09-17T12:26:58</TxDtTm></RltdDts><AddtlTxInf>00151644632BBGJGYH1020180917826090126</AddtlTxInf></TxDtls><AddtlNtryInf>COMPLETE//0000//001//CREDIT</AddtlNtryInf></Ntry></Ntfctn></BkToCstmrDbtCdtNtfctnV01></Document>