<?xml version="1.0" encoding="UTF-8"?><Document xmlns:xsi="http://www.w3.org/2001/XMLSchema-instance" xmlns="urn:iso:std:iso:20022:tech:xsd:camt.054.001.01"><BkToCstmrDbtCdtNtfctnV01><GrpHdr><MsgId>80309K//12710</MsgId><CreDtTm>2018-09-11T13:00:00</CreDtTm></GrpHdr><Ntfctn><Id>80309K//12710//1</Id><CreDtTm>2018-09-11T13:00:00</CreDtTm><Acct><Id><PrtryAcct><Id>20594233939774</Id></PrtryAcct></Id><Ccy>GBP</Ccy></Acct><TxsSummry><TtlNtries><NbOfNtries>10</NbOfNtries><Sum>1343.39</Sum></TtlNtries><TtlCdtNtries><NbOfNtries>10</NbOfNtries><Sum>1343.39</Sum></TtlCdtNtries><TtlDbtNtries><NbOfNtries>0</NbOfNtries><Sum>0.00</Sum></TtlDbtNtries></TxsSummry><Ntry><Amt Ccy="GBP">300.00</Amt><CdtDbtInd>CRDT</CdtDbtInd><Sts>BOOK</Sts><BookgDt><Dt>2018-09-11</Dt></BookgDt><BkTxCd><Prtry><Cd>SIP UKBA CR 40269</Cd></Prtry></BkTxCd><TxDtls><Refs><EndToEndId>NOREF</EndToEndId><TxId>200000000386177155</TxId></Refs><RltdPties><Dbtr><Nm>E Saine</Nm></Dbtr><DbtrAcct><Id><PrtryAcct><Id>11050514524261</Id></PrtryAcct></Id></DbtrAcct><Cdtr><Nm>IBRAHIMA SISSOKO</Nm></Cdtr><CdtrAcct><Id><PrtryAcct><Id>23008200058077</Id></PrtryAcct></Id></CdtrAcct><Prtry><Tp>SISSOKO</Tp><Pty/></Prtry></RltdPties><RmtInf><Strd><AddtlRmtInf>NO REF</AddtlRmtInf></Strd><Strd><AddtlRmtInf>E Saine//SISSOKO</AddtlRmtInf></Strd></RmtInf><RltdDts><TxDtTm>2018-09-11T12:30:58</TxDtTm></RltdDts><AddtlTxInf>2000000003861771551020180911826110505</AddtlTxInf></TxDtls><AddtlNtryInf>COMPLETE//0000//001//CREDIT</AddtlNtryInf></Ntry><Ntry><Amt Ccy="GBP">160.00</Amt><CdtDbtInd>CRDT</CdtDbtInd><Sts>BOOK</Sts><BookgDt><Dt>2018-09-11</Dt></BookgDt><BkTxCd><Prtry><Cd>SIP UKBA CR 40269</Cd></Prtry></BkTxCd><TxDtls><Refs><EndToEndId>NOREF</EndToEndId><TxId>30123126696683000N</TxId><Prtry><Tp>STO REF</Tp><Ref>0000</Ref></Prtry></Refs><RltdPties><Dbtr><Nm>THE COOL CONSUMER</Nm><PstlAdr><AdrLine>APS COTTONS CENTRE SE1 2QG</AdrLine><Ctry/></PstlAdr></Dbtr><DbtrAcct><Id><PrtryAcct><Id>08719962683147</Id></PrtryAcct></Id></DbtrAcct><Cdtr><Nm>MR D</Nm></Cdtr><CdtrAcct><Id><PrtryAcct><Id>23008200081263</Id></PrtryAcct></Id></CdtrAcct><Prtry><Tp>FORPAINTING</Tp><Pty/></Prtry></RltdPties><RmtInf><Strd><AddtlRmtInf>FORPAINTING</AddtlRmtInf></Strd><Strd><AddtlRmtInf>THE COOL CONSUMER//FORPAINTING</AddtlRmtInf></Strd></RmtInf><RltdDts><TxDtTm>2018-09-11T12:31:27</TxDtTm></RltdDts><AddtlTxInf>30123126696683000N1020180911826087199</AddtlTxInf></TxDtls><AddtlNtryInf>COMPLETE//0000//001//CREDIT</AddtlNtryInf></Ntry><Ntry><Amt Ccy="GBP">200.00</Amt><CdtDbtInd>CRDT</CdtDbtInd><Sts>BOOK</Sts><BookgDt><Dt>2018-09-11</Dt></BookgDt><BkTxCd><Prtry><Cd>SIP UKBA CR 40269</Cd></Prtry></BkTxCd><TxDtls><Refs><EndToEndId>NOREF</EndToEndId><TxId>31123244075663000N</TxId><Prtry><Tp>STO REF</Tp><Ref>0000</Ref></Prtry></Refs><RltdPties><Dbtr><Nm>WHG (INTERNATIONAL</Nm></Dbtr><DbtrAcct><Id><PrtryAcct><Id>60954439080519</Id></PrtryAcct></Id></DbtrAcct><Cdtr><Nm>DAWN TWEDDLE</Nm></Cdtr><CdtrAcct><Id><PrtryAcct><Id>23008200400113</Id></PrtryAcct></Id></CdtrAcct><Prtry><Tp>548750661</Tp><Pty/></Prtry></RltdPties><RmtInf><Strd><AddtlRmtInf>WHG (INTERNATIONAL548750661</AddtlRmtInf></Strd><Strd><AddtlRmtInf>WHG (INTERNATIONAL//548750661</AddtlRmtInf></Strd></RmtInf><RltdDts><TxDtTm>2018-09-11T12:32:44</TxDtTm></RltdDts><AddtlTxInf>31123244075663000N1020180911826609544</AddtlTxInf></TxDtls><AddtlNtryInf>COMPLETE//0000//001//CREDIT</AddtlNtryInf></Ntry><Ntry><Amt Ccy="GBP">10.00</Amt><CdtDbtInd>CRDT</CdtDbtInd><Sts>BOOK</Sts><BookgDt><Dt>2018-09-11</Dt></BookgDt><BkTxCd><Prtry><Cd>SIP UKBA CR 40269</Cd></Prtry></BkTxCd><TxDtls><Refs><EndToEndId>NOREF</EndToEndId><TxId>400000000392641043</TxId></Refs><RltdPties><Dbtr><Nm>C Collins</Nm></Dbtr><DbtrAcct><Id><PrtryAcct><Id>11058312079362</Id></PrtryAcct></Id></DbtrAcct><Cdtr><Nm>MARTYN</Nm></Cdtr><CdtrAcct><Id><PrtryAcct><Id>23008200407084</Id></PrtryAcct></Id></CdtrAcct><Prtry><Tp>LISA</Tp><Pty/></Prtry></RltdPties><RmtInf><Strd><AddtlRmtInf>NO REF</AddtlRmtInf></Strd><Strd><AddtlRmtInf>C Collins//LISA</AddtlRmtInf></Strd></RmtInf><RltdDts><TxDtTm>2018-09-11T12:39:13</TxDtTm></RltdDts><AddtlTxInf>4000000003926410431020180911826110583</AddtlTxInf></TxDtls><AddtlNtryInf>COMPLETE//0000//001//CREDIT</AddtlNtryInf></Ntry><Ntry><Amt Ccy="GBP">46.00</Amt><CdtDbtInd>CRDT</CdtDbtInd><Sts>BOOK</Sts><BookgDt><Dt>2018-09-11</Dt></BookgDt><BkTxCd><Prtry><Cd>SIP UKBA CR 40269</Cd></Prtry></BkTxCd><TxDtls><Refs><EndToEndId>NOREF</EndToEndId><TxId>RP4679961130884500</TxId></Refs><RltdPties><Dbtr><Nm>WHITE CHRISTOPHE</Nm></Dbtr><DbtrAcct><Id><PrtryAcct><Id>20709483520781</Id></PrtryAcct></Id></DbtrAcct><Cdtr><Nm>CHRISTOPHER WHITE</Nm></Cdtr><CdtrAcct><Id><PrtryAcct><Id>23008200292739</Id></PrtryAcct></Id></CdtrAcct><Prtry><Tp>MONEY</Tp><Pty/></Prtry></RltdPties><RmtInf><Strd><AddtlRmtInf>NO REF</AddtlRmtInf></Strd><Strd><AddtlRmtInf>WHITE CHRISTOPHE//MONEY</AddtlRmtInf></Strd></RmtInf><RltdDts><TxDtTm>2018-09-11T12:43:23</TxDtTm></RltdDts><AddtlTxInf>RP46799611308845001020180911826200026</AddtlTxInf></TxDtls><AddtlNtryInf>COMPLETE//0000//001//CREDIT</AddtlNtryInf></Ntry><Ntry><Amt Ccy="GBP">104.39</Amt><CdtDbtInd>CRDT</CdtDbtInd><Sts>BOOK</Sts><BookgDt><Dt>2018-09-11</Dt></BookgDt><BkTxCd><Prtry><Cd>SIP UKBA CR 40269</Cd></Prtry></BkTxCd><TxDtls><Refs><EndToEndId>10100FHMJ1</EndToEndId><TxId>780330792700</TxId></Refs><RltdPties><Dbtr><Nm>Roofoods Limited</Nm></Dbtr><DbtrAcct><Id><PrtryAcct><Id>18500818237972</Id></PrtryAcct></Id></DbtrAcct><Cdtr><Nm>Brahim Benkara</Nm></Cdtr><CdtrAcct><Id><PrtryAcct><Id>23008200067387</Id></PrtryAcct></Id></CdtrAcct></RltdPties><RmtInf><Strd><RfrdDocInf><RfrdDocTp><Prtry>002</Prtry></RfrdDocTp></RfrdDocInf><AddtlRmtInf>NO REF</AddtlRmtInf></Strd><Strd><AddtlRmtInf>Roofoods Limited//</AddtlRmtInf></Strd></RmtInf><RltdDts><TxDtTm>2018-09-11T12:45:18</TxDtTm></RltdDts><AddtlTxInf>780330792700      1020180911826185008</AddtlTxInf></TxDtls><AddtlNtryInf>COMPLETE//0000//001//CREDIT</AddtlNtryInf></Ntry><Ntry><Amt Ccy="GBP">10.00</Amt><CdtDbtInd>CRDT</CdtDbtInd><Sts>BOOK</Sts><BookgDt><Dt>2018-09-11</Dt></BookgDt><BkTxCd><Prtry><Cd>SIP UKBA CR 40269</Cd></Prtry></BkTxCd><TxDtls><Refs><EndToEndId>PPWD00000000AMHNU6</EndToEndId><TxId>PPWD00000000AMHNU6</TxId></Refs><RltdPties><Dbtr><Nm>PayPal</Nm><PstlAdr><AdrLine>2211 N 1st Street San Jose CA 95131</AdrLine><Ctry/></PstlAdr></Dbtr><DbtrAcct><Id><PrtryAcct><Id>23526278959595</Id></PrtryAcct></Id></DbtrAcct><Cdtr><Nm>Ryan Phillips</Nm><PstlAdr><AdrLine>10 Ricardo Drive</AdrLine><Ctry/></PstlAdr></Cdtr><CdtrAcct><Id><PrtryAcct><Id>23008200389060</Id></PrtryAcct></Id></CdtrAcct><Prtry><Tp>PPWDL56SJ2AKYRYF4U</Tp><Pty/></Prtry></RltdPties><RmtInf><Strd><RfrdDocInf><RfrdDocTp><Prtry>002</Prtry></RfrdDocTp></RfrdDocInf><AddtlRmtInf>NO REF</AddtlRmtInf></Strd><Strd><AddtlRmtInf>PayPal//PPWDL56SJ2AKYRYF4U</AddtlRmtInf></Strd></RmtInf><RltdDts><TxDtTm>2018-09-11T12:48:48</TxDtTm></RltdDts><AddtlTxInf>PPWD00000000AMHNU61020180911826235262</AddtlTxInf></TxDtls><AddtlNtryInf>COMPLETE//0000//001//CREDIT</AddtlNtryInf></Ntry><Ntry><Amt Ccy="GBP">10.00</Amt><CdtDbtInd>CRDT</CdtDbtInd><Sts>BOOK</Sts><BookgDt><Dt>2018-09-11</Dt></BookgDt><BkTxCd><Prtry><Cd>SIP UKBA CR 40269</Cd></Prtry></BkTxCd><TxDtls><Refs><EndToEndId>000000FT182540WMYQ</EndToEndId><TxId>000000FT182540WMYQ</TxId></Refs><RltdPties><Dbtr><Nm>SRIJANA RAI</Nm><PstlAdr><AdrLine>56 KENSINGTON ROAD;BERKSHIRE</AdrLine><Ctry/></PstlAdr></Dbtr><DbtrAcct><Id><PrtryAcct><Id>23058011692443</Id></PrtryAcct></Id></DbtrAcct><Cdtr><Nm>gopal tamang</Nm><PstlAdr><AdrLine>WIRECARD;WIRECARD CARD SOLUTIONS</AdrLine><Ctry/></PstlAdr></Cdtr><CdtrAcct><Id><PrtryAcct><Id>23008200430016</Id></PrtryAcct></Id></CdtrAcct><Prtry><Tp>loan</Tp><Pty/></Prtry></RltdPties><RmtInf><Strd><AddtlRmtInf>NO REF</AddtlRmtInf></Strd><Strd><AddtlRmtInf>SRIJANA RAI//loan</AddtlRmtInf></Strd></RmtInf><RltdDts><TxDtTm>2018-09-11T12:51:15</TxDtTm></RltdDts><AddtlTxInf>000000FT182540WMYQ1020180911826230580</AddtlTxInf></TxDtls><AddtlNtryInf>COMPLETE//0000//001//CREDIT</AddtlNtryInf></Ntry><Ntry><Amt Ccy="GBP">303.00</Amt><CdtDbtInd>CRDT</CdtDbtInd><Sts>BOOK</Sts><BookgDt><Dt>2018-09-11</Dt></BookgDt><BkTxCd><Prtry><Cd>SIP UKBA CR 40269</Cd></Prtry></BkTxCd><TxDtls><Refs><EndToEndId>TERNOVYI OLEKSAN</EndToEndId><TxId>TW0000000039747544</TxId></Refs><RltdPties><Dbtr><Nm>Oleksandr Ternovyi TW</Nm></Dbtr><DbtrAcct><Id><PrtryAcct><Id>23147067215993</Id></PrtryAcct></Id></DbtrAcct><Cdtr><Nm>Ian Mcmillen</Nm></Cdtr><CdtrAcct><Id><PrtryAcct><Id>23008200425461</Id></PrtryAcct></Id></CdtrAcct><Prtry><Tp>TERNOVYI OLEKSAN</Tp><Pty/></Prtry></RltdPties><RmtInf><Strd><AddtlRmtInf>NO REF</AddtlRmtInf></Strd><Strd><AddtlRmtInf>Oleksandr Ternovyi//TERNOVYI OLEKSAN</AddtlRmtInf></Strd></RmtInf><RltdDts><TxDtTm>2018-09-11T12:55:56</TxDtTm></RltdDts><AddtlTxInf>TW00000000397475441020180911826231470</AddtlTxInf></TxDtls><AddtlNtryInf>COMPLETE//0000//001//CREDIT</AddtlNtryInf></Ntry><Ntry><Amt Ccy="GBP">200.00</Amt><CdtDbtInd>CRDT</CdtDbtInd><Sts>BOOK</Sts><BookgDt><Dt>2018-09-11</Dt></BookgDt><BkTxCd><Prtry><Cd>SIP UKBA CR 40269</Cd></Prtry></BkTxCd><TxDtls><Refs><EndToEndId>R</EndToEndId><TxId>55125919400400000N</TxId><Prtry><Tp>STO REF</Tp><Ref>0000</Ref></Prtry></Refs><RltdPties><Dbtr><Nm>OPESADE -OLOWO  AA</Nm></Dbtr><DbtrAcct><Id><PrtryAcct><Id>60121829173000</Id></PrtryAcct></Id></DbtrAcct><Cdtr><Nm>TANNES SOLUTIONS</Nm></Cdtr><CdtrAcct><Id><PrtryAcct><Id>23008200220991</Id></PrtryAcct></Id></CdtrAcct><Prtry><Tp>R</Tp><Pty/></Prtry></RltdPties><RmtInf><Strd><AddtlRmtInf>OPESADE -OLOWO  AAR                 VIA MOBILE - LVP</AddtlRmtInf></Strd><Strd><AddtlRmtInf>OPESADE -OLOWO  AA//R</AddtlRmtInf></Strd></RmtInf><RltdDts><TxDtTm>2018-09-11T12:59:19</TxDtTm></RltdDts><AddtlTxInf>55125919400400000N1020180911826601218</AddtlTxInf></TxDtls><AddtlNtryInf>COMPLETE//0000//001//CREDIT</AddtlNtryInf></Ntry></Ntfctn></BkToCstmrDbtCdtNtfctnV01></Document>