<?xml version="1.0" encoding="UTF-8"?><Document xmlns:xsi="http://www.w3.org/2001/XMLSchema-instance" xmlns="urn:iso:std:iso:20022:tech:xsd:camt.054.001.01"><BkToCstmrDbtCdtNtfctnV01><GrpHdr><MsgId>80309K//13518</MsgId><CreDtTm>2018-09-30T09:00:00</CreDtTm></GrpHdr><Ntfctn><Id>80309K//13518//1</Id><CreDtTm>2018-09-30T09:00:00</CreDtTm><Acct><Id><PrtryAcct><Id>20594233939774</Id></PrtryAcct></Id><Ccy>GBP</Ccy></Acct><TxsSummry><TtlNtries><NbOfNtries>3</NbOfNtries><Sum>85.00</Sum></TtlNtries><TtlCdtNtries><NbOfNtries>3</NbOfNtries><Sum>85.00</Sum></TtlCdtNtries><TtlDbtNtries><NbOfNtries>0</NbOfNtries><Sum>0.00</Sum></TtlDbtNtries></TxsSummry><Ntry><Amt Ccy="GBP">20.00</Amt><CdtDbtInd>CRDT</CdtDbtInd><Sts>BOOK</Sts><BookgDt><Dt>2018-10-01</Dt></BookgDt><BkTxCd><Prtry><Cd>SIP UKBA CR 40269</Cd></Prtry></BkTxCd><TxDtls><Refs><EndToEndId>NOREF</EndToEndId><TxId>400000000398247009</TxId></Refs><RltdPties><Dbtr><Nm>A Jafari</Nm></Dbtr><DbtrAcct><Id><PrtryAcct><Id>11025611936865</Id></PrtryAcct></Id></DbtrAcct><Cdtr><Nm>WEST 5 KITCHEN</Nm></Cdtr><CdtrAcct><Id><PrtryAcct><Id>23008200223485</Id></PrtryAcct></Id></CdtrAcct><Prtry><Tp>AZIZ</Tp><Pty/></Prtry></RltdPties><RmtInf><Strd><AddtlRmtInf>NO REF</AddtlRmtInf></Strd><Strd><AddtlRmtInf>A Jafari//AZIZ</AddtlRmtInf></Strd></RmtInf><RltdDts><TxDtTm>2018-09-30T08:34:30</TxDtTm></RltdDts><AddtlTxInf>4000000003982470091020180930826110256</AddtlTxInf></TxDtls><AddtlNtryInf>COMPLETE//0000//003//CREDIT</AddtlNtryInf></Ntry><Ntry><Amt Ccy="GBP">45.00</Amt><CdtDbtInd>CRDT</CdtDbtInd><Sts>BOOK</Sts><BookgDt><Dt>2018-10-01</Dt></BookgDt><BkTxCd><Prtry><Cd>SIP UKBA CR 40269</Cd></Prtry></BkTxCd><TxDtls><Refs><EndToEndId>NOREF</EndToEndId><TxId>100000000391791845</TxId></Refs><RltdPties><Dbtr><Nm>H Walford</Nm></Dbtr><DbtrAcct><Id><PrtryAcct><Id>30982111192760</Id></PrtryAcct></Id></DbtrAcct><Cdtr><Nm>KIRSTY THURLOW - H</Nm></Cdtr><CdtrAcct><Id><PrtryAcct><Id>23008200304897</Id></PrtryAcct></Id></CdtrAcct><Prtry><Tp>MOMS CARER</Tp><Pty/></Prtry></RltdPties><RmtInf><Strd><AddtlRmtInf>NO REF</AddtlRmtInf></Strd><Strd><AddtlRmtInf>H Walford//MOMS CARER</AddtlRmtInf></Strd></RmtInf><RltdDts><TxDtTm>2018-09-30T08:42:54</TxDtTm></RltdDts><AddtlTxInf>1000000003917918451020180930826309821</AddtlTxInf></TxDtls><AddtlNtryInf>COMPLETE//0000//003//CREDIT</AddtlNtryInf></Ntry><Ntry><Amt Ccy="GBP">20.00</Amt><CdtDbtInd>CRDT</CdtDbtInd><Sts>BOOK</Sts><BookgDt><Dt>2018-10-01</Dt></BookgDt><BkTxCd><Prtry><Cd>SIP UKBA CR 40269</Cd></Prtry></BkTxCd><TxDtls><Refs><EndToEndId>CAKE</EndToEndId><TxId>53085849617924000N</TxId><Prtry><Tp>STO REF</Tp><Ref>0000</Ref></Prtry></Refs><RltdPties><Dbtr><Nm>ORISASAMI I</Nm></Dbtr><DbtrAcct><Id><PrtryAcct><Id>60222368394209</Id></PrtryAcct></Id></DbtrAcct><Cdtr><Nm>MISS ADEBISI EFUNNGA</Nm></Cdtr><CdtrAcct><Id><PrtryAcct><Id>23008200459307</Id></PrtryAcct></Id></CdtrAcct><Prtry><Tp>CAKE</Tp><Pty/></Prtry></RltdPties><RmtInf><Strd><AddtlRmtInf>ORISASAMI I       CAKE              VIA MOBILE - LVP</AddtlRmtInf></Strd><Strd><AddtlRmtInf>ORISASAMI I//CAKE</AddtlRmtInf></Strd></RmtInf><RltdDts><TxDtTm>2018-09-30T08:58:49</TxDtTm></RltdDts><AddtlTxInf>53085849617924000N1020180930826602223</AddtlTxInf></TxDtls><AddtlNtryInf>COMPLETE//0000//003//CREDIT</AddtlNtryInf></Ntry></Ntfctn></BkToCstmrDbtCdtNtfctnV01></Document>