<?xml version="1.0" encoding="UTF-8"?><Document xmlns:xsi="http://www.w3.org/2001/XMLSchema-instance" xmlns="urn:iso:std:iso:20022:tech:xsd:camt.054.001.01"><BkToCstmrDbtCdtNtfctnV01><GrpHdr><MsgId>80309K//12809</MsgId><CreDtTm>2018-09-13T19:30:00</CreDtTm></GrpHdr><Ntfctn><Id>80309K//12809//1</Id><CreDtTm>2018-09-13T19:30:00</CreDtTm><Acct><Id><PrtryAcct><Id>20594233939774</Id></PrtryAcct></Id><Ccy>GBP</Ccy></Acct><TxsSummry><TtlNtries><NbOfNtries>15</NbOfNtries><Sum>10771.96</Sum></TtlNtries><TtlCdtNtries><NbOfNtries>12</NbOfNtries><Sum>930.43</Sum></TtlCdtNtries><TtlDbtNtries><NbOfNtries>3</NbOfNtries><Sum>9841.53</Sum></TtlDbtNtries></TxsSummry><Ntry><Amt Ccy="GBP">2.00</Amt><CdtDbtInd>CRDT</CdtDbtInd><Sts>BOOK</Sts><BookgDt><Dt>2018-09-14</Dt></BookgDt><BkTxCd><Prtry><Cd>SIP UKBA CR 40269</Cd></Prtry></BkTxCd><TxDtls><Refs><EndToEndId>NOREF</EndToEndId><TxId>PFVAQ01PTBJOD2VH7U</TxId></Refs><RltdPties><Dbtr><Nm>Lukman Oyalowo</Nm><PstlAdr><AdrLine>143 Little Ilford Lane, E12 5PJ</AdrLine><Ctry/></PstlAdr></Dbtr><DbtrAcct><Id><PrtryAcct><Id>04000461213943</Id></PrtryAcct></Id></DbtrAcct><Cdtr><Nm>Holls</Nm></Cdtr><CdtrAcct><Id><PrtryAcct><Id>23008200444659</Id></PrtryAcct></Id></CdtrAcct></RltdPties><RmtInf><Strd><AddtlRmtInf>NO REF</AddtlRmtInf></Strd><Strd><AddtlRmtInf>Lukman Oyalowo//</AddtlRmtInf></Strd></RmtInf><RltdDts><TxDtTm>2018-09-13T19:00:00</TxDtTm></RltdDts><AddtlTxInf>PFVAQ01PTBJOD2VH7U1020180913826040004</AddtlTxInf></TxDtls><AddtlNtryInf>COMPLETE//0000//003//CREDIT</AddtlNtryInf></Ntry><Ntry><Amt Ccy="GBP">4684.53</Amt><CdtDbtInd>DBIT</CdtDbtInd><Sts>BOOK</Sts><BookgDt><Dt>2018-09-14</Dt></BookgDt><BkTxCd><Prtry><Cd>AUT UKBA DR 30278</Cd></Prtry></BkTxCd><TxDtls><Refs><TxId>000000000336443900</TxId></Refs><RltdPties><DbtrAcct><Id><PrtryAcct><Id>20594233939774</Id></PrtryAcct></Id></DbtrAcct></RltdPties><RmtInf><Strd><AddtlRmtInf>NO REF</AddtlRmtInf></Strd><Strd><AddtlRmtInf>20180913A44639//7S      F1TIB89198</AddtlRmtInf></Strd></RmtInf><RltdDts><TxDtTm>2018-09-13T19:01:42</TxDtTm></RltdDts><AddtlTxInf>0000000003364439000020180913826205942</AddtlTxInf></TxDtls><AddtlNtryInf>AUTHSENT//0000//003//DEBIT</AddtlNtryInf></Ntry><Ntry><Amt Ccy="GBP">21.00</Amt><CdtDbtInd>CRDT</CdtDbtInd><Sts>BOOK</Sts><BookgDt><Dt>2018-09-14</Dt></BookgDt><BkTxCd><Prtry><Cd>DCA UKBA CR 40269</Cd></Prtry></BkTxCd><TxDtls><Refs><EndToEndId>NOREF</EndToEndId><TxId>000000013560523001</TxId><Prtry><Tp>STO REF</Tp><Ref>0000</Ref></Prtry></Refs><RltdPties><Dbtr><Nm>23008200366778</Nm></Dbtr><DbtrAcct><Id><PrtryAcct><Id>20594233939774</Id></PrtryAcct></Id></DbtrAcct><Cdtr><Nm>SHANNON</Nm></Cdtr><CdtrAcct><Id><PrtryAcct><Id>23008200369447</Id></PrtryAcct></Id></CdtrAcct></RltdPties><RmtInf><Strd><AddtlRmtInf>NO REF</AddtlRmtInf></Strd><Strd><AddtlRmtInf>23008200366778//</AddtlRmtInf></Strd></RmtInf><RltdDts><TxDtTm>2018-09-13T19:01:46</TxDtTm></RltdDts><AddtlTxInf>0000000135605230015020180913826205942</AddtlTxInf></TxDtls><AddtlNtryInf>COMPLETE//0000//003//CREDIT</AddtlNtryInf></Ntry><Ntry><Amt Ccy="GBP">50.00</Amt><CdtDbtInd>DBIT</CdtDbtInd><Sts>BOOK</Sts><BookgDt><Dt>2018-09-14</Dt></BookgDt><BkTxCd><Prtry><Cd>AUT UKBA DR 30278</Cd></Prtry></BkTxCd><TxDtls><Refs><TxId>000000000336444000</TxId></Refs><RltdPties><DbtrAcct><Id><PrtryAcct><Id>20594233939774</Id></PrtryAcct></Id></DbtrAcct></RltdPties><RmtInf><Strd><AddtlRmtInf>NO REF</AddtlRmtInf></Strd><Strd><AddtlRmtInf>20180913A44639//7S      F1TIAS3196</AddtlRmtInf></Strd></RmtInf><RltdDts><TxDtTm>2018-09-13T19:01:55</TxDtTm></RltdDts><AddtlTxInf>0000000003364440000020180913826205942</AddtlTxInf></TxDtls><AddtlNtryInf>AUTHSENT//0000//003//DEBIT</AddtlNtryInf></Ntry><Ntry><Amt Ccy="GBP">5107.00</Amt><CdtDbtInd>DBIT</CdtDbtInd><Sts>BOOK</Sts><BookgDt><Dt>2018-09-14</Dt></BookgDt><BkTxCd><Prtry><Cd>AUT UKBA DR 30278</Cd></Prtry></BkTxCd><TxDtls><Refs><TxId>000000000336444200</TxId></Refs><RltdPties><DbtrAcct><Id><PrtryAcct><Id>20594233939774</Id></PrtryAcct></Id></DbtrAcct></RltdPties><RmtInf><Strd><AddtlRmtInf>NO REF</AddtlRmtInf></Strd><Strd><AddtlRmtInf>20180913A44639//7S      F1TGG0T194</AddtlRmtInf></Strd></RmtInf><RltdDts><TxDtTm>2018-09-13T19:02:05</TxDtTm></RltdDts><AddtlTxInf>0000000003364442000020180913826205942</AddtlTxInf></TxDtls><AddtlNtryInf>AUTHSENT//0000//003//DEBIT</AddtlNtryInf></Ntry><Ntry><Amt Ccy="GBP">0.01</Amt><CdtDbtInd>CRDT</CdtDbtInd><Sts>BOOK</Sts><BookgDt><Dt>2018-09-14</Dt></BookgDt><BkTxCd><Prtry><Cd>SIP UKBA CR 40269</Cd></Prtry></BkTxCd><TxDtls><Refs><EndToEndId>PPRD00000000AN3ZE8</EndToEndId><TxId>PPRD00000000AN3ZE8</TxId></Refs><RltdPties><Dbtr><Nm>PAYPAL CODE 8188</Nm><PstlAdr><AdrLine>2211 N 1st Street San Jose CA 95131</AdrLine><Ctry/></PstlAdr></Dbtr><DbtrAcct><Id><PrtryAcct><Id>23526285010101</Id></PrtryAcct></Id></DbtrAcct><Cdtr><Nm>Oliver Jones</Nm><PstlAdr><AdrLine>1 Finlayson Lane</AdrLine><Ctry/></PstlAdr></Cdtr><CdtrAcct><Id><PrtryAcct><Id>23008200069684</Id></PrtryAcct></Id></CdtrAcct><Prtry><Tp>PAYPAL CODE 8188</Tp><Pty/></Prtry></RltdPties><RmtInf><Strd><RfrdDocInf><RfrdDocTp><Prtry>002</Prtry></RfrdDocTp></RfrdDocInf><AddtlRmtInf>NO REF</AddtlRmtInf></Strd><Strd><AddtlRmtInf>PAYPAL CODE 8188//PAYPAL CODE 8188</AddtlRmtInf></Strd></RmtInf><RltdDts><TxDtTm>2018-09-13T19:06:35</TxDtTm></RltdDts><AddtlTxInf>PPRD00000000AN3ZE81020180913826235262</AddtlTxInf></TxDtls><AddtlNtryInf>COMPLETE//0000//003//CREDIT</AddtlNtryInf></Ntry><Ntry><Amt Ccy="GBP">1.00</Amt><CdtDbtInd>CRDT</CdtDbtInd><Sts>BOOK</Sts><BookgDt><Dt>2018-09-14</Dt></BookgDt><BkTxCd><Prtry><Cd>SIP UKBA CR 40269</Cd></Prtry></BkTxCd><TxDtls><Refs><EndToEndId>NOREF</EndToEndId><TxId>300000000392104465</TxId></Refs><RltdPties><Dbtr><Nm>C Makuve</Nm></Dbtr><DbtrAcct><Id><PrtryAcct><Id>11057212400264</Id></PrtryAcct></Id></DbtrAcct><Cdtr><Nm>CHARLED ARRO</Nm></Cdtr><CdtrAcct><Id><PrtryAcct><Id>23008200441469</Id></PrtryAcct></Id></CdtrAcct><Prtry><Tp>ARRO</Tp><Pty/></Prtry></RltdPties><RmtInf><Strd><AddtlRmtInf>NO REF</AddtlRmtInf></Strd><Strd><AddtlRmtInf>C Makuve//ARRO</AddtlRmtInf></Strd></RmtInf><RltdDts><TxDtTm>2018-09-13T19:07:53</TxDtTm></RltdDts><AddtlTxInf>3000000003921044651020180913826110572</AddtlTxInf></TxDtls><AddtlNtryInf>COMPLETE//0000//003//CREDIT</AddtlNtryInf></Ntry><Ntry><Amt Ccy="GBP">0.01</Amt><CdtDbtInd>CRDT</CdtDbtInd><Sts>BOOK</Sts><BookgDt><Dt>2018-09-14</Dt></BookgDt><BkTxCd><Prtry><Cd>SIP UKBA CR 40269</Cd></Prtry></BkTxCd><TxDtls><Refs><EndToEndId>PPRD00000000AN40JQ</EndToEndId><TxId>PPRD00000000AN40JQ</TxId></Refs><RltdPties><Dbtr><Nm>PAYPAL CODE 9388</Nm><PstlAdr><AdrLine>2211 N 1st Street San Jose CA 95131</AdrLine><Ctry/></PstlAdr></Dbtr><DbtrAcct><Id><PrtryAcct><Id>23526285010101</Id></PrtryAcct></Id></DbtrAcct><Cdtr><Nm>Michelle Duggan</Nm><PstlAdr><AdrLine>27 Rowsby Court</AdrLine><Ctry/></PstlAdr></Cdtr><CdtrAcct><Id><PrtryAcct><Id>23008200323527</Id></PrtryAcct></Id></CdtrAcct><Prtry><Tp>PAYPAL CODE 9388</Tp><Pty/></Prtry></RltdPties><RmtInf><Strd><RfrdDocInf><RfrdDocTp><Prtry>002</Prtry></RfrdDocTp></RfrdDocInf><AddtlRmtInf>NO REF</AddtlRmtInf></Strd><Strd><AddtlRmtInf>PAYPAL CODE 9388//PAYPAL CODE 9388</AddtlRmtInf></Strd></RmtInf><RltdDts><TxDtTm>2018-09-13T19:10:28</TxDtTm></RltdDts><AddtlTxInf>PPRD00000000AN40JQ1020180913826235262</AddtlTxInf></TxDtls><AddtlNtryInf>COMPLETE//0000//003//CREDIT</AddtlNtryInf></Ntry><Ntry><Amt Ccy="GBP">10.00</Amt><CdtDbtInd>CRDT</CdtDbtInd><Sts>BOOK</Sts><BookgDt><Dt>2018-09-14</Dt></BookgDt><BkTxCd><Prtry><Cd>SIP UKBA CR 40269</Cd></Prtry></BkTxCd><TxDtls><Refs><EndToEndId>NOREF</EndToEndId><TxId>500000000388456635</TxId></Refs><RltdPties><Dbtr><Nm>d mihai</Nm></Dbtr><DbtrAcct><Id><PrtryAcct><Id>30945589446668</Id></PrtryAcct></Id></DbtrAcct><Cdtr><Nm>DANIEL</Nm></Cdtr><CdtrAcct><Id><PrtryAcct><Id>23008200438859</Id></PrtryAcct></Id></CdtrAcct><Prtry><Tp>BUSS PASS</Tp><Pty/></Prtry></RltdPties><RmtInf><Strd><AddtlRmtInf>NO REF</AddtlRmtInf></Strd><Strd><AddtlRmtInf>d mihai//BUSS PASS</AddtlRmtInf></Strd></RmtInf><RltdDts><TxDtTm>2018-09-13T19:10:33</TxDtTm></RltdDts><AddtlTxInf>5000000003884566351020180913826309455</AddtlTxInf></TxDtls><AddtlNtryInf>COMPLETE//0000//003//CREDIT</AddtlNtryInf></Ntry><Ntry><Amt Ccy="GBP">3.50</Amt><CdtDbtInd>CRDT</CdtDbtInd><Sts>BOOK</Sts><BookgDt><Dt>2018-09-14</Dt></BookgDt><BkTxCd><Prtry><Cd>DCA UKBA CR 40269</Cd></Prtry></BkTxCd><TxDtls><Refs><EndToEndId>NOREF</EndToEndId><TxId>000000013560565601</TxId><Prtry><Tp>STO REF</Tp><Ref>0000</Ref></Prtry></Refs><RltdPties><Dbtr><Nm>23630701524307</Nm></Dbtr><DbtrAcct><Id><PrtryAcct><Id>20594243523659</Id></PrtryAcct></Id></DbtrAcct><Cdtr><Nm>JUDIMAE POWELL</Nm></Cdtr><CdtrAcct><Id><PrtryAcct><Id>23008200369669</Id></PrtryAcct></Id></CdtrAcct><Prtry><Tp>UNIT</Tp><Pty/></Prtry></RltdPties><RmtInf><Strd><AddtlRmtInf>NO REF</AddtlRmtInf></Strd><Strd><AddtlRmtInf>23630701524307//UNIT</AddtlRmtInf></Strd></RmtInf><RltdDts><TxDtTm>2018-09-13T19:17:00</TxDtTm></RltdDts><AddtlTxInf>0000000135605656015020180913826205942</AddtlTxInf></TxDtls><AddtlNtryInf>COMPLETE//0000//003//CREDIT</AddtlNtryInf></Ntry><Ntry><Amt Ccy="GBP">0.61</Amt><CdtDbtInd>CRDT</CdtDbtInd><Sts>BOOK</Sts><BookgDt><Dt>2018-09-14</Dt></BookgDt><BkTxCd><Prtry><Cd>SIP UKBA CR 40269</Cd></Prtry></BkTxCd><TxDtls><Refs><EndToEndId>LOAN</EndToEndId><TxId>17191833306468000N</TxId><Prtry><Tp>STO REF</Tp><Ref>0000</Ref></Prtry></Refs><RltdPties><Dbtr><Nm>DURHAM LD</Nm></Dbtr><DbtrAcct><Id><PrtryAcct><Id>51701779680615</Id></PrtryAcct></Id></DbtrAcct><Cdtr><Nm>L DURHAM</Nm></Cdtr><CdtrAcct><Id><PrtryAcct><Id>23008200351448</Id></PrtryAcct></Id></CdtrAcct><Prtry><Tp>LOAN</Tp><Pty/></Prtry></RltdPties><RmtInf><Strd><AddtlRmtInf>DURHAM LD         LOAN              VIA ONLINE - PYMT</AddtlRmtInf></Strd><Strd><AddtlRmtInf>DURHAM LD//LOAN</AddtlRmtInf></Strd></RmtInf><RltdDts><TxDtTm>2018-09-13T19:18:33</TxDtTm></RltdDts><AddtlTxInf>17191833306468000N1020180913826517017</AddtlTxInf></TxDtls><AddtlNtryInf>COMPLETE//0000//003//CREDIT</AddtlNtryInf></Ntry><Ntry><Amt Ccy="GBP">3.00</Amt><CdtDbtInd>CRDT</CdtDbtInd><Sts>BOOK</Sts><BookgDt><Dt>2018-09-14</Dt></BookgDt><BkTxCd><Prtry><Cd>SIP UKBA CR 40269</Cd></Prtry></BkTxCd><TxDtls><Refs><EndToEndId>LOAN</EndToEndId><TxId>15191908047910000N</TxId><Prtry><Tp>STO REF</Tp><Ref>0000</Ref></Prtry></Refs><RltdPties><Dbtr><Nm>DURHAM LD</Nm></Dbtr><DbtrAcct><Id><PrtryAcct><Id>51701779680615</Id></PrtryAcct></Id></DbtrAcct><Cdtr><Nm>L DURHAM</Nm></Cdtr><CdtrAcct><Id><PrtryAcct><Id>23008200351448</Id></PrtryAcct></Id></CdtrAcct><Prtry><Tp>LOAN</Tp><Pty/></Prtry></RltdPties><RmtInf><Strd><AddtlRmtInf>DURHAM LD         LOAN              VIA ONLINE - PYMT</AddtlRmtInf></Strd><Strd><AddtlRmtInf>DURHAM LD//LOAN</AddtlRmtInf></Strd></RmtInf><RltdDts><TxDtTm>2018-09-13T19:19:08</TxDtTm></RltdDts><AddtlTxInf>15191908047910000N1020180913826517017</AddtlTxInf></TxDtls><AddtlNtryInf>COMPLETE//0000//003//CREDIT</AddtlNtryInf></Ntry><Ntry><Amt Ccy="GBP">250.00</Amt><CdtDbtInd>CRDT</CdtDbtInd><Sts>BOOK</Sts><BookgDt><Dt>2018-09-14</Dt></BookgDt><BkTxCd><Prtry><Cd>SIP UKBA CR 40269</Cd></Prtry></BkTxCd><TxDtls><Refs><EndToEndId>CARD OPENBROLLY</EndToEndId><TxId>56192114478102000R</TxId><Prtry><Tp>STO REF</Tp><Ref>0000</Ref></Prtry></Refs><RltdPties><Dbtr><Nm>S I LIMITED</Nm></Dbtr><DbtrAcct><Id><PrtryAcct><Id>83182500260346</Id></PrtryAcct></Id></DbtrAcct><Cdtr><Nm>SAMANTHA HILL</Nm></Cdtr><CdtrAcct><Id><PrtryAcct><Id>23008200019028</Id></PrtryAcct></Id></CdtrAcct><Prtry><Tp>CARD OPENBROLLY</Tp><Pty/></Prtry></RltdPties><RmtInf><Strd><AddtlRmtInf>S I LIMITED       CARD OPENBROLLY   VIA ONLINE - PYMT</AddtlRmtInf></Strd><Strd><AddtlRmtInf>S I LIMITED//CARD OPENBROLLY</AddtlRmtInf></Strd></RmtInf><RltdDts><TxDtTm>2018-09-13T19:21:14</TxDtTm></RltdDts><AddtlTxInf>56192114478102000R1020180913826831825</AddtlTxInf></TxDtls><AddtlNtryInf>COMPLETE//0000//003//CREDIT</AddtlNtryInf></Ntry><Ntry><Amt Ccy="GBP">299.04</Amt><CdtDbtInd>CRDT</CdtDbtInd><Sts>BOOK</Sts><BookgDt><Dt>2018-09-14</Dt></BookgDt><BkTxCd><Prtry><Cd>SIP UKBA CR 40269</Cd></Prtry></BkTxCd><TxDtls><Refs><EndToEndId>NOREF</EndToEndId><TxId>57192153236745000N</TxId><Prtry><Tp>STO REF</Tp><Ref>0000</Ref></Prtry></Refs><RltdPties><Dbtr><Nm>MEDELECTRICS LIMITED LTD</Nm><PstlAdr><AdrLine>SENECA HOUSE BUNTSFORD PARK ROAD BR</AdrLine><AdrLine>OMSGROVE B603DX UNITED KINGDOM</AdrLine><Ctry/></PstlAdr></Dbtr><DbtrAcct><Id><PrtryAcct><Id>60837040029808</Id></PrtryAcct></Id></DbtrAcct><Cdtr><Nm>HAMJED DANIEL</Nm></Cdtr><CdtrAcct><Id><PrtryAcct><Id>23008200291407</Id></PrtryAcct></Id></CdtrAcct><Prtry><Tp>WAGES 196470</Tp><Pty/></Prtry></RltdPties><RmtInf><Strd><AddtlRmtInf>WAGES 196470</AddtlRmtInf></Strd><Strd><AddtlRmtInf>MEDELECTRICS LIMIT//WAGES 196470</AddtlRmtInf></Strd></RmtInf><RltdDts><TxDtTm>2018-09-13T19:21:53</TxDtTm></RltdDts><AddtlTxInf>57192153236745000N1020180913826608370</AddtlTxInf></TxDtls><AddtlNtryInf>COMPLETE//0000//003//CREDIT</AddtlNtryInf></Ntry><Ntry><Amt Ccy="GBP">340.26</Amt><CdtDbtInd>CRDT</CdtDbtInd><Sts>BOOK</Sts><BookgDt><Dt>2018-09-14</Dt></BookgDt><BkTxCd><Prtry><Cd>SIP UKBA CR 40269</Cd></Prtry></BkTxCd><TxDtls><Refs><EndToEndId>NOREF</EndToEndId><TxId>40192418725705000N</TxId><Prtry><Tp>STO REF</Tp><Ref>0000</Ref></Prtry></Refs><RltdPties><Dbtr><Nm>ROMPTER LTD</Nm><PstlAdr><AdrLine>5 QUEEN STREET NORWICH NR24TL UNITE</AdrLine><AdrLine>D KINGDOM</AdrLine><Ctry/></PstlAdr></Dbtr><DbtrAcct><Id><PrtryAcct><Id>60837040240967</Id></PrtryAcct></Id></DbtrAcct><Cdtr><Nm>MR V ZIGA</Nm></Cdtr><CdtrAcct><Id><PrtryAcct><Id>23008200130496</Id></PrtryAcct></Id></CdtrAcct><Prtry><Tp>WAGES 3231</Tp><Pty/></Prtry></RltdPties><RmtInf><Strd><AddtlRmtInf>WAGES 3231</AddtlRmtInf></Strd><Strd><AddtlRmtInf>ROMPTER LTD//WAGES 3231</AddtlRmtInf></Strd></RmtInf><RltdDts><TxDtTm>2018-09-13T19:24:19</TxDtTm></RltdDts><AddtlTxInf>40192418725705000N1020180913826608370</AddtlTxInf></TxDtls><AddtlNtryInf>COMPLETE//0000//003//CREDIT</AddtlNtryInf></Ntry></Ntfctn></BkToCstmrDbtCdtNtfctnV01></Document>