<?xml version="1.0" encoding="UTF-8"?><Document xmlns:xsi="http://www.w3.org/2001/XMLSchema-instance" xmlns="urn:iso:std:iso:20022:tech:xsd:camt.054.001.01"><BkToCstmrDbtCdtNtfctnV01><GrpHdr><MsgId>80309K//12440</MsgId><CreDtTm>2018-09-05T07:30:00</CreDtTm></GrpHdr><Ntfctn><Id>80309K//12440//1</Id><CreDtTm>2018-09-05T07:30:00</CreDtTm><Acct><Id><PrtryAcct><Id>20594233939774</Id></PrtryAcct></Id><Ccy>GBP</Ccy></Acct><TxsSummry><TtlNtries><NbOfNtries>2</NbOfNtries><Sum>194.08</Sum></TtlNtries><TtlCdtNtries><NbOfNtries>2</NbOfNtries><Sum>194.08</Sum></TtlCdtNtries><TtlDbtNtries><NbOfNtries>0</NbOfNtries><Sum>0.00</Sum></TtlDbtNtries></TxsSummry><Ntry><Amt Ccy="GBP">5.08</Amt><CdtDbtInd>CRDT</CdtDbtInd><Sts>BOOK</Sts><BookgDt><Dt>2018-09-05</Dt></BookgDt><BkTxCd><Prtry><Cd>SIP UKBA CR 40269</Cd></Prtry></BkTxCd><TxDtls><Refs><EndToEndId>NOREF</EndToEndId><TxId>600000000385822079</TxId></Refs><RltdPties><Dbtr><Nm>S Gage</Nm></Dbtr><DbtrAcct><Id><PrtryAcct><Id>30981316836660</Id></PrtryAcct></Id></DbtrAcct><Cdtr><Nm>MISS SHARON GAGE</Nm></Cdtr><CdtrAcct><Id><PrtryAcct><Id>23008200403665</Id></PrtryAcct></Id></CdtrAcct><Prtry><Tp>SHAZ</Tp><Pty/></Prtry></RltdPties><RmtInf><Strd><AddtlRmtInf>NO REF</AddtlRmtInf></Strd><Strd><AddtlRmtInf>S Gage//SHAZ</AddtlRmtInf></Strd></RmtInf><RltdDts><TxDtTm>2018-09-05T07:02:09</TxDtTm></RltdDts><AddtlTxInf>6000000003858220791020180905826309813</AddtlTxInf></TxDtls><AddtlNtryInf>COMPLETE//0000//001//CREDIT</AddtlNtryInf></Ntry><Ntry><Amt Ccy="GBP">189.00</Amt><CdtDbtInd>CRDT</CdtDbtInd><Sts>BOOK</Sts><BookgDt><Dt>2018-09-05</Dt></BookgDt><BkTxCd><Prtry><Cd>SIP UKBA CR 40269</Cd></Prtry></BkTxCd><TxDtls><Refs><EndToEndId>00156498632BBDCCXZ</EndToEndId><TxId>00156498632BBDCCXZ</TxId></Refs><RltdPties><Dbtr><Nm>GERALDINE HOBBS</Nm></Dbtr><DbtrAcct><Id><PrtryAcct><Id>09012888156892</Id></PrtryAcct></Id></DbtrAcct><Cdtr><Nm>MISS GERALDINE H</Nm></Cdtr><CdtrAcct><Id><PrtryAcct><Id>23008200403200</Id></PrtryAcct></Id></CdtrAcct><Prtry><Tp>gerri</Tp><Pty/></Prtry></RltdPties><RmtInf><Strd><AddtlRmtInf>NO REF</AddtlRmtInf></Strd><Strd><AddtlRmtInf>GERALDINE HOBBS//gerri</AddtlRmtInf></Strd></RmtInf><RltdDts><TxDtTm>2018-09-05T07:14:11</TxDtTm></RltdDts><AddtlTxInf>00156498632BBDCCXZ1020180905826090128</AddtlTxInf></TxDtls><AddtlNtryInf>COMPLETE//0000//001//CREDIT</AddtlNtryInf></Ntry></Ntfctn></BkToCstmrDbtCdtNtfctnV01></Document>