<?xml version="1.0" encoding="UTF-8"?><Document xmlns:xsi="http://www.w3.org/2001/XMLSchema-instance" xmlns="urn:iso:std:iso:20022:tech:xsd:camt.054.001.01"><BkToCstmrDbtCdtNtfctnV01><GrpHdr><MsgId>80309K//13482</MsgId><CreDtTm>2018-09-29T10:00:00</CreDtTm></GrpHdr><Ntfctn><Id>80309K//13482//1</Id><CreDtTm>2018-09-29T10:00:00</CreDtTm><Acct><Id><PrtryAcct><Id>20594233939774</Id></PrtryAcct></Id><Ccy>GBP</Ccy></Acct><TxsSummry><TtlNtries><NbOfNtries>5</NbOfNtries><Sum>120.01</Sum></TtlNtries><TtlCdtNtries><NbOfNtries>5</NbOfNtries><Sum>120.01</Sum></TtlCdtNtries><TtlDbtNtries><NbOfNtries>0</NbOfNtries><Sum>0.00</Sum></TtlDbtNtries></TxsSummry><Ntry><Amt Ccy="GBP">20.00</Amt><CdtDbtInd>CRDT</CdtDbtInd><Sts>BOOK</Sts><BookgDt><Dt>2018-10-01</Dt></BookgDt><BkTxCd><Prtry><Cd>SIP UKBA CR 40269</Cd></Prtry></BkTxCd><TxDtls><Refs><EndToEndId>NOREF</EndToEndId><TxId>RP4679962598014500</TxId></Refs><RltdPties><Dbtr><Nm>VEERAPATHIRAN P</Nm></Dbtr><DbtrAcct><Id><PrtryAcct><Id>20390743821994</Id></PrtryAcct></Id></DbtrAcct><Cdtr><Nm>P MURUGATHAS</Nm></Cdtr><CdtrAcct><Id><PrtryAcct><Id>23008200105384</Id></PrtryAcct></Id></CdtrAcct><Prtry><Tp>DASS</Tp><Pty/></Prtry></RltdPties><RmtInf><Strd><AddtlRmtInf>NO REF</AddtlRmtInf></Strd><Strd><AddtlRmtInf>VEERAPATHIRAN P//DASS</AddtlRmtInf></Strd></RmtInf><RltdDts><TxDtTm>2018-09-29T09:33:59</TxDtTm></RltdDts><AddtlTxInf>RP46799625980145001020180929826200026</AddtlTxInf></TxDtls><AddtlNtryInf>COMPLETE//0000//003//CREDIT</AddtlNtryInf></Ntry><Ntry><Amt Ccy="GBP">58.00</Amt><CdtDbtInd>CRDT</CdtDbtInd><Sts>BOOK</Sts><BookgDt><Dt>2018-10-01</Dt></BookgDt><BkTxCd><Prtry><Cd>SIP UKBA CR 40269</Cd></Prtry></BkTxCd><TxDtls><Refs><EndToEndId>CLOTHES</EndToEndId><TxId>16094438244908000N</TxId><Prtry><Tp>STO REF</Tp><Ref>0000</Ref></Prtry></Refs><RltdPties><Dbtr><Nm>OBADA V</Nm></Dbtr><DbtrAcct><Id><PrtryAcct><Id>60233481656580</Id></PrtryAcct></Id></DbtrAcct><Cdtr><Nm>CLASSIC CLOTHING</Nm></Cdtr><CdtrAcct><Id><PrtryAcct><Id>23008200042452</Id></PrtryAcct></Id></CdtrAcct><Prtry><Tp>CLOTHES</Tp><Pty/></Prtry></RltdPties><RmtInf><Strd><AddtlRmtInf>OBADA V           CLOTHES           VIA MOBILE - LVP</AddtlRmtInf></Strd><Strd><AddtlRmtInf>OBADA V//CLOTHES</AddtlRmtInf></Strd></RmtInf><RltdDts><TxDtTm>2018-09-29T09:44:38</TxDtTm></RltdDts><AddtlTxInf>16094438244908000N1020180929826602334</AddtlTxInf></TxDtls><AddtlNtryInf>COMPLETE//0000//003//CREDIT</AddtlNtryInf></Ntry><Ntry><Amt Ccy="GBP">2.00</Amt><CdtDbtInd>CRDT</CdtDbtInd><Sts>BOOK</Sts><BookgDt><Dt>2018-10-01</Dt></BookgDt><BkTxCd><Prtry><Cd>SIP UKBA CR 40269</Cd></Prtry></BkTxCd><TxDtls><Refs><EndToEndId>NOREF</EndToEndId><TxId>400000000398048062</TxId></Refs><RltdPties><Dbtr><Nm>D Oprea</Nm></Dbtr><DbtrAcct><Id><PrtryAcct><Id>77010327770368</Id></PrtryAcct></Id></DbtrAcct><Cdtr><Nm>DENISA OPREA</Nm></Cdtr><CdtrAcct><Id><PrtryAcct><Id>23008200423601</Id></PrtryAcct></Id></CdtrAcct><Prtry><Tp>IUBI</Tp><Pty/></Prtry></RltdPties><RmtInf><Strd><AddtlRmtInf>NO REF</AddtlRmtInf></Strd><Strd><AddtlRmtInf>D Oprea//IUBI</AddtlRmtInf></Strd></RmtInf><RltdDts><TxDtTm>2018-09-29T09:53:58</TxDtTm></RltdDts><AddtlTxInf>4000000003980480621020180929826770103</AddtlTxInf></TxDtls><AddtlNtryInf>COMPLETE//0000//003//CREDIT</AddtlNtryInf></Ntry><Ntry><Amt Ccy="GBP">0.01</Amt><CdtDbtInd>CRDT</CdtDbtInd><Sts>BOOK</Sts><BookgDt><Dt>2018-10-01</Dt></BookgDt><BkTxCd><Prtry><Cd>SIP UKBA CR 40269</Cd></Prtry></BkTxCd><TxDtls><Refs><EndToEndId>PPRD00000000AR0UTI</EndToEndId><TxId>PPRD00000000AR0UTI</TxId></Refs><RltdPties><Dbtr><Nm>PAYPAL CODE 8671</Nm><PstlAdr><AdrLine>2211 N 1st Street San Jose CA 95131</AdrLine><Ctry/></PstlAdr></Dbtr><DbtrAcct><Id><PrtryAcct><Id>23526285010101</Id></PrtryAcct></Id></DbtrAcct><Cdtr><Nm>Isaac Chege</Nm><PstlAdr><AdrLine>9 St. Andrews Gate</AdrLine><Ctry/></PstlAdr></Cdtr><CdtrAcct><Id><PrtryAcct><Id>23008200474578</Id></PrtryAcct></Id></CdtrAcct><Prtry><Tp>PAYPAL CODE 8671</Tp><Pty/></Prtry></RltdPties><RmtInf><Strd><RfrdDocInf><RfrdDocTp><Prtry>002</Prtry></RfrdDocTp></RfrdDocInf><AddtlRmtInf>NO REF</AddtlRmtInf></Strd><Strd><AddtlRmtInf>PAYPAL CODE 8671//PAYPAL CODE 8671</AddtlRmtInf></Strd></RmtInf><RltdDts><TxDtTm>2018-09-29T09:58:36</TxDtTm></RltdDts><AddtlTxInf>PPRD00000000AR0UTI1020180929826235262</AddtlTxInf></TxDtls><AddtlNtryInf>COMPLETE//0000//003//CREDIT</AddtlNtryInf></Ntry><Ntry><Amt Ccy="GBP">40.00</Amt><CdtDbtInd>CRDT</CdtDbtInd><Sts>BOOK</Sts><BookgDt><Dt>2018-10-01</Dt></BookgDt><BkTxCd><Prtry><Cd>SIP UKBA CR 40269</Cd></Prtry></BkTxCd><TxDtls><Refs><EndToEndId>NOREF</EndToEndId><TxId>400000000398049834</TxId></Refs><RltdPties><Dbtr><Nm>M Pickering</Nm></Dbtr><DbtrAcct><Id><PrtryAcct><Id>11065800903169</Id></PrtryAcct></Id></DbtrAcct><Cdtr><Nm>MISS LOUISE TURREL</Nm></Cdtr><CdtrAcct><Id><PrtryAcct><Id>23008200334676</Id></PrtryAcct></Id></CdtrAcct><Prtry><Tp>LEND</Tp><Pty/></Prtry></RltdPties><RmtInf><Strd><AddtlRmtInf>NO REF</AddtlRmtInf></Strd><Strd><AddtlRmtInf>M Pickering//LEND</AddtlRmtInf></Strd></RmtInf><RltdDts><TxDtTm>2018-09-29T09:59:58</TxDtTm></RltdDts><AddtlTxInf>4000000003980498341020180929826110658</AddtlTxInf></TxDtls><AddtlNtryInf>COMPLETE//0000//003//CREDIT</AddtlNtryInf></Ntry></Ntfctn></BkToCstmrDbtCdtNtfctnV01></Document>