<?xml version="1.0" encoding="UTF-8"?><Document xmlns:xsi="http://www.w3.org/2001/XMLSchema-instance" xmlns="urn:iso:std:iso:20022:tech:xsd:camt.054.001.01"><BkToCstmrDbtCdtNtfctnV01><GrpHdr><MsgId>80309K//12542</MsgId><CreDtTm>2018-09-07T11:30:00</CreDtTm></GrpHdr><Ntfctn><Id>80309K//12542//1</Id><CreDtTm>2018-09-07T11:30:00</CreDtTm><Acct><Id><PrtryAcct><Id>20594233939774</Id></PrtryAcct></Id><Ccy>GBP</Ccy></Acct><TxsSummry><TtlNtries><NbOfNtries>15</NbOfNtries><Sum>15742.84</Sum></TtlNtries><TtlCdtNtries><NbOfNtries>12</NbOfNtries><Sum>4711.08</Sum></TtlCdtNtries><TtlDbtNtries><NbOfNtries>3</NbOfNtries><Sum>11031.76</Sum></TtlDbtNtries></TxsSummry><Ntry><Amt Ccy="GBP">5428.10</Amt><CdtDbtInd>DBIT</CdtDbtInd><Sts>BOOK</Sts><BookgDt><Dt>2018-09-07</Dt></BookgDt><BkTxCd><Prtry><Cd>AUT UKBA DR 30278</Cd></Prtry></BkTxCd><TxDtls><Refs><TxId>000000000335625400</TxId></Refs><RltdPties><DbtrAcct><Id><PrtryAcct><Id>20594233939774</Id></PrtryAcct></Id></DbtrAcct></RltdPties><RmtInf><Strd><AddtlRmtInf>NO REF</AddtlRmtInf></Strd><Strd><AddtlRmtInf>20180907A44639//7S      F121PLR321</AddtlRmtInf></Strd></RmtInf><RltdDts><TxDtTm>2018-09-07T11:01:28</TxDtTm></RltdDts><AddtlTxInf>0000000003356254000020180907826205942</AddtlTxInf></TxDtls><AddtlNtryInf>AUTHSENT//0000//001//DEBIT</AddtlNtryInf></Ntry><Ntry><Amt Ccy="GBP">5073.66</Amt><CdtDbtInd>DBIT</CdtDbtInd><Sts>BOOK</Sts><BookgDt><Dt>2018-09-07</Dt></BookgDt><BkTxCd><Prtry><Cd>AUT UKBA DR 30278</Cd></Prtry></BkTxCd><TxDtls><Refs><TxId>000000000335625600</TxId></Refs><RltdPties><DbtrAcct><Id><PrtryAcct><Id>20594233939774</Id></PrtryAcct></Id></DbtrAcct></RltdPties><RmtInf><Strd><AddtlRmtInf>NO REF</AddtlRmtInf></Strd><Strd><AddtlRmtInf>20180907A44639//7S      F121JHC319</AddtlRmtInf></Strd></RmtInf><RltdDts><TxDtTm>2018-09-07T11:01:40</TxDtTm></RltdDts><AddtlTxInf>0000000003356256000020180907826205942</AddtlTxInf></TxDtls><AddtlNtryInf>AUTHSENT//0000//001//DEBIT</AddtlNtryInf></Ntry><Ntry><Amt Ccy="GBP">14.27</Amt><CdtDbtInd>CRDT</CdtDbtInd><Sts>BOOK</Sts><BookgDt><Dt>2018-09-07</Dt></BookgDt><BkTxCd><Prtry><Cd>AUA UKBA CR 40278</Cd></Prtry></BkTxCd><TxDtls><Refs><TxId>000000000335625600</TxId></Refs><RltdPties><DbtrAcct><Id><PrtryAcct><Id>20594233939774</Id></PrtryAcct></Id></DbtrAcct></RltdPties><RmtInf><Strd><AddtlRmtInf>NO REF</AddtlRmtInf></Strd><Strd><AddtlRmtInf>20180907A44639//7S      F121JHC319</AddtlRmtInf></Strd></RmtInf><RltdDts><TxDtTm>2018-09-07T11:01:46</TxDtTm></RltdDts><AddtlTxInf>0000000003356256000020180907826205942</AddtlTxInf></TxDtls><AddtlNtryInf>AUTHADJUSTED//0000//001//CREDIT</AddtlNtryInf></Ntry><Ntry><Amt Ccy="GBP">530.00</Amt><CdtDbtInd>DBIT</CdtDbtInd><Sts>BOOK</Sts><BookgDt><Dt>2018-09-07</Dt></BookgDt><BkTxCd><Prtry><Cd>AUT UKBA DR 30278</Cd></Prtry></BkTxCd><TxDtls><Refs><TxId>000000000335625700</TxId></Refs><RltdPties><DbtrAcct><Id><PrtryAcct><Id>20594233939774</Id></PrtryAcct></Id></DbtrAcct></RltdPties><RmtInf><Strd><AddtlRmtInf>NO REF</AddtlRmtInf></Strd><Strd><AddtlRmtInf>20180907A44639//7S      F121J47317</AddtlRmtInf></Strd></RmtInf><RltdDts><TxDtTm>2018-09-07T11:01:48</TxDtTm></RltdDts><AddtlTxInf>0000000003356257000020180907826205942</AddtlTxInf></TxDtls><AddtlNtryInf>AUTHSENT//0000//001//DEBIT</AddtlNtryInf></Ntry><Ntry><Amt Ccy="GBP">50.33</Amt><CdtDbtInd>CRDT</CdtDbtInd><Sts>BOOK</Sts><BookgDt><Dt>2018-09-07</Dt></BookgDt><BkTxCd><Prtry><Cd>SIP UKBA CR 40269</Cd></Prtry></BkTxCd><TxDtls><Refs><EndToEndId>NOREF</EndToEndId><TxId>YBBPI1106232142584</TxId></Refs><RltdPties><Dbtr><Nm>CONTRACT CLEANING</Nm></Dbtr><DbtrAcct><Id><PrtryAcct><Id>05093414618396</Id></PrtryAcct></Id></DbtrAcct><Cdtr><Nm>Lisa durham</Nm></Cdtr><CdtrAcct><Id><PrtryAcct><Id>23008200351448</Id></PrtryAcct></Id></CdtrAcct><Prtry><Tp>Wages</Tp><Pty/></Prtry></RltdPties><RmtInf><Strd><RfrdDocInf><RfrdDocTp><Prtry>002</Prtry></RfrdDocTp></RfrdDocInf><AddtlRmtInf>NO REF</AddtlRmtInf></Strd><Strd><AddtlRmtInf>CONTRACT CLEANING//Wages</AddtlRmtInf></Strd></RmtInf><RltdDts><TxDtTm>2018-09-07T11:06:24</TxDtTm></RltdDts><AddtlTxInf>YBBPI11062321425841020180907826050934</AddtlTxInf></TxDtls><AddtlNtryInf>COMPLETE//0000//001//CREDIT</AddtlNtryInf></Ntry><Ntry><Amt Ccy="GBP">120.00</Amt><CdtDbtInd>CRDT</CdtDbtInd><Sts>BOOK</Sts><BookgDt><Dt>2018-09-07</Dt></BookgDt><BkTxCd><Prtry><Cd>SIP UKBA CR 40269</Cd></Prtry></BkTxCd><TxDtls><Refs><EndToEndId>NOREF</EndToEndId><TxId>400000000391620715</TxId></Refs><RltdPties><Dbtr><Nm>R Thomerson</Nm></Dbtr><DbtrAcct><Id><PrtryAcct><Id>11087410265367</Id></PrtryAcct></Id></DbtrAcct><Cdtr><Nm>SAFFRON MORRIS</Nm></Cdtr><CdtrAcct><Id><PrtryAcct><Id>23008200162670</Id></PrtryAcct></Id></CdtrAcct><Prtry><Tp>half csa</Tp><Pty/></Prtry></RltdPties><RmtInf><Strd><AddtlRmtInf>NO REF</AddtlRmtInf></Strd><Strd><AddtlRmtInf>R Thomerson//half csa</AddtlRmtInf></Strd></RmtInf><RltdDts><TxDtTm>2018-09-07T11:06:41</TxDtTm></RltdDts><AddtlTxInf>4000000003916207151020180907826110874</AddtlTxInf></TxDtls><AddtlNtryInf>COMPLETE//0000//001//CREDIT</AddtlNtryInf></Ntry><Ntry><Amt Ccy="GBP">558.48</Amt><CdtDbtInd>CRDT</CdtDbtInd><Sts>BOOK</Sts><BookgDt><Dt>2018-09-07</Dt></BookgDt><BkTxCd><Prtry><Cd>SIP UKBA CR 40269</Cd></Prtry></BkTxCd><TxDtls><Refs><EndToEndId>NOREF</EndToEndId><TxId>RP4679960833078900</TxId></Refs><RltdPties><Dbtr><Nm>CLUCKATYCLUC LTD</Nm></Dbtr><DbtrAcct><Id><PrtryAcct><Id>20466033270181</Id></PrtryAcct></Id></DbtrAcct><Cdtr><Nm>PARVEZ AHMED NEW</Nm></Cdtr><CdtrAcct><Id><PrtryAcct><Id>23008200051865</Id></PrtryAcct></Id></CdtrAcct><Prtry><Tp>CLUTCH</Tp><Pty/></Prtry></RltdPties><RmtInf><Strd><AddtlRmtInf>NO REF</AddtlRmtInf></Strd><Strd><AddtlRmtInf>CLUCKATYCLUC LTD//CLUTCH</AddtlRmtInf></Strd></RmtInf><RltdDts><TxDtTm>2018-09-07T11:09:32</TxDtTm></RltdDts><AddtlTxInf>RP46799608330789001020180907826200026</AddtlTxInf></TxDtls><AddtlNtryInf>COMPLETE//0000//001//CREDIT</AddtlNtryInf></Ntry><Ntry><Amt Ccy="GBP">400.00</Amt><CdtDbtInd>CRDT</CdtDbtInd><Sts>BOOK</Sts><BookgDt><Dt>2018-09-07</Dt></BookgDt><BkTxCd><Prtry><Cd>DCA UKBA CR 40269</Cd></Prtry></BkTxCd><TxDtls><Refs><EndToEndId>NOREF</EndToEndId><TxId>000000013502265301</TxId><Prtry><Tp>STO REF</Tp><Ref>0000</Ref></Prtry></Refs><RltdPties><Dbtr><Nm>EMMANUEL AKPEKI</Nm></Dbtr><DbtrAcct><Id><PrtryAcct><Id>20000013559378</Id></PrtryAcct></Id></DbtrAcct><Cdtr><Nm>NEW BALANCE LTD</Nm></Cdtr><CdtrAcct><Id><PrtryAcct><Id>23008200034056</Id></PrtryAcct></Id></CdtrAcct><Prtry><Tp>CAR REPAIR BALANCE</Tp><Pty/></Prtry></RltdPties><RmtInf><Strd><AddtlRmtInf>NO REF</AddtlRmtInf></Strd><Strd><AddtlRmtInf>EMMANUEL AKPEKI//CAR REPAIR BALANCE</AddtlRmtInf></Strd></RmtInf><RltdDts><TxDtTm>2018-09-07T11:10:17</TxDtTm></RltdDts><AddtlTxInf>0000000135022653015020180907826200000</AddtlTxInf></TxDtls><AddtlNtryInf>COMPLETE//0000//001//CREDIT</AddtlNtryInf></Ntry><Ntry><Amt Ccy="GBP">5.00</Amt><CdtDbtInd>CRDT</CdtDbtInd><Sts>BOOK</Sts><BookgDt><Dt>2018-09-07</Dt></BookgDt><BkTxCd><Prtry><Cd>DCA UKBA CR 40269</Cd></Prtry></BkTxCd><TxDtls><Refs><EndToEndId>NOREF</EndToEndId><TxId>000000013502345601</TxId><Prtry><Tp>STO REF</Tp><Ref>0000</Ref></Prtry></Refs><RltdPties><Dbtr><Nm>23630700840514</Nm></Dbtr><DbtrAcct><Id><PrtryAcct><Id>20594243523659</Id></PrtryAcct></Id></DbtrAcct><Cdtr><Nm>KONATE</Nm></Cdtr><CdtrAcct><Id><PrtryAcct><Id>23008200053702</Id></PrtryAcct></Id></CdtrAcct><Prtry><Tp>CARD</Tp><Pty/></Prtry></RltdPties><RmtInf><Strd><AddtlRmtInf>NO REF</AddtlRmtInf></Strd><Strd><AddtlRmtInf>23630700840514//CARD</AddtlRmtInf></Strd></RmtInf><RltdDts><TxDtTm>2018-09-07T11:16:56</TxDtTm></RltdDts><AddtlTxInf>0000000135023456015020180907826205942</AddtlTxInf></TxDtls><AddtlNtryInf>COMPLETE//0000//001//CREDIT</AddtlNtryInf></Ntry><Ntry><Amt Ccy="GBP">20.00</Amt><CdtDbtInd>CRDT</CdtDbtInd><Sts>BOOK</Sts><BookgDt><Dt>2018-09-07</Dt></BookgDt><BkTxCd><Prtry><Cd>SIP UKBA CR 40269</Cd></Prtry></BkTxCd><TxDtls><Refs><EndToEndId>NOREF</EndToEndId><TxId>180907112021190363</TxId></Refs><RltdPties><Dbtr><Nm>Olasubomi Yoosuf</Nm></Dbtr><DbtrAcct><Id><PrtryAcct><Id>77850938723260</Id></PrtryAcct></Id></DbtrAcct><Cdtr><Nm>O Yoosuf A. motors</Nm></Cdtr><CdtrAcct><Id><PrtryAcct><Id>23008200224074</Id></PrtryAcct></Id></CdtrAcct><Prtry><Tp>Mr Ayoola</Tp><Pty/></Prtry></RltdPties><RmtInf><Strd><AddtlRmtInf>NO REF</AddtlRmtInf></Strd><Strd><AddtlRmtInf>Olasubomi Yoosuf//Mr Ayoola</AddtlRmtInf></Strd></RmtInf><RltdDts><TxDtTm>2018-09-07T11:20:18</TxDtTm></RltdDts><AddtlTxInf>1809071120211903631020180907826778509</AddtlTxInf></TxDtls><AddtlNtryInf>COMPLETE//0000//001//CREDIT</AddtlNtryInf></Ntry><Ntry><Amt Ccy="GBP">2500.00</Amt><CdtDbtInd>CRDT</CdtDbtInd><Sts>BOOK</Sts><BookgDt><Dt>2018-09-07</Dt></BookgDt><BkTxCd><Prtry><Cd>SIP UKBA CR 40269</Cd></Prtry></BkTxCd><TxDtls><Refs><EndToEndId>NOREF</EndToEndId><TxId>RP4679960834274300</TxId></Refs><RltdPties><Dbtr><Nm>TRADE QUEEN T/AS</Nm></Dbtr><DbtrAcct><Id><PrtryAcct><Id>20415013976432</Id></PrtryAcct></Id></DbtrAcct><Cdtr><Nm>MARTIN DEEN</Nm></Cdtr><CdtrAcct><Id><PrtryAcct><Id>23008200237869</Id></PrtryAcct></Id></CdtrAcct><Prtry><Tp>MARTIN DEEN ARROW</Tp><Pty/></Prtry></RltdPties><RmtInf><Strd><AddtlRmtInf>NO REF</AddtlRmtInf></Strd><Strd><AddtlRmtInf>TRADE QUEEN T/AS//MARTIN DEEN ARROW</AddtlRmtInf></Strd></RmtInf><RltdDts><TxDtTm>2018-09-07T11:20:25</TxDtTm></RltdDts><AddtlTxInf>RP46799608342743001020180907826200026</AddtlTxInf></TxDtls><AddtlNtryInf>COMPLETE//0000//001//CREDIT</AddtlNtryInf></Ntry><Ntry><Amt Ccy="GBP">85.00</Amt><CdtDbtInd>CRDT</CdtDbtInd><Sts>BOOK</Sts><BookgDt><Dt>2018-09-07</Dt></BookgDt><BkTxCd><Prtry><Cd>SIP UKBA CR 40269</Cd></Prtry></BkTxCd><TxDtls><Refs><EndToEndId>NOREF</EndToEndId><TxId>600000000386543194</TxId></Refs><RltdPties><DbtrAcct><Id><PrtryAcct><Id>11133600017588</Id></PrtryAcct></Id></DbtrAcct><CdtrAcct><Id><PrtryAcct><Id>23008200368493</Id></PrtryAcct></Id></CdtrAcct><Prtry><Tp>ASEA Motor</Tp><Pty/></Prtry></RltdPties><RmtInf><Strd><AddtlRmtInf>NO REF</AddtlRmtInf></Strd><Strd><AddtlRmtInf>111336 00017588//ASEA Motor</AddtlRmtInf></Strd></RmtInf><RltdDts><TxDtTm>2018-09-07T11:22:04</TxDtTm></RltdDts><AddtlTxInf>6000000003865431941020180907826111336</AddtlTxInf></TxDtls><AddtlNtryInf>COMPLETE//0000//001//CREDIT</AddtlNtryInf></Ntry><Ntry><Amt Ccy="GBP">700.00</Amt><CdtDbtInd>CRDT</CdtDbtInd><Sts>BOOK</Sts><BookgDt><Dt>2018-09-07</Dt></BookgDt><BkTxCd><Prtry><Cd>DCA UKBA CR 40269</Cd></Prtry></BkTxCd><TxDtls><Refs><EndToEndId>NOREF</EndToEndId><TxId>000000013502448501</TxId><Prtry><Tp>STO REF</Tp><Ref>6607</Ref></Prtry></Refs><RltdPties><Dbtr><Nm>M WATEGHA</Nm></Dbtr><DbtrAcct><Id><PrtryAcct><Id>20035373152596</Id></PrtryAcct></Id></DbtrAcct><Cdtr><Nm>ATTIA WATEGHA</Nm></Cdtr><CdtrAcct><Id><PrtryAcct><Id>23008200313567</Id></PrtryAcct></Id></CdtrAcct><Prtry><Tp>FROM MBEIKEI ARMEL</Tp><Pty/></Prtry></RltdPties><RmtInf><Strd><AddtlRmtInf>NO REF</AddtlRmtInf></Strd><Strd><AddtlRmtInf>M WATEGHA//FROM MBEIKEI ARMEL</AddtlRmtInf></Strd></RmtInf><RltdDts><TxDtTm>2018-09-07T11:22:15</TxDtTm></RltdDts><AddtlTxInf>0000000135024485015020180907826200353</AddtlTxInf></TxDtls><AddtlNtryInf>COMPLETE//0000//001//CREDIT</AddtlNtryInf></Ntry><Ntry><Amt Ccy="GBP">50.00</Amt><CdtDbtInd>CRDT</CdtDbtInd><Sts>BOOK</Sts><BookgDt><Dt>2018-09-07</Dt></BookgDt><BkTxCd><Prtry><Cd>SIP UKBA CR 40269</Cd></Prtry></BkTxCd><TxDtls><Refs><EndToEndId>NOREF</EndToEndId><TxId>500000000386826014</TxId></Refs><RltdPties><Dbtr><Nm>L Wiggan</Nm></Dbtr><DbtrAcct><Id><PrtryAcct><Id>11086301717718</Id></PrtryAcct></Id></DbtrAcct><Cdtr><Nm>LORNAWIGGAN</Nm></Cdtr><CdtrAcct><Id><PrtryAcct><Id>23008200133361</Id></PrtryAcct></Id></CdtrAcct><Prtry><Tp>HOLIDAY SPENDS</Tp><Pty/></Prtry></RltdPties><RmtInf><Strd><AddtlRmtInf>NO REF</AddtlRmtInf></Strd><Strd><AddtlRmtInf>L Wiggan//HOLIDAY SPENDS</AddtlRmtInf></Strd></RmtInf><RltdDts><TxDtTm>2018-09-07T11:24:17</TxDtTm></RltdDts><AddtlTxInf>5000000003868260141020180907826110863</AddtlTxInf></TxDtls><AddtlNtryInf>COMPLETE//0000//001//CREDIT</AddtlNtryInf></Ntry><Ntry><Amt Ccy="GBP">208.00</Amt><CdtDbtInd>CRDT</CdtDbtInd><Sts>BOOK</Sts><BookgDt><Dt>2018-09-07</Dt></BookgDt><BkTxCd><Prtry><Cd>SIP UKBA CR 40269</Cd></Prtry></BkTxCd><TxDtls><Refs><EndToEndId>00151347632BBDYCCH</EndToEndId><TxId>00151347632BBDYCCH</TxId></Refs><RltdPties><Dbtr><Nm>VIVIAN ADEOYE</Nm></Dbtr><DbtrAcct><Id><PrtryAcct><Id>09012806859168</Id></PrtryAcct></Id></DbtrAcct><Cdtr><Nm>PENDULUM CONCEPT</Nm></Cdtr><CdtrAcct><Id><PrtryAcct><Id>23008200037349</Id></PrtryAcct></Id></CdtrAcct><Prtry><Tp>Ta</Tp><Pty/></Prtry></RltdPties><RmtInf><Strd><AddtlRmtInf>NO REF</AddtlRmtInf></Strd><Strd><AddtlRmtInf>VIVIAN ADEOYE//Ta</AddtlRmtInf></Strd></RmtInf><RltdDts><TxDtTm>2018-09-07T11:26:50</TxDtTm></RltdDts><AddtlTxInf>00151347632BBDYCCH1020180907826090128</AddtlTxInf></TxDtls><AddtlNtryInf>COMPLETE//0000//001//CREDIT</AddtlNtryInf></Ntry></Ntfctn></BkToCstmrDbtCdtNtfctnV01></Document>