<?xml version="1.0" encoding="UTF-8"?><Document xmlns:xsi="http://www.w3.org/2001/XMLSchema-instance" xmlns="urn:iso:std:iso:20022:tech:xsd:camt.054.001.01"><BkToCstmrDbtCdtNtfctnV01><GrpHdr><MsgId>80309K//12801</MsgId><CreDtTm>2018-09-13T15:30:00</CreDtTm></GrpHdr><Ntfctn><Id>80309K//12801//1</Id><CreDtTm>2018-09-13T15:30:00</CreDtTm><Acct><Id><PrtryAcct><Id>20594233939774</Id></PrtryAcct></Id><Ccy>GBP</Ccy></Acct><TxsSummry><TtlNtries><NbOfNtries>12</NbOfNtries><Sum>12722.69</Sum></TtlNtries><TtlCdtNtries><NbOfNtries>9</NbOfNtries><Sum>3544.25</Sum></TtlCdtNtries><TtlDbtNtries><NbOfNtries>3</NbOfNtries><Sum>9178.44</Sum></TtlDbtNtries></TxsSummry><Ntry><Amt Ccy="GBP">6373.00</Amt><CdtDbtInd>DBIT</CdtDbtInd><Sts>BOOK</Sts><BookgDt><Dt>2018-09-13</Dt></BookgDt><BkTxCd><Prtry><Cd>AUT UKBA DR 30278</Cd></Prtry></BkTxCd><TxDtls><Refs><TxId>000000000336400600</TxId></Refs><RltdPties><DbtrAcct><Id><PrtryAcct><Id>20594233939774</Id></PrtryAcct></Id></DbtrAcct></RltdPties><RmtInf><Strd><AddtlRmtInf>NO REF</AddtlRmtInf></Strd><Strd><AddtlRmtInf>20180913A44639//7S      F1FQS83170</AddtlRmtInf></Strd></RmtInf><RltdDts><TxDtTm>2018-09-13T15:01:38</TxDtTm></RltdDts><AddtlTxInf>0000000003364006000020180913826205942</AddtlTxInf></TxDtls><AddtlNtryInf>AUTHSENT//0000//002//DEBIT</AddtlNtryInf></Ntry><Ntry><Amt Ccy="GBP">1800.00</Amt><CdtDbtInd>CRDT</CdtDbtInd><Sts>BOOK</Sts><BookgDt><Dt>2018-09-13</Dt></BookgDt><BkTxCd><Prtry><Cd>DCA UKBA CR 40269</Cd></Prtry></BkTxCd><TxDtls><Refs><EndToEndId>NOREF</EndToEndId><TxId>000000013558614501</TxId><Prtry><Tp>STO REF</Tp><Ref>0000</Ref></Prtry></Refs><RltdPties><Dbtr><Nm>23008200411849</Nm></Dbtr><DbtrAcct><Id><PrtryAcct><Id>20594233939774</Id></PrtryAcct></Id></DbtrAcct><Cdtr><Nm>HEIDER HASSAN</Nm></Cdtr><CdtrAcct><Id><PrtryAcct><Id>23008200413966</Id></PrtryAcct></Id></CdtrAcct></RltdPties><RmtInf><Strd><AddtlRmtInf>NO REF</AddtlRmtInf></Strd><Strd><AddtlRmtInf>23008200411849//</AddtlRmtInf></Strd></RmtInf><RltdDts><TxDtTm>2018-09-13T15:01:40</TxDtTm></RltdDts><AddtlTxInf>0000000135586145015020180913826205942</AddtlTxInf></TxDtls><AddtlNtryInf>COMPLETE//0000//002//CREDIT</AddtlNtryInf></Ntry><Ntry><Amt Ccy="GBP">1405.44</Amt><CdtDbtInd>DBIT</CdtDbtInd><Sts>BOOK</Sts><BookgDt><Dt>2018-09-13</Dt></BookgDt><BkTxCd><Prtry><Cd>AUT UKBA DR 30278</Cd></Prtry></BkTxCd><TxDtls><Refs><TxId>000000000336400900</TxId></Refs><RltdPties><DbtrAcct><Id><PrtryAcct><Id>20594233939774</Id></PrtryAcct></Id></DbtrAcct></RltdPties><RmtInf><Strd><AddtlRmtInf>NO REF</AddtlRmtInf></Strd><Strd><AddtlRmtInf>20180913A44639//7S      F1FP25O168</AddtlRmtInf></Strd></RmtInf><RltdDts><TxDtTm>2018-09-13T15:01:48</TxDtTm></RltdDts><AddtlTxInf>0000000003364009000020180913826205942</AddtlTxInf></TxDtls><AddtlNtryInf>AUTHSENT//0000//002//DEBIT</AddtlNtryInf></Ntry><Ntry><Amt Ccy="GBP">1400.00</Amt><CdtDbtInd>DBIT</CdtDbtInd><Sts>BOOK</Sts><BookgDt><Dt>2018-09-13</Dt></BookgDt><BkTxCd><Prtry><Cd>AUT UKBA DR 30278</Cd></Prtry></BkTxCd><TxDtls><Refs><TxId>000000000336401100</TxId></Refs><RltdPties><DbtrAcct><Id><PrtryAcct><Id>20594233939774</Id></PrtryAcct></Id></DbtrAcct></RltdPties><RmtInf><Strd><AddtlRmtInf>NO REF</AddtlRmtInf></Strd><Strd><AddtlRmtInf>20180913A44639//7S      F1FP1J7166</AddtlRmtInf></Strd></RmtInf><RltdDts><TxDtTm>2018-09-13T15:01:58</TxDtTm></RltdDts><AddtlTxInf>0000000003364011000020180913826205942</AddtlTxInf></TxDtls><AddtlNtryInf>AUTHSENT//0000//002//DEBIT</AddtlNtryInf></Ntry><Ntry><Amt Ccy="GBP">119.00</Amt><CdtDbtInd>CRDT</CdtDbtInd><Sts>BOOK</Sts><BookgDt><Dt>2018-09-13</Dt></BookgDt><BkTxCd><Prtry><Cd>SIP UKBA CR 40269</Cd></Prtry></BkTxCd><TxDtls><Refs><EndToEndId>00153425632BVZMFPJ</EndToEndId><TxId>00153425632BVZMFPJ</TxId></Refs><RltdPties><Dbtr><Nm>JOHNSON ADEBAYO</Nm></Dbtr><DbtrAcct><Id><PrtryAcct><Id>09012904500872</Id></PrtryAcct></Id></DbtrAcct><Cdtr><Nm>TANNES SOLUTIONS</Nm></Cdtr><CdtrAcct><Id><PrtryAcct><Id>23008200220991</Id></PrtryAcct></Id></CdtrAcct><Prtry><Tp>Johnson Adebayo</Tp><Pty/></Prtry></RltdPties><RmtInf><Strd><AddtlRmtInf>NO REF</AddtlRmtInf></Strd><Strd><AddtlRmtInf>JOHNSON ADEBAYO//Johnson Adebayo</AddtlRmtInf></Strd></RmtInf><RltdDts><TxDtTm>2018-09-13T15:11:54</TxDtTm></RltdDts><AddtlTxInf>00153425632BVZMFPJ1020180913826090129</AddtlTxInf></TxDtls><AddtlNtryInf>COMPLETE//0000//002//CREDIT</AddtlNtryInf></Ntry><Ntry><Amt Ccy="GBP">120.00</Amt><CdtDbtInd>CRDT</CdtDbtInd><Sts>BOOK</Sts><BookgDt><Dt>2018-09-13</Dt></BookgDt><BkTxCd><Prtry><Cd>DCA UKBA CR 40269</Cd></Prtry></BkTxCd><TxDtls><Refs><EndToEndId>NOREF</EndToEndId><TxId>000000013558758201</TxId><Prtry><Tp>STO REF</Tp><Ref>0000</Ref></Prtry></Refs><RltdPties><Dbtr><Nm>23630701634405</Nm></Dbtr><DbtrAcct><Id><PrtryAcct><Id>20594243523659</Id></PrtryAcct></Id></DbtrAcct><Cdtr><Nm>ALI KAMRAN</Nm></Cdtr><CdtrAcct><Id><PrtryAcct><Id>23008200386714</Id></PrtryAcct></Id></CdtrAcct><Prtry><Tp>ALI</Tp><Pty/></Prtry></RltdPties><RmtInf><Strd><AddtlRmtInf>NO REF</AddtlRmtInf></Strd><Strd><AddtlRmtInf>23630701634405//ALI</AddtlRmtInf></Strd></RmtInf><RltdDts><TxDtTm>2018-09-13T15:16:51</TxDtTm></RltdDts><AddtlTxInf>0000000135587582015020180913826205942</AddtlTxInf></TxDtls><AddtlNtryInf>COMPLETE//0000//002//CREDIT</AddtlNtryInf></Ntry><Ntry><Amt Ccy="GBP">43.50</Amt><CdtDbtInd>CRDT</CdtDbtInd><Sts>BOOK</Sts><BookgDt><Dt>2018-09-13</Dt></BookgDt><BkTxCd><Prtry><Cd>SIP UKBA CR 40269</Cd></Prtry></BkTxCd><TxDtls><Refs><EndToEndId>NOREF</EndToEndId><TxId>600000000388116917</TxId></Refs><RltdPties><Dbtr><Nm>S Esievo- Kpohraro</Nm></Dbtr><DbtrAcct><Id><PrtryAcct><Id>30928914126668</Id></PrtryAcct></Id></DbtrAcct><Cdtr><Nm>STARGATE LIMITED</Nm></Cdtr><CdtrAcct><Id><PrtryAcct><Id>23008200031948</Id></PrtryAcct></Id></CdtrAcct><Prtry><Tp>DHL CARGO</Tp><Pty/></Prtry></RltdPties><RmtInf><Strd><AddtlRmtInf>NO REF</AddtlRmtInf></Strd><Strd><AddtlRmtInf>S Esievo- Kpohraro//DHL CARGO</AddtlRmtInf></Strd></RmtInf><RltdDts><TxDtTm>2018-09-13T15:16:56</TxDtTm></RltdDts><AddtlTxInf>6000000003881169171020180913826309289</AddtlTxInf></TxDtls><AddtlNtryInf>COMPLETE//0000//002//CREDIT</AddtlNtryInf></Ntry><Ntry><Amt Ccy="GBP">60.00</Amt><CdtDbtInd>CRDT</CdtDbtInd><Sts>BOOK</Sts><BookgDt><Dt>2018-09-13</Dt></BookgDt><BkTxCd><Prtry><Cd>SIP UKBA CR 40269</Cd></Prtry></BkTxCd><TxDtls><Refs><EndToEndId>BOARD</EndToEndId><TxId>57152026168216000N</TxId><Prtry><Tp>STO REF</Tp><Ref>0000</Ref></Prtry></Refs><RltdPties><Dbtr><Nm>RYAN R</Nm></Dbtr><DbtrAcct><Id><PrtryAcct><Id>60094781490968</Id></PrtryAcct></Id></DbtrAcct><Cdtr><Nm>JACKIE</Nm></Cdtr><CdtrAcct><Id><PrtryAcct><Id>23008200297448</Id></PrtryAcct></Id></CdtrAcct><Prtry><Tp>BOARD</Tp><Pty/></Prtry></RltdPties><RmtInf><Strd><AddtlRmtInf>RYAN R            BOARD             VIA MOBILE - LVP</AddtlRmtInf></Strd><Strd><AddtlRmtInf>RYAN R//BOARD</AddtlRmtInf></Strd></RmtInf><RltdDts><TxDtTm>2018-09-13T15:20:26</TxDtTm></RltdDts><AddtlTxInf>57152026168216000N1020180913826600947</AddtlTxInf></TxDtls><AddtlNtryInf>COMPLETE//0000//002//CREDIT</AddtlNtryInf></Ntry><Ntry><Amt Ccy="GBP">468.75</Amt><CdtDbtInd>CRDT</CdtDbtInd><Sts>BOOK</Sts><BookgDt><Dt>2018-09-13</Dt></BookgDt><BkTxCd><Prtry><Cd>SIP UKBA CR 40269</Cd></Prtry></BkTxCd><TxDtls><Refs><EndToEndId>NOREF</EndToEndId><TxId>600000000388118074</TxId></Refs><RltdPties><Dbtr><Nm>NETWORK VENTURES L</Nm></Dbtr><DbtrAcct><Id><PrtryAcct><Id>30000300496020</Id></PrtryAcct></Id></DbtrAcct><Cdtr><Nm>Jerrydan Ltd</Nm></Cdtr><CdtrAcct><Id><PrtryAcct><Id>23008200224032</Id></PrtryAcct></Id></CdtrAcct><Prtry><Tp>Makoli</Tp><Pty/></Prtry></RltdPties><RmtInf><Strd><AddtlRmtInf>NO REF</AddtlRmtInf></Strd><Strd><AddtlRmtInf>NETWORK VENTURES L//Makoli</AddtlRmtInf></Strd></RmtInf><RltdDts><TxDtTm>2018-09-13T15:21:44</TxDtTm></RltdDts><AddtlTxInf>6000000003881180741020180913826300003</AddtlTxInf></TxDtls><AddtlNtryInf>COMPLETE//0000//002//CREDIT</AddtlNtryInf></Ntry><Ntry><Amt Ccy="GBP">30.00</Amt><CdtDbtInd>CRDT</CdtDbtInd><Sts>BOOK</Sts><BookgDt><Dt>2018-09-13</Dt></BookgDt><BkTxCd><Prtry><Cd>SIP UKBA CR 40269</Cd></Prtry></BkTxCd><TxDtls><Refs><EndToEndId>NOREF</EndToEndId><TxId>200000000386736744</TxId></Refs><RltdPties><Dbtr><Nm>C Axon</Nm></Dbtr><DbtrAcct><Id><PrtryAcct><Id>11086600502720</Id></PrtryAcct></Id></DbtrAcct><Cdtr><Nm>Mike Dutton</Nm></Cdtr><CdtrAcct><Id><PrtryAcct><Id>23008200421264</Id></PrtryAcct></Id></CdtrAcct><Prtry><Tp>Mum</Tp><Pty/></Prtry></RltdPties><RmtInf><Strd><AddtlRmtInf>NO REF</AddtlRmtInf></Strd><Strd><AddtlRmtInf>C Axon//Mum</AddtlRmtInf></Strd></RmtInf><RltdDts><TxDtTm>2018-09-13T15:23:19</TxDtTm></RltdDts><AddtlTxInf>2000000003867367441020180913826110866</AddtlTxInf></TxDtls><AddtlNtryInf>COMPLETE//0000//002//CREDIT</AddtlNtryInf></Ntry><Ntry><Amt Ccy="GBP">900.00</Amt><CdtDbtInd>CRDT</CdtDbtInd><Sts>BOOK</Sts><BookgDt><Dt>2018-09-13</Dt></BookgDt><BkTxCd><Prtry><Cd>SIP UKBA CR 40269</Cd></Prtry></BkTxCd><TxDtls><Refs><EndToEndId>R SALMON RENT 900</EndToEndId><TxId>41152527717931000N</TxId><Prtry><Tp>STO REF</Tp><Ref>0000</Ref></Prtry></Refs><RltdPties><Dbtr><Nm>SALMON R</Nm></Dbtr><DbtrAcct><Id><PrtryAcct><Id>55502891119383</Id></PrtryAcct></Id></DbtrAcct><Cdtr><Nm>JULIE TAYLOR</Nm></Cdtr><CdtrAcct><Id><PrtryAcct><Id>23008200434538</Id></PrtryAcct></Id></CdtrAcct><Prtry><Tp>R SALMON RENT 900</Tp><Pty/></Prtry></RltdPties><RmtInf><Strd><AddtlRmtInf>SALMON R          R SALMON RENT 900 VIA ONLINE - PYMT</AddtlRmtInf></Strd><Strd><AddtlRmtInf>SALMON R//R SALMON RENT 900</AddtlRmtInf></Strd></RmtInf><RltdDts><TxDtTm>2018-09-13T15:25:28</TxDtTm></RltdDts><AddtlTxInf>41152527717931000N1020180913826555028</AddtlTxInf></TxDtls><AddtlNtryInf>COMPLETE//0000//002//CREDIT</AddtlNtryInf></Ntry><Ntry><Amt Ccy="GBP">3.00</Amt><CdtDbtInd>CRDT</CdtDbtInd><Sts>BOOK</Sts><BookgDt><Dt>2018-09-13</Dt></BookgDt><BkTxCd><Prtry><Cd>SIP UKBA CR 40269</Cd></Prtry></BkTxCd><TxDtls><Refs><EndToEndId>000000FT18256V777Y</EndToEndId><TxId>000000FT18256V777Y</TxId></Refs><RltdPties><Dbtr><Nm>DUMITRU LUCIAN HRAB</Nm><PstlAdr><AdrLine>6A GRAINGER ROAD;ESSEX</AdrLine><Ctry/></PstlAdr></Dbtr><DbtrAcct><Id><PrtryAcct><Id>23058014066721</Id></PrtryAcct></Id></DbtrAcct><Cdtr><Nm>m m dumitrescu</Nm><PstlAdr><AdrLine>WIRECARD;WIRECARD CARD SOLUTIONS</AdrLine><Ctry/></PstlAdr></Cdtr><CdtrAcct><Id><PrtryAcct><Id>23008200403943</Id></PrtryAcct></Id></CdtrAcct><Prtry><Tp>inv</Tp><Pty/></Prtry></RltdPties><RmtInf><Strd><AddtlRmtInf>NO REF</AddtlRmtInf></Strd><Strd><AddtlRmtInf>DUMITRU LUCIAN HRA//inv</AddtlRmtInf></Strd></RmtInf><RltdDts><TxDtTm>2018-09-13T15:29:25</TxDtTm></RltdDts><AddtlTxInf>000000FT18256V777Y1020180913826230580</AddtlTxInf></TxDtls><AddtlNtryInf>COMPLETE//0000//002//CREDIT</AddtlNtryInf></Ntry></Ntfctn></BkToCstmrDbtCdtNtfctnV01></Document>