<?xml version="1.0" encoding="UTF-8"?><Document xmlns:xsi="http://www.w3.org/2001/XMLSchema-instance" xmlns="urn:iso:std:iso:20022:tech:xsd:camt.054.001.01"><BkToCstmrDbtCdtNtfctnV01><GrpHdr><MsgId>80309K//12586</MsgId><CreDtTm>2018-09-08T12:00:00</CreDtTm></GrpHdr><Ntfctn><Id>80309K//12586//1</Id><CreDtTm>2018-09-08T12:00:00</CreDtTm><Acct><Id><PrtryAcct><Id>20594233939774</Id></PrtryAcct></Id><Ccy>GBP</Ccy></Acct><TxsSummry><TtlNtries><NbOfNtries>4</NbOfNtries><Sum>506.00</Sum></TtlNtries><TtlCdtNtries><NbOfNtries>4</NbOfNtries><Sum>506.00</Sum></TtlCdtNtries><TtlDbtNtries><NbOfNtries>0</NbOfNtries><Sum>0.00</Sum></TtlDbtNtries></TxsSummry><Ntry><Amt Ccy="GBP">6.00</Amt><CdtDbtInd>CRDT</CdtDbtInd><Sts>BOOK</Sts><BookgDt><Dt>2018-09-10</Dt></BookgDt><BkTxCd><Prtry><Cd>SIP UKBA CR 40269</Cd></Prtry></BkTxCd><TxDtls><Refs><EndToEndId>BILL</EndToEndId><TxId>17113512409096000N</TxId><Prtry><Tp>STO REF</Tp><Ref>0000</Ref></Prtry></Refs><RltdPties><Dbtr><Nm>BALAZOVA L</Nm></Dbtr><DbtrAcct><Id><PrtryAcct><Id>60021762779966</Id></PrtryAcct></Id></DbtrAcct><Cdtr><Nm>D BALAZ</Nm></Cdtr><CdtrAcct><Id><PrtryAcct><Id>23008200199264</Id></PrtryAcct></Id></CdtrAcct><Prtry><Tp>BILL</Tp><Pty/></Prtry></RltdPties><RmtInf><Strd><AddtlRmtInf>BALAZOVA L        BILL              VIA MOBILE - LVP</AddtlRmtInf></Strd><Strd><AddtlRmtInf>BALAZOVA L//BILL</AddtlRmtInf></Strd></RmtInf><RltdDts><TxDtTm>2018-09-08T11:35:12</TxDtTm></RltdDts><AddtlTxInf>17113512409096000N1020180908826600217</AddtlTxInf></TxDtls><AddtlNtryInf>COMPLETE//0000//003//CREDIT</AddtlNtryInf></Ntry><Ntry><Amt Ccy="GBP">20.00</Amt><CdtDbtInd>CRDT</CdtDbtInd><Sts>BOOK</Sts><BookgDt><Dt>2018-09-10</Dt></BookgDt><BkTxCd><Prtry><Cd>SIP UKBA CR 40269</Cd></Prtry></BkTxCd><TxDtls><Refs><EndToEndId>00151233632BBHMKWD</EndToEndId><TxId>00151233632BBHMKWD</TxId></Refs><RltdPties><Dbtr><Nm>RUKAYAT OLAIFA</Nm></Dbtr><DbtrAcct><Id><PrtryAcct><Id>09012693417807</Id></PrtryAcct></Id></DbtrAcct><Cdtr><Nm>Kalid</Nm></Cdtr><CdtrAcct><Id><PrtryAcct><Id>23008200383860</Id></PrtryAcct></Id></CdtrAcct><Prtry><Tp>One off</Tp><Pty/></Prtry></RltdPties><RmtInf><Strd><AddtlRmtInf>NO REF</AddtlRmtInf></Strd><Strd><AddtlRmtInf>RUKAYAT OLAIFA//One off</AddtlRmtInf></Strd></RmtInf><RltdDts><TxDtTm>2018-09-08T11:45:03</TxDtTm></RltdDts><AddtlTxInf>00151233632BBHMKWD1020180908826090126</AddtlTxInf></TxDtls><AddtlNtryInf>COMPLETE//0000//003//CREDIT</AddtlNtryInf></Ntry><Ntry><Amt Ccy="GBP">100.00</Amt><CdtDbtInd>CRDT</CdtDbtInd><Sts>BOOK</Sts><BookgDt><Dt>2018-09-10</Dt></BookgDt><BkTxCd><Prtry><Cd>SIP UKBA CR 40269</Cd></Prtry></BkTxCd><TxDtls><Refs><EndToEndId>NOREF</EndToEndId><TxId>300000000390737318</TxId></Refs><RltdPties><Dbtr><Nm>V Omirinde</Nm></Dbtr><DbtrAcct><Id><PrtryAcct><Id>11059111851464</Id></PrtryAcct></Id></DbtrAcct><Cdtr><Nm>SULID EDGE TEXTILE</Nm></Cdtr><CdtrAcct><Id><PrtryAcct><Id>23008200043083</Id></PrtryAcct></Id></CdtrAcct><Prtry><Tp>SALES OF BAG</Tp><Pty/></Prtry></RltdPties><RmtInf><Strd><AddtlRmtInf>NO REF</AddtlRmtInf></Strd><Strd><AddtlRmtInf>V Omirinde//SALES OF BAG</AddtlRmtInf></Strd></RmtInf><RltdDts><TxDtTm>2018-09-08T11:58:42</TxDtTm></RltdDts><AddtlTxInf>3000000003907373181020180908826110591</AddtlTxInf></TxDtls><AddtlNtryInf>COMPLETE//0000//003//CREDIT</AddtlNtryInf></Ntry><Ntry><Amt Ccy="GBP">380.00</Amt><CdtDbtInd>CRDT</CdtDbtInd><Sts>BOOK</Sts><BookgDt><Dt>2018-09-10</Dt></BookgDt><BkTxCd><Prtry><Cd>SIP UKBA CR 40269</Cd></Prtry></BkTxCd><TxDtls><Refs><EndToEndId>NOREF</EndToEndId><TxId>RP4659984132993000</TxId></Refs><RltdPties><Dbtr><Nm>KINGSPARK L T/AS</Nm></Dbtr><DbtrAcct><Id><PrtryAcct><Id>20339620139939</Id></PrtryAcct></Id></DbtrAcct><Cdtr><Nm>JAMIR MCINTEE</Nm></Cdtr><CdtrAcct><Id><PrtryAcct><Id>23008200414391</Id></PrtryAcct></Id></CdtrAcct><Prtry><Tp>ALARM FITTING</Tp><Pty/></Prtry></RltdPties><RmtInf><Strd><AddtlRmtInf>NO REF</AddtlRmtInf></Strd><Strd><AddtlRmtInf>KINGSPARK L T/AS//ALARM FITTING</AddtlRmtInf></Strd></RmtInf><RltdDts><TxDtTm>2018-09-08T11:58:47</TxDtTm></RltdDts><AddtlTxInf>RP46599841329930001020180908826200026</AddtlTxInf></TxDtls><AddtlNtryInf>COMPLETE//0000//003//CREDIT</AddtlNtryInf></Ntry></Ntfctn></BkToCstmrDbtCdtNtfctnV01></Document>