<?xml version="1.0" encoding="UTF-8"?><Document xmlns:xsi="http://www.w3.org/2001/XMLSchema-instance" xmlns="urn:iso:std:iso:20022:tech:xsd:camt.054.001.01"><BkToCstmrDbtCdtNtfctnV01><GrpHdr><MsgId>80309K//12458</MsgId><CreDtTm>2018-09-05T16:30:00</CreDtTm></GrpHdr><Ntfctn><Id>80309K//12458//1</Id><CreDtTm>2018-09-05T16:30:00</CreDtTm><Acct><Id><PrtryAcct><Id>20594233939774</Id></PrtryAcct></Id><Ccy>GBP</Ccy></Acct><TxsSummry><TtlNtries><NbOfNtries>3</NbOfNtries><Sum>3172.00</Sum></TtlNtries><TtlCdtNtries><NbOfNtries>3</NbOfNtries><Sum>3172.00</Sum></TtlCdtNtries><TtlDbtNtries><NbOfNtries>0</NbOfNtries><Sum>0.00</Sum></TtlDbtNtries></TxsSummry><Ntry><Amt Ccy="GBP">2550.00</Amt><CdtDbtInd>CRDT</CdtDbtInd><Sts>BOOK</Sts><BookgDt><Dt>2018-09-05</Dt></BookgDt><BkTxCd><Prtry><Cd>SIP UKBA CR 40269</Cd></Prtry></BkTxCd><TxDtls><Refs><EndToEndId>NOREF</EndToEndId><TxId>YBBPI1608342014770</TxId></Refs><RltdPties><Dbtr><Nm>IULIAN NICULAE</Nm></Dbtr><DbtrAcct><Id><PrtryAcct><Id>05038749770580</Id></PrtryAcct></Id></DbtrAcct><Cdtr><Nm>phone</Nm></Cdtr><CdtrAcct><Id><PrtryAcct><Id>23008200036059</Id></PrtryAcct></Id></CdtrAcct><Prtry><Tp>bill</Tp><Pty/></Prtry></RltdPties><RmtInf><Strd><RfrdDocInf><RfrdDocTp><Prtry>002</Prtry></RfrdDocTp></RfrdDocInf><AddtlRmtInf>NO REF</AddtlRmtInf></Strd><Strd><AddtlRmtInf>IULIAN NICULAE//bill</AddtlRmtInf></Strd></RmtInf><RltdDts><TxDtTm>2018-09-05T16:08:35</TxDtTm></RltdDts><AddtlTxInf>YBBPI16083420147701020180905826050387</AddtlTxInf></TxDtls><AddtlNtryInf>COMPLETE//0000//002//CREDIT</AddtlNtryInf></Ntry><Ntry><Amt Ccy="GBP">467.00</Amt><CdtDbtInd>CRDT</CdtDbtInd><Sts>BOOK</Sts><BookgDt><Dt>2018-09-05</Dt></BookgDt><BkTxCd><Prtry><Cd>SIP UKBA CR 40269</Cd></Prtry></BkTxCd><TxDtls><Refs><EndToEndId>NOREF</EndToEndId><TxId>100000000384587299</TxId></Refs><RltdPties><Dbtr><Nm>EUI LTD - GEN</Nm></Dbtr><DbtrAcct><Id><PrtryAcct><Id>30000202100245</Id></PrtryAcct></Id></DbtrAcct><Cdtr><Nm>S MANTHANSUNDAR</Nm></Cdtr><CdtrAcct><Id><PrtryAcct><Id>23008200107789</Id></PrtryAcct></Id></CdtrAcct><Prtry><Tp>P55140211</Tp><Pty/></Prtry></RltdPties><RmtInf><Strd><AddtlRmtInf>NO REF</AddtlRmtInf></Strd><Strd><AddtlRmtInf>EUI LTD - GEN//P55140211</AddtlRmtInf></Strd></RmtInf><RltdDts><TxDtTm>2018-09-05T16:23:51</TxDtTm></RltdDts><AddtlTxInf>1000000003845872991020180905826300002</AddtlTxInf></TxDtls><AddtlNtryInf>COMPLETE//0000//002//CREDIT</AddtlNtryInf></Ntry><Ntry><Amt Ccy="GBP">155.00</Amt><CdtDbtInd>CRDT</CdtDbtInd><Sts>BOOK</Sts><BookgDt><Dt>2018-09-05</Dt></BookgDt><BkTxCd><Prtry><Cd>SIP UKBA CR 40269</Cd></Prtry></BkTxCd><TxDtls><Refs><EndToEndId>000000FT18248Q6PPZ</EndToEndId><TxId>000000FT18248Q6PPZ</TxId></Refs><RltdPties><Dbtr><Nm>TEJPAL THANJAL</Nm><PstlAdr><AdrLine>14;SLOUGH</AdrLine><Ctry/></PstlAdr></Dbtr><DbtrAcct><Id><PrtryAcct><Id>23058018829711</Id></PrtryAcct></Id></DbtrAcct><Cdtr><Nm>Ireland FX Arro</Nm><PstlAdr><AdrLine>NA</AdrLine><Ctry/></PstlAdr></Cdtr><CdtrAcct><Id><PrtryAcct><Id>23008200034051</Id></PrtryAcct></Id></CdtrAcct><Prtry><Tp>Arrow deposit</Tp><Pty/></Prtry></RltdPties><RmtInf><Strd><AddtlRmtInf>NO REF</AddtlRmtInf></Strd><Strd><AddtlRmtInf>TEJPAL THANJAL//Arrow deposit</AddtlRmtInf></Strd></RmtInf><RltdDts><TxDtTm>2018-09-05T16:27:22</TxDtTm></RltdDts><AddtlTxInf>000000FT18248Q6PPZ1020180905826230580</AddtlTxInf></TxDtls><AddtlNtryInf>COMPLETE//0000//002//CREDIT</AddtlNtryInf></Ntry></Ntfctn></BkToCstmrDbtCdtNtfctnV01></Document>