<?xml version="1.0" encoding="UTF-8"?><Document xmlns:xsi="http://www.w3.org/2001/XMLSchema-instance" xmlns="urn:iso:std:iso:20022:tech:xsd:camt.054.001.01"><BkToCstmrDbtCdtNtfctnV01><GrpHdr><MsgId>80309K//13115</MsgId><CreDtTm>2018-09-20T21:00:00</CreDtTm></GrpHdr><Ntfctn><Id>80309K//13115//1</Id><CreDtTm>2018-09-20T21:00:00</CreDtTm><Acct><Id><PrtryAcct><Id>20594233939774</Id></PrtryAcct></Id><Ccy>GBP</Ccy></Acct><TxsSummry><TtlNtries><NbOfNtries>5</NbOfNtries><Sum>175.00</Sum></TtlNtries><TtlCdtNtries><NbOfNtries>5</NbOfNtries><Sum>175.00</Sum></TtlCdtNtries><TtlDbtNtries><NbOfNtries>0</NbOfNtries><Sum>0.00</Sum></TtlDbtNtries></TxsSummry><Ntry><Amt Ccy="GBP">30.00</Amt><CdtDbtInd>CRDT</CdtDbtInd><Sts>BOOK</Sts><BookgDt><Dt>2018-09-21</Dt></BookgDt><BkTxCd><Prtry><Cd>SIP UKBA CR 40269</Cd></Prtry></BkTxCd><TxDtls><Refs><EndToEndId>PPWD00000000AOWPWE</EndToEndId><TxId>PPWD00000000AOWPWE</TxId></Refs><RltdPties><Dbtr><Nm>PayPal</Nm><PstlAdr><AdrLine>2211 N 1st Street San Jose CA 95131</AdrLine><Ctry/></PstlAdr></Dbtr><DbtrAcct><Id><PrtryAcct><Id>23526278959595</Id></PrtryAcct></Id></DbtrAcct><Cdtr><Nm>Mark Kamis</Nm><PstlAdr><AdrLine>41 Ingleside Crescent</AdrLine><Ctry/></PstlAdr></Cdtr><CdtrAcct><Id><PrtryAcct><Id>23008200455446</Id></PrtryAcct></Id></CdtrAcct><Prtry><Tp>PPWDL4GWJ2AL8VKNKN</Tp><Pty/></Prtry></RltdPties><RmtInf><Strd><RfrdDocInf><RfrdDocTp><Prtry>002</Prtry></RfrdDocTp></RfrdDocInf><AddtlRmtInf>NO REF</AddtlRmtInf></Strd><Strd><AddtlRmtInf>PayPal//PPWDL4GWJ2AL8VKNKN</AddtlRmtInf></Strd></RmtInf><RltdDts><TxDtTm>2018-09-20T20:31:13</TxDtTm></RltdDts><AddtlTxInf>PPWD00000000AOWPWE1020180920826235262</AddtlTxInf></TxDtls><AddtlNtryInf>COMPLETE//0000//003//CREDIT</AddtlNtryInf></Ntry><Ntry><Amt Ccy="GBP">100.00</Amt><CdtDbtInd>CRDT</CdtDbtInd><Sts>BOOK</Sts><BookgDt><Dt>2018-09-21</Dt></BookgDt><BkTxCd><Prtry><Cd>SIP UKBA CR 40269</Cd></Prtry></BkTxCd><TxDtls><Refs><EndToEndId>PPWD00000000AOWQWI</EndToEndId><TxId>PPWD00000000AOWQWI</TxId></Refs><RltdPties><Dbtr><Nm>PayPal</Nm><PstlAdr><AdrLine>2211 N 1st Street San Jose CA 95131</AdrLine><Ctry/></PstlAdr></Dbtr><DbtrAcct><Id><PrtryAcct><Id>23526278959595</Id></PrtryAcct></Id></DbtrAcct><Cdtr><Nm>Gilbert Curtis</Nm><PstlAdr><AdrLine>71 Frog End</AdrLine><Ctry/></PstlAdr></Cdtr><CdtrAcct><Id><PrtryAcct><Id>23008200454733</Id></PrtryAcct></Id></CdtrAcct><Prtry><Tp>PPWDL57622AL8VMRAA</Tp><Pty/></Prtry></RltdPties><RmtInf><Strd><RfrdDocInf><RfrdDocTp><Prtry>002</Prtry></RfrdDocTp></RfrdDocInf><AddtlRmtInf>NO REF</AddtlRmtInf></Strd><Strd><AddtlRmtInf>PayPal//PPWDL57622AL8VMRAA</AddtlRmtInf></Strd></RmtInf><RltdDts><TxDtTm>2018-09-20T20:34:20</TxDtTm></RltdDts><AddtlTxInf>PPWD00000000AOWQWI1020180920826235262</AddtlTxInf></TxDtls><AddtlNtryInf>COMPLETE//0000//003//CREDIT</AddtlNtryInf></Ntry><Ntry><Amt Ccy="GBP">25.00</Amt><CdtDbtInd>CRDT</CdtDbtInd><Sts>BOOK</Sts><BookgDt><Dt>2018-09-21</Dt></BookgDt><BkTxCd><Prtry><Cd>SIP UKBA CR 40269</Cd></Prtry></BkTxCd><TxDtls><Refs><EndToEndId>NOREF</EndToEndId><TxId>180920204534144751</TxId></Refs><RltdPties><Dbtr><Nm>Graham Fowden</Nm></Dbtr><DbtrAcct><Id><PrtryAcct><Id>77010423711868</Id></PrtryAcct></Id></DbtrAcct><Cdtr><Nm>land of inplay</Nm></Cdtr><CdtrAcct><Id><PrtryAcct><Id>23008200433862</Id></PrtryAcct></Id></CdtrAcct></RltdPties><RmtInf><Strd><AddtlRmtInf>NO REF</AddtlRmtInf></Strd><Strd><AddtlRmtInf>Graham Fowden//</AddtlRmtInf></Strd></RmtInf><RltdDts><TxDtTm>2018-09-20T20:45:31</TxDtTm></RltdDts><AddtlTxInf>1809202045341447511020180920826770104</AddtlTxInf></TxDtls><AddtlNtryInf>COMPLETE//0000//003//CREDIT</AddtlNtryInf></Ntry><Ntry><Amt Ccy="GBP">10.00</Amt><CdtDbtInd>CRDT</CdtDbtInd><Sts>BOOK</Sts><BookgDt><Dt>2018-09-21</Dt></BookgDt><BkTxCd><Prtry><Cd>SIP UKBA CR 40269</Cd></Prtry></BkTxCd><TxDtls><Refs><EndToEndId>NOREF</EndToEndId><TxId>200000000388763003</TxId></Refs><RltdPties><Dbtr><Nm>S Glew</Nm></Dbtr><DbtrAcct><Id><PrtryAcct><Id>11079800215623</Id></PrtryAcct></Id></DbtrAcct><Cdtr><Nm>MR S GLEW</Nm></Cdtr><CdtrAcct><Id><PrtryAcct><Id>23008200401146</Id></PrtryAcct></Id></CdtrAcct><Prtry><Tp>PAY NEW ACCOUNT</Tp><Pty/></Prtry></RltdPties><RmtInf><Strd><AddtlRmtInf>NO REF</AddtlRmtInf></Strd><Strd><AddtlRmtInf>S Glew//PAY NEW ACCOUNT</AddtlRmtInf></Strd></RmtInf><RltdDts><TxDtTm>2018-09-20T20:50:40</TxDtTm></RltdDts><AddtlTxInf>2000000003887630031020180920826110798</AddtlTxInf></TxDtls><AddtlNtryInf>COMPLETE//0000//003//CREDIT</AddtlNtryInf></Ntry><Ntry><Amt Ccy="GBP">10.00</Amt><CdtDbtInd>CRDT</CdtDbtInd><Sts>BOOK</Sts><BookgDt><Dt>2018-09-21</Dt></BookgDt><BkTxCd><Prtry><Cd>SIP UKBA CR 40269</Cd></Prtry></BkTxCd><TxDtls><Refs><EndToEndId>NOREF</EndToEndId><TxId>YBBPI2055572368581</TxId></Refs><RltdPties><Dbtr><Nm>KATIE HUDSON</Nm></Dbtr><DbtrAcct><Id><PrtryAcct><Id>05056242777350</Id></PrtryAcct></Id></DbtrAcct><Cdtr><Nm>Katie</Nm></Cdtr><CdtrAcct><Id><PrtryAcct><Id>23008200105889</Id></PrtryAcct></Id></CdtrAcct><Prtry><Tp>wale</Tp><Pty/></Prtry></RltdPties><RmtInf><Strd><RfrdDocInf><RfrdDocTp><Prtry>002</Prtry></RfrdDocTp></RfrdDocInf><AddtlRmtInf>NO REF</AddtlRmtInf></Strd><Strd><AddtlRmtInf>KATIE HUDSON//wale</AddtlRmtInf></Strd></RmtInf><RltdDts><TxDtTm>2018-09-20T20:55:58</TxDtTm></RltdDts><AddtlTxInf>YBBPI20555723685811020180920826050562</AddtlTxInf></TxDtls><AddtlNtryInf>COMPLETE//0000//003//CREDIT</AddtlNtryInf></Ntry></Ntfctn></BkToCstmrDbtCdtNtfctnV01></Document>