<?xml version="1.0" encoding="UTF-8"?><Document xmlns:xsi="http://www.w3.org/2001/XMLSchema-instance" xmlns="urn:iso:std:iso:20022:tech:xsd:camt.054.001.01"><BkToCstmrDbtCdtNtfctnV01><GrpHdr><MsgId>80309K//13017</MsgId><CreDtTm>2018-09-18T16:00:00</CreDtTm></GrpHdr><Ntfctn><Id>80309K//13017//1</Id><CreDtTm>2018-09-18T16:00:00</CreDtTm><Acct><Id><PrtryAcct><Id>20594233939774</Id></PrtryAcct></Id><Ccy>GBP</Ccy></Acct><TxsSummry><TtlNtries><NbOfNtries>13</NbOfNtries><Sum>430.95</Sum></TtlNtries><TtlCdtNtries><NbOfNtries>13</NbOfNtries><Sum>430.95</Sum></TtlCdtNtries><TtlDbtNtries><NbOfNtries>0</NbOfNtries><Sum>0.00</Sum></TtlDbtNtries></TxsSummry><Ntry><Amt Ccy="GBP">0.01</Amt><CdtDbtInd>CRDT</CdtDbtInd><Sts>BOOK</Sts><BookgDt><Dt>2018-09-18</Dt></BookgDt><BkTxCd><Prtry><Cd>SIP UKBA CR 40269</Cd></Prtry></BkTxCd><TxDtls><Refs><EndToEndId>PPRD00000000AOAHAM</EndToEndId><TxId>PPRD00000000AOAHAM</TxId></Refs><RltdPties><Dbtr><Nm>PAYPAL CODE 2417</Nm><PstlAdr><AdrLine>2211 N 1st Street San Jose CA 95131</AdrLine><Ctry/></PstlAdr></Dbtr><DbtrAcct><Id><PrtryAcct><Id>23526285010101</Id></PrtryAcct></Id></DbtrAcct><Cdtr><Nm>Daniel Lee</Nm><PstlAdr><AdrLine>112 Tetbury Drive</AdrLine><Ctry/></PstlAdr></Cdtr><CdtrAcct><Id><PrtryAcct><Id>23008200451760</Id></PrtryAcct></Id></CdtrAcct><Prtry><Tp>PAYPAL CODE 2417</Tp><Pty/></Prtry></RltdPties><RmtInf><Strd><RfrdDocInf><RfrdDocTp><Prtry>002</Prtry></RfrdDocTp></RfrdDocInf><AddtlRmtInf>NO REF</AddtlRmtInf></Strd><Strd><AddtlRmtInf>PAYPAL CODE 2417//PAYPAL CODE 2417</AddtlRmtInf></Strd></RmtInf><RltdDts><TxDtTm>2018-09-18T15:30:18</TxDtTm></RltdDts><AddtlTxInf>PPRD00000000AOAHAM1020180918826235262</AddtlTxInf></TxDtls><AddtlNtryInf>COMPLETE//0000//002//CREDIT</AddtlNtryInf></Ntry><Ntry><Amt Ccy="GBP">38.00</Amt><CdtDbtInd>CRDT</CdtDbtInd><Sts>BOOK</Sts><BookgDt><Dt>2018-09-18</Dt></BookgDt><BkTxCd><Prtry><Cd>SIP UKBA CR 40269</Cd></Prtry></BkTxCd><TxDtls><Refs><EndToEndId>NOREF</EndToEndId><TxId>100000000388128173</TxId></Refs><RltdPties><Dbtr><Nm>O Olaleye</Nm></Dbtr><DbtrAcct><Id><PrtryAcct><Id>77130527862868</Id></PrtryAcct></Id></DbtrAcct><Cdtr><Nm>MR ARTUR BANACH</Nm></Cdtr><CdtrAcct><Id><PrtryAcct><Id>23008200452116</Id></PrtryAcct></Id></CdtrAcct><Prtry><Tp>EE</Tp><Pty/></Prtry></RltdPties><RmtInf><Strd><AddtlRmtInf>NO REF</AddtlRmtInf></Strd><Strd><AddtlRmtInf>O Olaleye//EE</AddtlRmtInf></Strd></RmtInf><RltdDts><TxDtTm>2018-09-18T15:31:40</TxDtTm></RltdDts><AddtlTxInf>1000000003881281731020180918826771305</AddtlTxInf></TxDtls><AddtlNtryInf>COMPLETE//0000//002//CREDIT</AddtlNtryInf></Ntry><Ntry><Amt Ccy="GBP">100.00</Amt><CdtDbtInd>CRDT</CdtDbtInd><Sts>BOOK</Sts><BookgDt><Dt>2018-09-18</Dt></BookgDt><BkTxCd><Prtry><Cd>SIP UKBA CR 40269</Cd></Prtry></BkTxCd><TxDtls><Refs><EndToEndId>NOREF</EndToEndId><TxId>600000000389502321</TxId></Refs><RltdPties><Dbtr><Nm>R Rodz</Nm></Dbtr><DbtrAcct><Id><PrtryAcct><Id>30935032649460</Id></PrtryAcct></Id></DbtrAcct><Cdtr><Nm>DIGITAL MONSTER LT</Nm></Cdtr><CdtrAcct><Id><PrtryAcct><Id>23008200041167</Id></PrtryAcct></Id></CdtrAcct><Prtry><Tp>RODZ0</Tp><Pty/></Prtry></RltdPties><RmtInf><Strd><AddtlRmtInf>NO REF</AddtlRmtInf></Strd><Strd><AddtlRmtInf>R Rodz//RODZ0</AddtlRmtInf></Strd></RmtInf><RltdDts><TxDtTm>2018-09-18T15:35:39</TxDtTm></RltdDts><AddtlTxInf>6000000003895023211020180918826309350</AddtlTxInf></TxDtls><AddtlNtryInf>COMPLETE//0000//002//CREDIT</AddtlNtryInf></Ntry><Ntry><Amt Ccy="GBP">20.00</Amt><CdtDbtInd>CRDT</CdtDbtInd><Sts>BOOK</Sts><BookgDt><Dt>2018-09-18</Dt></BookgDt><BkTxCd><Prtry><Cd>SIP UKBA CR 40269</Cd></Prtry></BkTxCd><TxDtls><Refs><EndToEndId>SEX</EndToEndId><TxId>46153958922351000R</TxId><Prtry><Tp>STO REF</Tp><Ref>0000</Ref></Prtry></Refs><RltdPties><Dbtr><Nm>NELSON LB</Nm></Dbtr><DbtrAcct><Id><PrtryAcct><Id>83234400173640</Id></PrtryAcct></Id></DbtrAcct><Cdtr><Nm>JOHN BRENNAN</Nm></Cdtr><CdtrAcct><Id><PrtryAcct><Id>23008200215264</Id></PrtryAcct></Id></CdtrAcct><Prtry><Tp>SEX</Tp><Pty/></Prtry></RltdPties><RmtInf><Strd><AddtlRmtInf>NELSON LB         SEX               VIA MOBILE - LVP</AddtlRmtInf></Strd><Strd><AddtlRmtInf>NELSON LB//SEX</AddtlRmtInf></Strd></RmtInf><RltdDts><TxDtTm>2018-09-18T15:39:59</TxDtTm></RltdDts><AddtlTxInf>46153958922351000R1020180918826832344</AddtlTxInf></TxDtls><AddtlNtryInf>COMPLETE//0000//002//CREDIT</AddtlNtryInf></Ntry><Ntry><Amt Ccy="GBP">35.93</Amt><CdtDbtInd>CRDT</CdtDbtInd><Sts>BOOK</Sts><BookgDt><Dt>2018-09-18</Dt></BookgDt><BkTxCd><Prtry><Cd>SIP UKBA CR 40269</Cd></Prtry></BkTxCd><TxDtls><Refs><EndToEndId>NOREF</EndToEndId><TxId>81877625145196F8SW</TxId><Prtry><Tp>STO REF</Tp><Ref>0000</Ref></Prtry></Refs><RltdPties><Dbtr><Nm>SKRILL LIMITED</Nm><PstlAdr><AdrLine>LONDON</AdrLine><Ctry/></PstlAdr></Dbtr><DbtrAcct><Id><PrtryAcct><Id>40486563717002</Id></PrtryAcct></Id></DbtrAcct><Cdtr><Nm>DAVID DONKOR</Nm></Cdtr><CdtrAcct><Id><PrtryAcct><Id>23008200347384</Id></PrtryAcct></Id></CdtrAcct><Prtry><Tp>TRN2489640394</Tp><Pty/></Prtry></RltdPties><RmtInf><Strd><AddtlRmtInf>NO REF</AddtlRmtInf></Strd><Strd><AddtlRmtInf>SKRILL LIMITED//TRN2489640394</AddtlRmtInf></Strd></RmtInf><RltdDts><TxDtTm>2018-09-18T15:41:58</TxDtTm></RltdDts><AddtlTxInf>81877625145196F8SW1020180918826400530</AddtlTxInf></TxDtls><AddtlNtryInf>COMPLETE//0000//002//CREDIT</AddtlNtryInf></Ntry><Ntry><Amt Ccy="GBP">7.00</Amt><CdtDbtInd>CRDT</CdtDbtInd><Sts>BOOK</Sts><BookgDt><Dt>2018-09-18</Dt></BookgDt><BkTxCd><Prtry><Cd>SIP UKBA CR 40269</Cd></Prtry></BkTxCd><TxDtls><Refs><EndToEndId>000000FT18261TS7BB</EndToEndId><TxId>000000FT18261TS7BB</TxId></Refs><RltdPties><Dbtr><Nm>FATIMAH AJOKE QUADRI</Nm><PstlAdr><AdrLine>FLAT 2 DOWNS COURT, AMHURST ROAD;L;</AdrLine><AdrLine>ONDON</AdrLine><Ctry/></PstlAdr></Dbtr><DbtrAcct><Id><PrtryAcct><Id>23058022593943</Id></PrtryAcct></Id></DbtrAcct><Cdtr><Nm>Arro</Nm><PstlAdr><AdrLine>WIRECARD;WIRECARD CARD SOLUTIONS</AdrLine><Ctry/></PstlAdr></Cdtr><CdtrAcct><Id><PrtryAcct><Id>23008200092375</Id></PrtryAcct></Id></CdtrAcct><Prtry><Tp>Refund</Tp><Pty/></Prtry></RltdPties><RmtInf><Strd><AddtlRmtInf>NO REF</AddtlRmtInf></Strd><Strd><AddtlRmtInf>FATIMAH AJOKE QUAD//Refund</AddtlRmtInf></Strd></RmtInf><RltdDts><TxDtTm>2018-09-18T15:42:35</TxDtTm></RltdDts><AddtlTxInf>000000FT18261TS7BB1020180918826230580</AddtlTxInf></TxDtls><AddtlNtryInf>COMPLETE//0000//002//CREDIT</AddtlNtryInf></Ntry><Ntry><Amt Ccy="GBP">5.00</Amt><CdtDbtInd>CRDT</CdtDbtInd><Sts>BOOK</Sts><BookgDt><Dt>2018-09-18</Dt></BookgDt><BkTxCd><Prtry><Cd>SIP UKBA CR 40269</Cd></Prtry></BkTxCd><TxDtls><Refs><EndToEndId>SITCHES AND BAUCE</EndToEndId><TxId>37154239656353000N</TxId><Prtry><Tp>STO REF</Tp><Ref>0000</Ref></Prtry></Refs><RltdPties><Dbtr><Nm>BELL L</Nm></Dbtr><DbtrAcct><Id><PrtryAcct><Id>60000839848825</Id></PrtryAcct></Id></DbtrAcct><Cdtr><Nm>TADHG</Nm></Cdtr><CdtrAcct><Id><PrtryAcct><Id>23008200293606</Id></PrtryAcct></Id></CdtrAcct><Prtry><Tp>SITCHES AND BAUCE</Tp><Pty/></Prtry></RltdPties><RmtInf><Strd><AddtlRmtInf>BELL L            SITCHES AND BAUCE VIA MOBILE - LVP</AddtlRmtInf></Strd><Strd><AddtlRmtInf>BELL L//SITCHES AND BAUCE</AddtlRmtInf></Strd></RmtInf><RltdDts><TxDtTm>2018-09-18T15:42:40</TxDtTm></RltdDts><AddtlTxInf>37154239656353000N1020180918826600008</AddtlTxInf></TxDtls><AddtlNtryInf>COMPLETE//0000//002//CREDIT</AddtlNtryInf></Ntry><Ntry><Amt Ccy="GBP">95.00</Amt><CdtDbtInd>CRDT</CdtDbtInd><Sts>BOOK</Sts><BookgDt><Dt>2018-09-18</Dt></BookgDt><BkTxCd><Prtry><Cd>SIP UKBA CR 40269</Cd></Prtry></BkTxCd><TxDtls><Refs><EndToEndId>00151644632BBGJJFT</EndToEndId><TxId>00151644632BBGJJFT</TxId></Refs><RltdPties><Dbtr><Nm>DEREK PATERSON</Nm></Dbtr><DbtrAcct><Id><PrtryAcct><Id>09012685366199</Id></PrtryAcct></Id></DbtrAcct><Cdtr><Nm>ARRO</Nm></Cdtr><CdtrAcct><Id><PrtryAcct><Id>23008200391189</Id></PrtryAcct></Id></CdtrAcct><Prtry><Tp>Myself</Tp><Pty/></Prtry></RltdPties><RmtInf><Strd><AddtlRmtInf>NO REF</AddtlRmtInf></Strd><Strd><AddtlRmtInf>DEREK PATERSON//Myself</AddtlRmtInf></Strd></RmtInf><RltdDts><TxDtTm>2018-09-18T15:43:05</TxDtTm></RltdDts><AddtlTxInf>00151644632BBGJJFT1020180918826090126</AddtlTxInf></TxDtls><AddtlNtryInf>COMPLETE//0000//002//CREDIT</AddtlNtryInf></Ntry><Ntry><Amt Ccy="GBP">0.01</Amt><CdtDbtInd>CRDT</CdtDbtInd><Sts>BOOK</Sts><BookgDt><Dt>2018-09-18</Dt></BookgDt><BkTxCd><Prtry><Cd>SIP UKBA CR 40269</Cd></Prtry></BkTxCd><TxDtls><Refs><EndToEndId>PPRD00000000AOAN1S</EndToEndId><TxId>PPRD00000000AOAN1S</TxId></Refs><RltdPties><Dbtr><Nm>PAYPAL CODE 4757</Nm><PstlAdr><AdrLine>2211 N 1st Street San Jose CA 95131</AdrLine><Ctry/></PstlAdr></Dbtr><DbtrAcct><Id><PrtryAcct><Id>23526285010101</Id></PrtryAcct></Id></DbtrAcct><Cdtr><Nm>Greg Baker</Nm><PstlAdr><AdrLine>31 Main Road,</AdrLine><Ctry/></PstlAdr></Cdtr><CdtrAcct><Id><PrtryAcct><Id>23008200399742</Id></PrtryAcct></Id></CdtrAcct><Prtry><Tp>PAYPAL CODE 4757</Tp><Pty/></Prtry></RltdPties><RmtInf><Strd><RfrdDocInf><RfrdDocTp><Prtry>002</Prtry></RfrdDocTp></RfrdDocInf><AddtlRmtInf>NO REF</AddtlRmtInf></Strd><Strd><AddtlRmtInf>PAYPAL CODE 4757//PAYPAL CODE 4757</AddtlRmtInf></Strd></RmtInf><RltdDts><TxDtTm>2018-09-18T15:47:08</TxDtTm></RltdDts><AddtlTxInf>PPRD00000000AOAN1S1020180918826235262</AddtlTxInf></TxDtls><AddtlNtryInf>COMPLETE//0000//002//CREDIT</AddtlNtryInf></Ntry><Ntry><Amt Ccy="GBP">40.00</Amt><CdtDbtInd>CRDT</CdtDbtInd><Sts>BOOK</Sts><BookgDt><Dt>2018-09-18</Dt></BookgDt><BkTxCd><Prtry><Cd>SIP UKBA CR 40269</Cd></Prtry></BkTxCd><TxDtls><Refs><EndToEndId>NOREF</EndToEndId><TxId>RP4679961674484000</TxId></Refs><RltdPties><Dbtr><Nm>MURORINKA B</Nm></Dbtr><DbtrAcct><Id><PrtryAcct><Id>20530450056413</Id></PrtryAcct></Id></DbtrAcct><Cdtr><Nm>LINDA VINCENT</Nm></Cdtr><CdtrAcct><Id><PrtryAcct><Id>23008200234277</Id></PrtryAcct></Id></CdtrAcct><Prtry><Tp>MAMA</Tp><Pty/></Prtry></RltdPties><RmtInf><Strd><AddtlRmtInf>NO REF</AddtlRmtInf></Strd><Strd><AddtlRmtInf>MURORINKA B//MAMA</AddtlRmtInf></Strd></RmtInf><RltdDts><TxDtTm>2018-09-18T15:50:14</TxDtTm></RltdDts><AddtlTxInf>RP46799616744840001020180918826200026</AddtlTxInf></TxDtls><AddtlNtryInf>COMPLETE//0000//002//CREDIT</AddtlNtryInf></Ntry><Ntry><Amt Ccy="GBP">55.00</Amt><CdtDbtInd>CRDT</CdtDbtInd><Sts>BOOK</Sts><BookgDt><Dt>2018-09-18</Dt></BookgDt><BkTxCd><Prtry><Cd>SIP UKBA CR 40269</Cd></Prtry></BkTxCd><TxDtls><Refs><EndToEndId>697</EndToEndId><TxId>31155055071131000R</TxId><Prtry><Tp>STO REF</Tp><Ref>0000</Ref></Prtry></Refs><RltdPties><Dbtr><Nm>SKARINS R</Nm></Dbtr><DbtrAcct><Id><PrtryAcct><Id>83201700684690</Id></PrtryAcct></Id></DbtrAcct><Cdtr><Nm>SONIC BACKLINKS</Nm></Cdtr><CdtrAcct><Id><PrtryAcct><Id>23008200225081</Id></PrtryAcct></Id></CdtrAcct><Prtry><Tp>697</Tp><Pty/></Prtry></RltdPties><RmtInf><Strd><AddtlRmtInf>SKARINS R         697               VIA ONLINE - PYMT</AddtlRmtInf></Strd><Strd><AddtlRmtInf>SKARINS R//697</AddtlRmtInf></Strd></RmtInf><RltdDts><TxDtTm>2018-09-18T15:50:55</TxDtTm></RltdDts><AddtlTxInf>31155055071131000R1020180918826832017</AddtlTxInf></TxDtls><AddtlNtryInf>COMPLETE//0000//002//CREDIT</AddtlNtryInf></Ntry><Ntry><Amt Ccy="GBP">25.00</Amt><CdtDbtInd>CRDT</CdtDbtInd><Sts>BOOK</Sts><BookgDt><Dt>2018-09-18</Dt></BookgDt><BkTxCd><Prtry><Cd>DCA UKBA CR 40269</Cd></Prtry></BkTxCd><TxDtls><Refs><EndToEndId>NOREF</EndToEndId><TxId>000000013602765801</TxId><Prtry><Tp>STO REF</Tp><Ref>1210</Ref></Prtry></Refs><RltdPties><Dbtr><Nm>E BUNCH</Nm></Dbtr><DbtrAcct><Id><PrtryAcct><Id>20035373152596</Id></PrtryAcct></Id></DbtrAcct><Cdtr><Nm>ATKINSONWILL</Nm></Cdtr><CdtrAcct><Id><PrtryAcct><Id>23008200433862</Id></PrtryAcct></Id></CdtrAcct><Prtry><Tp>SMOKESTAK</Tp><Pty/></Prtry></RltdPties><RmtInf><Strd><AddtlRmtInf>NO REF</AddtlRmtInf></Strd><Strd><AddtlRmtInf>E BUNCH//SMOKESTAK</AddtlRmtInf></Strd></RmtInf><RltdDts><TxDtTm>2018-09-18T15:52:31</TxDtTm></RltdDts><AddtlTxInf>0000000136027658015020180918826200353</AddtlTxInf></TxDtls><AddtlNtryInf>COMPLETE//0000//002//CREDIT</AddtlNtryInf></Ntry><Ntry><Amt Ccy="GBP">10.00</Amt><CdtDbtInd>CRDT</CdtDbtInd><Sts>BOOK</Sts><BookgDt><Dt>2018-09-18</Dt></BookgDt><BkTxCd><Prtry><Cd>SIP UKBA CR 40269</Cd></Prtry></BkTxCd><TxDtls><Refs><EndToEndId>NOREF</EndToEndId><TxId>FP18261O02412176</TxId></Refs><RltdPties><Dbtr><Nm>BELICA Josef</Nm></Dbtr><DbtrAcct><Id><PrtryAcct><Id>07043642538913</Id></PrtryAcct></Id></DbtrAcct><Cdtr><Nm>KRYSTINA WOJCIK</Nm></Cdtr><CdtrAcct><Id><PrtryAcct><Id>23008200365880</Id></PrtryAcct></Id></CdtrAcct><Prtry><Tp>JOSEF</Tp><Pty/></Prtry></RltdPties><RmtInf><Strd><AddtlRmtInf>NO REF</AddtlRmtInf></Strd><Strd><AddtlRmtInf>BELICA Josef//JOSEF</AddtlRmtInf></Strd></RmtInf><RltdDts><TxDtTm>2018-09-18T15:58:55</TxDtTm></RltdDts><AddtlTxInf>FP18261O02412176  1020180918826070436</AddtlTxInf></TxDtls><AddtlNtryInf>COMPLETE//0000//002//CREDIT</AddtlNtryInf></Ntry></Ntfctn></BkToCstmrDbtCdtNtfctnV01></Document>