<?xml version="1.0" encoding="UTF-8"?><Document xmlns:xsi="http://www.w3.org/2001/XMLSchema-instance" xmlns="urn:iso:std:iso:20022:tech:xsd:camt.054.001.01"><BkToCstmrDbtCdtNtfctnV01><GrpHdr><MsgId>80309K//13544</MsgId><CreDtTm>2018-09-30T22:30:00</CreDtTm></GrpHdr><Ntfctn><Id>80309K//13544//1</Id><CreDtTm>2018-09-30T22:30:00</CreDtTm><Acct><Id><PrtryAcct><Id>20594233939774</Id></PrtryAcct></Id><Ccy>GBP</Ccy></Acct><TxsSummry><TtlNtries><NbOfNtries>3</NbOfNtries><Sum>200.50</Sum></TtlNtries><TtlCdtNtries><NbOfNtries>3</NbOfNtries><Sum>200.50</Sum></TtlCdtNtries><TtlDbtNtries><NbOfNtries>0</NbOfNtries><Sum>0.00</Sum></TtlDbtNtries></TxsSummry><Ntry><Amt Ccy="GBP">150.00</Amt><CdtDbtInd>CRDT</CdtDbtInd><Sts>BOOK</Sts><BookgDt><Dt>2018-10-01</Dt></BookgDt><BkTxCd><Prtry><Cd>SIP UKBA CR 40269</Cd></Prtry></BkTxCd><TxDtls><Refs><EndToEndId>00157830632BBFYLFS</EndToEndId><TxId>00157830632BBFYLFS</TxId></Refs><RltdPties><Dbtr><Nm>MOBOLAJI DADA</Nm></Dbtr><DbtrAcct><Id><PrtryAcct><Id>09012780878278</Id></PrtryAcct></Id></DbtrAcct><Cdtr><Nm>DAMMY DADA</Nm></Cdtr><CdtrAcct><Id><PrtryAcct><Id>23008200049400</Id></PrtryAcct></Id></CdtrAcct><Prtry><Tp>FROM DAD</Tp><Pty/></Prtry></RltdPties><RmtInf><Strd><AddtlRmtInf>NO REF</AddtlRmtInf></Strd><Strd><AddtlRmtInf>MOBOLAJI DADA//FROM DAD</AddtlRmtInf></Strd></RmtInf><RltdDts><TxDtTm>2018-09-30T22:07:58</TxDtTm></RltdDts><AddtlTxInf>00157830632BBFYLFS1020180930826090127</AddtlTxInf></TxDtls><AddtlNtryInf>COMPLETE//0000//003//CREDIT</AddtlNtryInf></Ntry><Ntry><Amt Ccy="GBP">0.50</Amt><CdtDbtInd>CRDT</CdtDbtInd><Sts>BOOK</Sts><BookgDt><Dt>2018-10-01</Dt></BookgDt><BkTxCd><Prtry><Cd>SIP UKBA CR 40269</Cd></Prtry></BkTxCd><TxDtls><Refs><EndToEndId>NOREF</EndToEndId><TxId>600000000393347994</TxId></Refs><RltdPties><Dbtr><Nm>R Hardy</Nm></Dbtr><DbtrAcct><Id><PrtryAcct><Id>30937121952168</Id></PrtryAcct></Id></DbtrAcct><Cdtr><Nm>WILLIAMS</Nm></Cdtr><CdtrAcct><Id><PrtryAcct><Id>23008200357622</Id></PrtryAcct></Id></CdtrAcct></RltdPties><RmtInf><Strd><AddtlRmtInf>NO REF</AddtlRmtInf></Strd><Strd><AddtlRmtInf>R Hardy//</AddtlRmtInf></Strd></RmtInf><RltdDts><TxDtTm>2018-09-30T22:08:30</TxDtTm></RltdDts><AddtlTxInf>6000000003933479941020180930826309371</AddtlTxInf></TxDtls><AddtlNtryInf>COMPLETE//0000//003//CREDIT</AddtlNtryInf></Ntry><Ntry><Amt Ccy="GBP">50.00</Amt><CdtDbtInd>CRDT</CdtDbtInd><Sts>BOOK</Sts><BookgDt><Dt>2018-10-01</Dt></BookgDt><BkTxCd><Prtry><Cd>SIP UKBA CR 40269</Cd></Prtry></BkTxCd><TxDtls><Refs><EndToEndId>ARRO CARD</EndToEndId><TxId>05222718358035000N</TxId><Prtry><Tp>STO REF</Tp><Ref>0000</Ref></Prtry></Refs><RltdPties><Dbtr><Nm>NILSON EC</Nm></Dbtr><DbtrAcct><Id><PrtryAcct><Id>60074451544679</Id></PrtryAcct></Id></DbtrAcct><Cdtr><Nm>ARRO</Nm></Cdtr><CdtrAcct><Id><PrtryAcct><Id>23008200054338</Id></PrtryAcct></Id></CdtrAcct><Prtry><Tp>ARRO CARD</Tp><Pty/></Prtry></RltdPties><RmtInf><Strd><AddtlRmtInf>NILSON EC         ARRO CARD         VIA MOBILE - LVP</AddtlRmtInf></Strd><Strd><AddtlRmtInf>NILSON EC//ARRO CARD</AddtlRmtInf></Strd></RmtInf><RltdDts><TxDtTm>2018-09-30T22:27:18</TxDtTm></RltdDts><AddtlTxInf>05222718358035000N1020180930826600744</AddtlTxInf></TxDtls><AddtlNtryInf>COMPLETE//0000//003//CREDIT</AddtlNtryInf></Ntry></Ntfctn></BkToCstmrDbtCdtNtfctnV01></Document>