<?xml version="1.0" encoding="UTF-8"?><Document xmlns:xsi="http://www.w3.org/2001/XMLSchema-instance" xmlns="urn:iso:std:iso:20022:tech:xsd:camt.054.001.01"><BkToCstmrDbtCdtNtfctnV01><GrpHdr><MsgId>80309K//13267</MsgId><CreDtTm>2018-09-24T13:00:00</CreDtTm></GrpHdr><Ntfctn><Id>80309K//13267//1</Id><CreDtTm>2018-09-24T13:00:00</CreDtTm><Acct><Id><PrtryAcct><Id>20594233939774</Id></PrtryAcct></Id><Ccy>GBP</Ccy></Acct><TxsSummry><TtlNtries><NbOfNtries>14</NbOfNtries><Sum>4027.19</Sum></TtlNtries><TtlCdtNtries><NbOfNtries>14</NbOfNtries><Sum>4027.19</Sum></TtlCdtNtries><TtlDbtNtries><NbOfNtries>0</NbOfNtries><Sum>0.00</Sum></TtlDbtNtries></TxsSummry><Ntry><Amt Ccy="GBP">140.00</Amt><CdtDbtInd>CRDT</CdtDbtInd><Sts>BOOK</Sts><BookgDt><Dt>2018-09-24</Dt></BookgDt><BkTxCd><Prtry><Cd>SIP UKBA CR 40269</Cd></Prtry></BkTxCd><TxDtls><Refs><EndToEndId>00151170632BBFCDKM</EndToEndId><TxId>00151170632BBFCDKM</TxId></Refs><RltdPties><Dbtr><Nm>NIA GRIFFITHS HAIR</Nm></Dbtr><DbtrAcct><Id><PrtryAcct><Id>09012857490440</Id></PrtryAcct></Id></DbtrAcct><Cdtr><Nm>MATHEW FARNHAM N</Nm></Cdtr><CdtrAcct><Id><PrtryAcct><Id>23008200042415</Id></PrtryAcct></Id></CdtrAcct><Prtry><Tp>Chair Rental</Tp><Pty/></Prtry></RltdPties><RmtInf><Strd><AddtlRmtInf>NO REF</AddtlRmtInf></Strd><Strd><AddtlRmtInf>NIA GRIFFITHS HAIR//Chair Rental</AddtlRmtInf></Strd></RmtInf><RltdDts><TxDtTm>2018-09-24T12:32:20</TxDtTm></RltdDts><AddtlTxInf>00151170632BBFCDKM1020180924826090128</AddtlTxInf></TxDtls><AddtlNtryInf>COMPLETE//0000//001//CREDIT</AddtlNtryInf></Ntry><Ntry><Amt Ccy="GBP">10.00</Amt><CdtDbtInd>CRDT</CdtDbtInd><Sts>BOOK</Sts><BookgDt><Dt>2018-09-24</Dt></BookgDt><BkTxCd><Prtry><Cd>SIP UKBA CR 40269</Cd></Prtry></BkTxCd><TxDtls><Refs><EndToEndId>NOREF</EndToEndId><TxId>400000000396171848</TxId></Refs><RltdPties><Dbtr><Nm>K Stewart</Nm></Dbtr><DbtrAcct><Id><PrtryAcct><Id>80460701035295</Id></PrtryAcct></Id></DbtrAcct><Cdtr><Nm>MR SCOTT WARD</Nm></Cdtr><CdtrAcct><Id><PrtryAcct><Id>23008200119985</Id></PrtryAcct></Id></CdtrAcct><Prtry><Tp>KAZALICIOUS</Tp><Pty/></Prtry></RltdPties><RmtInf><Strd><AddtlRmtInf>NO REF</AddtlRmtInf></Strd><Strd><AddtlRmtInf>K Stewart//KAZALICIOUS</AddtlRmtInf></Strd></RmtInf><RltdDts><TxDtTm>2018-09-24T12:32:42</TxDtTm></RltdDts><AddtlTxInf>4000000003961718481020180924826804607</AddtlTxInf></TxDtls><AddtlNtryInf>COMPLETE//0000//001//CREDIT</AddtlNtryInf></Ntry><Ntry><Amt Ccy="GBP">2.00</Amt><CdtDbtInd>CRDT</CdtDbtInd><Sts>BOOK</Sts><BookgDt><Dt>2018-09-24</Dt></BookgDt><BkTxCd><Prtry><Cd>SIP UKBA CR 40269</Cd></Prtry></BkTxCd><TxDtls><Refs><EndToEndId>NOREF</EndToEndId><TxId>RP4659985201524300</TxId></Refs><RltdPties><Dbtr><Nm>KNOWLES + KNOWLE</Nm></Dbtr><DbtrAcct><Id><PrtryAcct><Id>20027700866733</Id></PrtryAcct></Id></DbtrAcct><Cdtr><Nm>G CARS</Nm></Cdtr><CdtrAcct><Id><PrtryAcct><Id>23008200459468</Id></PrtryAcct></Id></CdtrAcct><Prtry><Tp>DEPSIT</Tp><Pty/></Prtry></RltdPties><RmtInf><Strd><AddtlRmtInf>NO REF</AddtlRmtInf></Strd><Strd><AddtlRmtInf>KNOWLES + KNOWLE//DEPSIT</AddtlRmtInf></Strd></RmtInf><RltdDts><TxDtTm>2018-09-24T12:38:22</TxDtTm></RltdDts><AddtlTxInf>RP46599852015243001020180924826200026</AddtlTxInf></TxDtls><AddtlNtryInf>COMPLETE//0000//001//CREDIT</AddtlNtryInf></Ntry><Ntry><Amt Ccy="GBP">0.01</Amt><CdtDbtInd>CRDT</CdtDbtInd><Sts>BOOK</Sts><BookgDt><Dt>2018-09-24</Dt></BookgDt><BkTxCd><Prtry><Cd>SIP UKBA CR 40269</Cd></Prtry></BkTxCd><TxDtls><Refs><EndToEndId>PPRD00000000APQSJU</EndToEndId><TxId>PPRD00000000APQSJU</TxId></Refs><RltdPties><Dbtr><Nm>PAYPAL CODE 3399</Nm><PstlAdr><AdrLine>2211 N 1st Street San Jose CA 95131</AdrLine><Ctry/></PstlAdr></Dbtr><DbtrAcct><Id><PrtryAcct><Id>23526285010101</Id></PrtryAcct></Id></DbtrAcct><Cdtr><Nm>Grant Holley</Nm><PstlAdr><AdrLine>44 Hexham Road</AdrLine><Ctry/></PstlAdr></Cdtr><CdtrAcct><Id><PrtryAcct><Id>23008200143826</Id></PrtryAcct></Id></CdtrAcct><Prtry><Tp>PAYPAL CODE 3399</Tp><Pty/></Prtry></RltdPties><RmtInf><Strd><RfrdDocInf><RfrdDocTp><Prtry>002</Prtry></RfrdDocTp></RfrdDocInf><AddtlRmtInf>NO REF</AddtlRmtInf></Strd><Strd><AddtlRmtInf>PAYPAL CODE 3399//PAYPAL CODE 3399</AddtlRmtInf></Strd></RmtInf><RltdDts><TxDtTm>2018-09-24T12:38:31</TxDtTm></RltdDts><AddtlTxInf>PPRD00000000APQSJU1020180924826235262</AddtlTxInf></TxDtls><AddtlNtryInf>COMPLETE//0000//001//CREDIT</AddtlNtryInf></Ntry><Ntry><Amt Ccy="GBP">1212.00</Amt><CdtDbtInd>CRDT</CdtDbtInd><Sts>BOOK</Sts><BookgDt><Dt>2018-09-24</Dt></BookgDt><BkTxCd><Prtry><Cd>SIP UKBA CR 40269</Cd></Prtry></BkTxCd><TxDtls><Refs><EndToEndId>NOREF</EndToEndId><TxId>60124132915885000N</TxId><Prtry><Tp>STO REF</Tp><Ref>0000</Ref></Prtry></Refs><RltdPties><Dbtr><Nm>MR DEAN A HICKMAN</Nm></Dbtr><DbtrAcct><Id><PrtryAcct><Id>55502660178906</Id></PrtryAcct></Id></DbtrAcct><Cdtr><Nm>MATT LIDBETTER CONC</Nm></Cdtr><CdtrAcct><Id><PrtryAcct><Id>23008200222957</Id></PrtryAcct></Id></CdtrAcct><Prtry><Tp>CONCRETE TOPSPEC</Tp><Pty/></Prtry></RltdPties><RmtInf><Strd><AddtlRmtInf>CONCRETE TOPSPEC</AddtlRmtInf></Strd><Strd><AddtlRmtInf>MR DEAN A HICKMAN//CONCRETE TOPSPEC</AddtlRmtInf></Strd></RmtInf><RltdDts><TxDtTm>2018-09-24T12:41:33</TxDtTm></RltdDts><AddtlTxInf>60124132915885000N1020180924826555026</AddtlTxInf></TxDtls><AddtlNtryInf>COMPLETE//0000//001//CREDIT</AddtlNtryInf></Ntry><Ntry><Amt Ccy="GBP">30.00</Amt><CdtDbtInd>CRDT</CdtDbtInd><Sts>BOOK</Sts><BookgDt><Dt>2018-09-24</Dt></BookgDt><BkTxCd><Prtry><Cd>SIP UKBA CR 40269</Cd></Prtry></BkTxCd><TxDtls><Refs><EndToEndId>MB</EndToEndId><TxId>51124227136698000N</TxId><Prtry><Tp>STO REF</Tp><Ref>0000</Ref></Prtry></Refs><RltdPties><Dbtr><Nm>BRESLIN MB</Nm></Dbtr><DbtrAcct><Id><PrtryAcct><Id>50423770737827</Id></PrtryAcct></Id></DbtrAcct><Cdtr><Nm>KB CARD</Nm></Cdtr><CdtrAcct><Id><PrtryAcct><Id>23008200075246</Id></PrtryAcct></Id></CdtrAcct><Prtry><Tp>MB</Tp><Pty/></Prtry></RltdPties><RmtInf><Strd><AddtlRmtInf>BRESLIN MB        MB                VIA MOBILE - LVP</AddtlRmtInf></Strd><Strd><AddtlRmtInf>BRESLIN MB//MB</AddtlRmtInf></Strd></RmtInf><RltdDts><TxDtTm>2018-09-24T12:42:27</TxDtTm></RltdDts><AddtlTxInf>51124227136698000N1020180924826504237</AddtlTxInf></TxDtls><AddtlNtryInf>COMPLETE//0000//001//CREDIT</AddtlNtryInf></Ntry><Ntry><Amt Ccy="GBP">30.00</Amt><CdtDbtInd>CRDT</CdtDbtInd><Sts>BOOK</Sts><BookgDt><Dt>2018-09-24</Dt></BookgDt><BkTxCd><Prtry><Cd>SIP UKBA CR 40269</Cd></Prtry></BkTxCd><TxDtls><Refs><EndToEndId>NOREF</EndToEndId><TxId>200000000389710842</TxId></Refs><RltdPties><Dbtr><Nm>J Chrappah</Nm></Dbtr><DbtrAcct><Id><PrtryAcct><Id>11181131677974</Id></PrtryAcct></Id></DbtrAcct><Cdtr><Nm>JAYARO</Nm></Cdtr><CdtrAcct><Id><PrtryAcct><Id>23008200207569</Id></PrtryAcct></Id></CdtrAcct><Prtry><Tp>FUNDS3</Tp><Pty/></Prtry></RltdPties><RmtInf><Strd><AddtlRmtInf>NO REF</AddtlRmtInf></Strd><Strd><AddtlRmtInf>J Chrappah//FUNDS3</AddtlRmtInf></Strd></RmtInf><RltdDts><TxDtTm>2018-09-24T12:42:50</TxDtTm></RltdDts><AddtlTxInf>2000000003897108421020180924826111811</AddtlTxInf></TxDtls><AddtlNtryInf>COMPLETE//0000//001//CREDIT</AddtlNtryInf></Ntry><Ntry><Amt Ccy="GBP">30.00</Amt><CdtDbtInd>CRDT</CdtDbtInd><Sts>BOOK</Sts><BookgDt><Dt>2018-09-24</Dt></BookgDt><BkTxCd><Prtry><Cd>SIP UKBA CR 40269</Cd></Prtry></BkTxCd><TxDtls><Refs><EndToEndId>NOREF</EndToEndId><TxId>500000000391376072</TxId></Refs><RltdPties><Dbtr><Nm>A Kamboj</Nm></Dbtr><DbtrAcct><Id><PrtryAcct><Id>80471201045440</Id></PrtryAcct></Id></DbtrAcct><Cdtr><Nm>ANN</Nm></Cdtr><CdtrAcct><Id><PrtryAcct><Id>23008200249240</Id></PrtryAcct></Id></CdtrAcct><Prtry><Tp>GY</Tp><Pty/></Prtry></RltdPties><RmtInf><Strd><AddtlRmtInf>NO REF</AddtlRmtInf></Strd><Strd><AddtlRmtInf>A Kamboj//GY</AddtlRmtInf></Strd></RmtInf><RltdDts><TxDtTm>2018-09-24T12:44:07</TxDtTm></RltdDts><AddtlTxInf>5000000003913760721020180924826804712</AddtlTxInf></TxDtls><AddtlNtryInf>COMPLETE//0000//001//CREDIT</AddtlNtryInf></Ntry><Ntry><Amt Ccy="GBP">20.00</Amt><CdtDbtInd>CRDT</CdtDbtInd><Sts>BOOK</Sts><BookgDt><Dt>2018-09-24</Dt></BookgDt><BkTxCd><Prtry><Cd>SIP UKBA CR 40269</Cd></Prtry></BkTxCd><TxDtls><Refs><EndToEndId>NOREF</EndToEndId><TxId>57124537406889000R</TxId><Prtry><Tp>STO REF</Tp><Ref>0000</Ref></Prtry></Refs><RltdPties><Dbtr><Nm>BONNE TERRE LTD T/</Nm></Dbtr><DbtrAcct><Id><PrtryAcct><Id>16202956430706</Id></PrtryAcct></Id></DbtrAcct><Cdtr><Nm>DARYL MCKINLEY</Nm></Cdtr><CdtrAcct><Id><PrtryAcct><Id>23008200455801</Id></PrtryAcct></Id></CdtrAcct><Prtry><Tp>SBET/DARYLMCZAQP</Tp><Pty/></Prtry></RltdPties><RmtInf><Strd><AddtlRmtInf>BONNE TERRE LTD T/SBET/DARYLMCZAQP</AddtlRmtInf></Strd><Strd><AddtlRmtInf>BONNE TERRE LTD T///SBET/DARYLMCZAQP</AddtlRmtInf></Strd></RmtInf><RltdDts><TxDtTm>2018-09-24T12:45:37</TxDtTm></RltdDts><AddtlTxInf>57124537406889000R1020180924826162029</AddtlTxInf></TxDtls><AddtlNtryInf>COMPLETE//0000//001//CREDIT</AddtlNtryInf></Ntry><Ntry><Amt Ccy="GBP">35.00</Amt><CdtDbtInd>CRDT</CdtDbtInd><Sts>BOOK</Sts><BookgDt><Dt>2018-09-24</Dt></BookgDt><BkTxCd><Prtry><Cd>SIP UKBA CR 40269</Cd></Prtry></BkTxCd><TxDtls><Refs><EndToEndId>NOREF</EndToEndId><TxId>14124554958808000R</TxId><Prtry><Tp>STO REF</Tp><Ref>0000</Ref></Prtry></Refs><RltdPties><Dbtr><Nm>BONNE TERRE LTD T/</Nm></Dbtr><DbtrAcct><Id><PrtryAcct><Id>16202956430706</Id></PrtryAcct></Id></DbtrAcct><Cdtr><Nm>JOSEPH GEORGESON</Nm></Cdtr><CdtrAcct><Id><PrtryAcct><Id>23008200460456</Id></PrtryAcct></Id></CdtrAcct><Prtry><Tp>SBET/JGGEORGJ6</Tp><Pty/></Prtry></RltdPties><RmtInf><Strd><AddtlRmtInf>BONNE TERRE LTD T/SBET/JGGEORGJ6</AddtlRmtInf></Strd><Strd><AddtlRmtInf>BONNE TERRE LTD T///SBET/JGGEORGJ6</AddtlRmtInf></Strd></RmtInf><RltdDts><TxDtTm>2018-09-24T12:45:55</TxDtTm></RltdDts><AddtlTxInf>14124554958808000R1020180924826162029</AddtlTxInf></TxDtls><AddtlNtryInf>COMPLETE//0000//001//CREDIT</AddtlNtryInf></Ntry><Ntry><Amt Ccy="GBP">4.00</Amt><CdtDbtInd>CRDT</CdtDbtInd><Sts>BOOK</Sts><BookgDt><Dt>2018-09-24</Dt></BookgDt><BkTxCd><Prtry><Cd>SIP UKBA CR 40269</Cd></Prtry></BkTxCd><TxDtls><Refs><EndToEndId>NOREF</EndToEndId><TxId>600000000391094149</TxId></Refs><RltdPties><Dbtr><Nm>C McLean</Nm></Dbtr><DbtrAcct><Id><PrtryAcct><Id>77492609836960</Id></PrtryAcct></Id></DbtrAcct><Cdtr><Nm>DURRELL MCLEAN</Nm></Cdtr><CdtrAcct><Id><PrtryAcct><Id>23008200397085</Id></PrtryAcct></Id></CdtrAcct><Prtry><Tp>COLLEGE MONEY</Tp><Pty/></Prtry></RltdPties><RmtInf><Strd><AddtlRmtInf>NO REF</AddtlRmtInf></Strd><Strd><AddtlRmtInf>C McLean//COLLEGE MONEY</AddtlRmtInf></Strd></RmtInf><RltdDts><TxDtTm>2018-09-24T12:46:36</TxDtTm></RltdDts><AddtlTxInf>6000000003910941491020180924826774926</AddtlTxInf></TxDtls><AddtlNtryInf>COMPLETE//0000//001//CREDIT</AddtlNtryInf></Ntry><Ntry><Amt Ccy="GBP">503.00</Amt><CdtDbtInd>CRDT</CdtDbtInd><Sts>BOOK</Sts><BookgDt><Dt>2018-09-24</Dt></BookgDt><BkTxCd><Prtry><Cd>SIP UKBA CR 40269</Cd></Prtry></BkTxCd><TxDtls><Refs><EndToEndId>NOREF</EndToEndId><TxId>40124941587430000N</TxId><Prtry><Tp>STO REF</Tp><Ref>0000</Ref></Prtry></Refs><RltdPties><Dbtr><Nm>MRS AMY L SCOTLAND</Nm></Dbtr><DbtrAcct><Id><PrtryAcct><Id>01052438147548</Id></PrtryAcct></Id></DbtrAcct><Cdtr><Nm>DOMININA JASZCZUK</Nm></Cdtr><CdtrAcct><Id><PrtryAcct><Id>23008200381304</Id></PrtryAcct></Id></CdtrAcct><Prtry><Tp>AMY SCOTLAND</Tp><Pty/></Prtry></RltdPties><RmtInf><Strd><AddtlRmtInf>AMY SCOTLAND</AddtlRmtInf></Strd><Strd><AddtlRmtInf>MRS AMY L SCOTLAND//AMY SCOTLAND</AddtlRmtInf></Strd></RmtInf><RltdDts><TxDtTm>2018-09-24T12:49:41</TxDtTm></RltdDts><AddtlTxInf>40124941587430000N1020180924826010524</AddtlTxInf></TxDtls><AddtlNtryInf>COMPLETE//0000//001//CREDIT</AddtlNtryInf></Ntry><Ntry><Amt Ccy="GBP">471.18</Amt><CdtDbtInd>CRDT</CdtDbtInd><Sts>BOOK</Sts><BookgDt><Dt>2018-09-24</Dt></BookgDt><BkTxCd><Prtry><Cd>SIP UKBA CR 40269</Cd></Prtry></BkTxCd><TxDtls><Refs><EndToEndId>PPWD00000000APQYTO</EndToEndId><TxId>PPWD00000000APQYTO</TxId></Refs><RltdPties><Dbtr><Nm>PayPal</Nm><PstlAdr><AdrLine>2211 N 1st Street San Jose CA 95131</AdrLine><Ctry/></PstlAdr></Dbtr><DbtrAcct><Id><PrtryAcct><Id>23526278959595</Id></PrtryAcct></Id></DbtrAcct><Cdtr><Nm>Esthwaite Properties</Nm><PstlAdr><AdrLine>Ferney green Ferney Green</AdrLine><Ctry/></PstlAdr></Cdtr><CdtrAcct><Id><PrtryAcct><Id>23008200044053</Id></PrtryAcct></Id></CdtrAcct><Prtry><Tp>PPWDL44TJ2ALBLZNH4</Tp><Pty/></Prtry></RltdPties><RmtInf><Strd><RfrdDocInf><RfrdDocTp><Prtry>002</Prtry></RfrdDocTp></RfrdDocInf><AddtlRmtInf>NO REF</AddtlRmtInf></Strd><Strd><AddtlRmtInf>PayPal//PPWDL44TJ2ALBLZNH4</AddtlRmtInf></Strd></RmtInf><RltdDts><TxDtTm>2018-09-24T12:54:40</TxDtTm></RltdDts><AddtlTxInf>PPWD00000000APQYTO1020180924826235262</AddtlTxInf></TxDtls><AddtlNtryInf>COMPLETE//0000//001//CREDIT</AddtlNtryInf></Ntry><Ntry><Amt Ccy="GBP">1540.00</Amt><CdtDbtInd>CRDT</CdtDbtInd><Sts>BOOK</Sts><BookgDt><Dt>2018-09-24</Dt></BookgDt><BkTxCd><Prtry><Cd>SIP UKBA CR 40269</Cd></Prtry></BkTxCd><TxDtls><Refs><EndToEndId>00151596632BBDHQNY</EndToEndId><TxId>00151596632BBDHQNY</TxId></Refs><RltdPties><Dbtr><Nm>OLAJIDE OLUWA</Nm></Dbtr><DbtrAcct><Id><PrtryAcct><Id>09012706056692</Id></PrtryAcct></Id></DbtrAcct><Cdtr><Nm>GLOBAL INVESTMENTS</Nm></Cdtr><CdtrAcct><Id><PrtryAcct><Id>23008200031345</Id></PrtryAcct></Id></CdtrAcct><Prtry><Tp>global rent</Tp><Pty/></Prtry></RltdPties><RmtInf><Strd><AddtlRmtInf>NO REF</AddtlRmtInf></Strd><Strd><AddtlRmtInf>OLAJIDE OLUWA//global rent</AddtlRmtInf></Strd></RmtInf><RltdDts><TxDtTm>2018-09-24T12:55:27</TxDtTm></RltdDts><AddtlTxInf>00151596632BBDHQNY1020180924826090127</AddtlTxInf></TxDtls><AddtlNtryInf>COMPLETE//0000//001//CREDIT</AddtlNtryInf></Ntry></Ntfctn></BkToCstmrDbtCdtNtfctnV01></Document>