<?xml version="1.0" encoding="UTF-8"?><Document xmlns:xsi="http://www.w3.org/2001/XMLSchema-instance" xmlns="urn:iso:std:iso:20022:tech:xsd:camt.054.001.01"><BkToCstmrDbtCdtNtfctnV01><GrpHdr><MsgId>80309K//12729</MsgId><CreDtTm>2018-09-11T22:30:00</CreDtTm></GrpHdr><Ntfctn><Id>80309K//12729//1</Id><CreDtTm>2018-09-11T22:30:00</CreDtTm><Acct><Id><PrtryAcct><Id>20594233939774</Id></PrtryAcct></Id><Ccy>GBP</Ccy></Acct><TxsSummry><TtlNtries><NbOfNtries>2</NbOfNtries><Sum>150.90</Sum></TtlNtries><TtlCdtNtries><NbOfNtries>2</NbOfNtries><Sum>150.90</Sum></TtlCdtNtries><TtlDbtNtries><NbOfNtries>0</NbOfNtries><Sum>0.00</Sum></TtlDbtNtries></TxsSummry><Ntry><Amt Ccy="GBP">10.00</Amt><CdtDbtInd>CRDT</CdtDbtInd><Sts>BOOK</Sts><BookgDt><Dt>2018-09-12</Dt></BookgDt><BkTxCd><Prtry><Cd>SIP UKBA CR 40269</Cd></Prtry></BkTxCd><TxDtls><Refs><EndToEndId>NOREF</EndToEndId><TxId>YBBPI2213062015541</TxId></Refs><RltdPties><Dbtr><Nm>CHARMAINE GALLI</Nm></Dbtr><DbtrAcct><Id><PrtryAcct><Id>05002011310718</Id></PrtryAcct></Id></DbtrAcct><Cdtr><Nm>my arro</Nm></Cdtr><CdtrAcct><Id><PrtryAcct><Id>23008200303446</Id></PrtryAcct></Id></CdtrAcct><Prtry><Tp>my arro</Tp><Pty/></Prtry></RltdPties><RmtInf><Strd><RfrdDocInf><RfrdDocTp><Prtry>002</Prtry></RfrdDocTp></RfrdDocInf><AddtlRmtInf>NO REF</AddtlRmtInf></Strd><Strd><AddtlRmtInf>CHARMAINE GALLI//my arro</AddtlRmtInf></Strd></RmtInf><RltdDts><TxDtTm>2018-09-11T22:13:06</TxDtTm></RltdDts><AddtlTxInf>YBBPI22130620155411020180911826050020</AddtlTxInf></TxDtls><AddtlNtryInf>COMPLETE//0000//003//CREDIT</AddtlNtryInf></Ntry><Ntry><Amt Ccy="GBP">140.90</Amt><CdtDbtInd>CRDT</CdtDbtInd><Sts>BOOK</Sts><BookgDt><Dt>2018-09-12</Dt></BookgDt><BkTxCd><Prtry><Cd>SIP UKBA CR 40269</Cd></Prtry></BkTxCd><TxDtls><Refs><EndToEndId>00156498632BBDCHGY</EndToEndId><TxId>00156498632BBDCHGY</TxId></Refs><RltdPties><Dbtr><Nm>GERALDINE HOBBS</Nm></Dbtr><DbtrAcct><Id><PrtryAcct><Id>09012888156892</Id></PrtryAcct></Id></DbtrAcct><Cdtr><Nm>MISS GERALDINE H</Nm></Cdtr><CdtrAcct><Id><PrtryAcct><Id>23008200403200</Id></PrtryAcct></Id></CdtrAcct><Prtry><Tp>gerri</Tp><Pty/></Prtry></RltdPties><RmtInf><Strd><AddtlRmtInf>NO REF</AddtlRmtInf></Strd><Strd><AddtlRmtInf>GERALDINE HOBBS//gerri</AddtlRmtInf></Strd></RmtInf><RltdDts><TxDtTm>2018-09-11T22:19:05</TxDtTm></RltdDts><AddtlTxInf>00156498632BBDCHGY1020180911826090128</AddtlTxInf></TxDtls><AddtlNtryInf>COMPLETE//0000//003//CREDIT</AddtlNtryInf></Ntry></Ntfctn></BkToCstmrDbtCdtNtfctnV01></Document>