<?xml version="1.0" encoding="UTF-8"?><Document xmlns:xsi="http://www.w3.org/2001/XMLSchema-instance" xmlns="urn:iso:std:iso:20022:tech:xsd:camt.054.001.01"><BkToCstmrDbtCdtNtfctnV01><GrpHdr><MsgId>80309K//12568</MsgId><CreDtTm>2018-09-08T00:30:00</CreDtTm></GrpHdr><Ntfctn><Id>80309K//12568//1</Id><CreDtTm>2018-09-08T00:30:00</CreDtTm><Acct><Id><PrtryAcct><Id>20594233939774</Id></PrtryAcct></Id><Ccy>GBP</Ccy></Acct><TxsSummry><TtlNtries><NbOfNtries>4</NbOfNtries><Sum>923.60</Sum></TtlNtries><TtlCdtNtries><NbOfNtries>4</NbOfNtries><Sum>923.60</Sum></TtlCdtNtries><TtlDbtNtries><NbOfNtries>0</NbOfNtries><Sum>0.00</Sum></TtlDbtNtries></TxsSummry><Ntry><Amt Ccy="GBP">300.00</Amt><CdtDbtInd>CRDT</CdtDbtInd><Sts>BOOK</Sts><BookgDt><Dt>2018-09-10</Dt></BookgDt><BkTxCd><Prtry><Cd>SIP UKBA CR 40269</Cd></Prtry></BkTxCd><TxDtls><Refs><EndToEndId>NOREF</EndToEndId><TxId>FP185IIGTL7MZ617R8</TxId></Refs><RltdPties><Dbtr><Nm>B L BURNELL</Nm></Dbtr><DbtrAcct><Id><PrtryAcct><Id>95025280164917</Id></PrtryAcct></Id></DbtrAcct><Cdtr><Nm>James Padraig</Nm></Cdtr><CdtrAcct><Id><PrtryAcct><Id>23008200434292</Id></PrtryAcct></Id></CdtrAcct><Prtry><Tp>BTS Ticket</Tp><Pty/></Prtry></RltdPties><RmtInf><Strd><AddtlRmtInf>NO REF</AddtlRmtInf></Strd><Strd><AddtlRmtInf>B L BURNELL//BTS Ticket</AddtlRmtInf></Strd></RmtInf><RltdDts><TxDtTm>2018-09-08T00:05:18</TxDtTm></RltdDts><AddtlTxInf>FP185IIGTL7MZ617R81020180908826301281</AddtlTxInf></TxDtls><AddtlNtryInf>COMPLETE//0000//003//CREDIT</AddtlNtryInf></Ntry><Ntry><Amt Ccy="GBP">100.00</Amt><CdtDbtInd>CRDT</CdtDbtInd><Sts>BOOK</Sts><BookgDt><Dt>2018-09-10</Dt></BookgDt><BkTxCd><Prtry><Cd>SIP UKBA CR 40269</Cd></Prtry></BkTxCd><TxDtls><Refs><EndToEndId>NOREF</EndToEndId><TxId>RP4679960899794900</TxId></Refs><RltdPties><Dbtr><Nm>WOOD J A</Nm></Dbtr><DbtrAcct><Id><PrtryAcct><Id>20199570891800</Id></PrtryAcct></Id></DbtrAcct><Cdtr><Nm>CHRISTOPHER WOOD</Nm></Cdtr><CdtrAcct><Id><PrtryAcct><Id>23008200318755</Id></PrtryAcct></Id></CdtrAcct><Prtry><Tp>PERSONAL</Tp><Pty/></Prtry></RltdPties><RmtInf><Strd><AddtlRmtInf>NO REF</AddtlRmtInf></Strd><Strd><AddtlRmtInf>WOOD J A//PERSONAL</AddtlRmtInf></Strd></RmtInf><RltdDts><TxDtTm>2018-09-08T00:10:40</TxDtTm></RltdDts><AddtlTxInf>RP46799608997949001020180908826200026</AddtlTxInf></TxDtls><AddtlNtryInf>COMPLETE//0000//003//CREDIT</AddtlNtryInf></Ntry><Ntry><Amt Ccy="GBP">520.00</Amt><CdtDbtInd>CRDT</CdtDbtInd><Sts>BOOK</Sts><BookgDt><Dt>2018-09-10</Dt></BookgDt><BkTxCd><Prtry><Cd>SIP UKBA CR 40269</Cd></Prtry></BkTxCd><TxDtls><Refs><EndToEndId>00151695632BBFNPLM</EndToEndId><TxId>00151695632BBFNPLM</TxId></Refs><RltdPties><Dbtr><Nm>AJIBOLA OWOOLAPO</Nm></Dbtr><DbtrAcct><Id><PrtryAcct><Id>09012895613632</Id></PrtryAcct></Id></DbtrAcct><Cdtr><Nm>BETIKU</Nm></Cdtr><CdtrAcct><Id><PrtryAcct><Id>23008200037283</Id></PrtryAcct></Id></CdtrAcct><Prtry><Tp>epson printer</Tp><Pty/></Prtry></RltdPties><RmtInf><Strd><AddtlRmtInf>NO REF</AddtlRmtInf></Strd><Strd><AddtlRmtInf>AJIBOLA OWOOLAPO//epson printer</AddtlRmtInf></Strd></RmtInf><RltdDts><TxDtTm>2018-09-08T00:23:24</TxDtTm></RltdDts><AddtlTxInf>00151695632BBFNPLM1020180908826090128</AddtlTxInf></TxDtls><AddtlNtryInf>COMPLETE//0000//003//CREDIT</AddtlNtryInf></Ntry><Ntry><Amt Ccy="GBP">3.60</Amt><CdtDbtInd>CRDT</CdtDbtInd><Sts>BOOK</Sts><BookgDt><Dt>2018-09-10</Dt></BookgDt><BkTxCd><Prtry><Cd>SIP UKBA CR 40269</Cd></Prtry></BkTxCd><TxDtls><Refs><EndToEndId>NOREF</EndToEndId><TxId>RP4659984111458700</TxId></Refs><RltdPties><Dbtr><Nm>PENALVER S A</Nm></Dbtr><DbtrAcct><Id><PrtryAcct><Id>20980783275760</Id></PrtryAcct></Id></DbtrAcct><Cdtr><Nm>SPENCER ARRO</Nm></Cdtr><CdtrAcct><Id><PrtryAcct><Id>23008200129940</Id></PrtryAcct></Id></CdtrAcct><Prtry><Tp>SAFIA</Tp><Pty/></Prtry></RltdPties><RmtInf><Strd><AddtlRmtInf>NO REF</AddtlRmtInf></Strd><Strd><AddtlRmtInf>PENALVER S A//SAFIA</AddtlRmtInf></Strd></RmtInf><RltdDts><TxDtTm>2018-09-08T00:26:31</TxDtTm></RltdDts><AddtlTxInf>RP46599841114587001020180908826200026</AddtlTxInf></TxDtls><AddtlNtryInf>COMPLETE//0000//003//CREDIT</AddtlNtryInf></Ntry></Ntfctn></BkToCstmrDbtCdtNtfctnV01></Document>