<?xml version="1.0" encoding="UTF-8"?><Document xmlns:xsi="http://www.w3.org/2001/XMLSchema-instance" xmlns="urn:iso:std:iso:20022:tech:xsd:camt.054.001.01"><BkToCstmrDbtCdtNtfctnV01><GrpHdr><MsgId>80309K//12596</MsgId><CreDtTm>2018-09-08T17:00:00</CreDtTm></GrpHdr><Ntfctn><Id>80309K//12596//1</Id><CreDtTm>2018-09-08T17:00:00</CreDtTm><Acct><Id><PrtryAcct><Id>20594233939774</Id></PrtryAcct></Id><Ccy>GBP</Ccy></Acct><TxsSummry><TtlNtries><NbOfNtries>5</NbOfNtries><Sum>152.05</Sum></TtlNtries><TtlCdtNtries><NbOfNtries>5</NbOfNtries><Sum>152.05</Sum></TtlCdtNtries><TtlDbtNtries><NbOfNtries>0</NbOfNtries><Sum>0.00</Sum></TtlDbtNtries></TxsSummry><Ntry><Amt Ccy="GBP">80.00</Amt><CdtDbtInd>CRDT</CdtDbtInd><Sts>BOOK</Sts><BookgDt><Dt>2018-09-10</Dt></BookgDt><BkTxCd><Prtry><Cd>SIP UKBA CR 40269</Cd></Prtry></BkTxCd><TxDtls><Refs><EndToEndId>1571287386</EndToEndId><TxId>780324227600</TxId></Refs><RltdPties><DbtrAcct><Id><PrtryAcct><Id>18500818405549</Id></PrtryAcct></Id></DbtrAcct><Cdtr><Nm>Tanya Mearns</Nm></Cdtr><CdtrAcct><Id><PrtryAcct><Id>23008200356977</Id></PrtryAcct></Id></CdtrAcct><Prtry><Tp>1571287386</Tp><Pty/></Prtry></RltdPties><RmtInf><Strd><RfrdDocInf><RfrdDocTp><Prtry>002</Prtry></RfrdDocTp></RfrdDocInf><AddtlRmtInf>1571287386</AddtlRmtInf></Strd><Strd><AddtlRmtInf>185008 18405549//1571287386</AddtlRmtInf></Strd></RmtInf><RltdDts><TxDtTm>2018-09-08T16:30:33</TxDtTm></RltdDts><AddtlTxInf>780324227600      1020180908826185008</AddtlTxInf></TxDtls><AddtlNtryInf>COMPLETE//0000//003//CREDIT</AddtlNtryInf></Ntry><Ntry><Amt Ccy="GBP">20.00</Amt><CdtDbtInd>CRDT</CdtDbtInd><Sts>BOOK</Sts><BookgDt><Dt>2018-09-10</Dt></BookgDt><BkTxCd><Prtry><Cd>SIP UKBA CR 40269</Cd></Prtry></BkTxCd><TxDtls><Refs><EndToEndId>YOURE WELCOME!</EndToEndId><TxId>05163254914682000R</TxId><Prtry><Tp>STO REF</Tp><Ref>0000</Ref></Prtry></Refs><RltdPties><Dbtr><Nm>PASCAZIO VJ</Nm></Dbtr><DbtrAcct><Id><PrtryAcct><Id>83172800602577</Id></PrtryAcct></Id></DbtrAcct><Cdtr><Nm>ANTHONY OGUNLESI</Nm></Cdtr><CdtrAcct><Id><PrtryAcct><Id>23008200375181</Id></PrtryAcct></Id></CdtrAcct><Prtry><Tp>YOURE WELCOME!</Tp><Pty/></Prtry></RltdPties><RmtInf><Strd><AddtlRmtInf>PASCAZIO VJ       YOURE WELCOME!    VIA MOBILE - LVP</AddtlRmtInf></Strd><Strd><AddtlRmtInf>PASCAZIO VJ//YOURE WELCOME!</AddtlRmtInf></Strd></RmtInf><RltdDts><TxDtTm>2018-09-08T16:32:55</TxDtTm></RltdDts><AddtlTxInf>05163254914682000R1020180908826831728</AddtlTxInf></TxDtls><AddtlNtryInf>COMPLETE//0000//003//CREDIT</AddtlNtryInf></Ntry><Ntry><Amt Ccy="GBP">6.81</Amt><CdtDbtInd>CRDT</CdtDbtInd><Sts>BOOK</Sts><BookgDt><Dt>2018-09-10</Dt></BookgDt><BkTxCd><Prtry><Cd>SIP UKBA CR 40269</Cd></Prtry></BkTxCd><TxDtls><Refs><EndToEndId>PPWD00000000ALT57S</EndToEndId><TxId>PPWD00000000ALT57S</TxId></Refs><RltdPties><Dbtr><Nm>PayPal</Nm><PstlAdr><AdrLine>2211 N 1st Street San Jose CA 95131</AdrLine><Ctry/></PstlAdr></Dbtr><DbtrAcct><Id><PrtryAcct><Id>23526278959595</Id></PrtryAcct></Id></DbtrAcct><Cdtr><Nm>mathew farnham</Nm><PstlAdr><AdrLine>507 coed y gores</AdrLine><Ctry/></PstlAdr></Cdtr><CdtrAcct><Id><PrtryAcct><Id>23008200042415</Id></PrtryAcct></Id></CdtrAcct><Prtry><Tp>PPWDL52BJ2AKWGLMVY</Tp><Pty/></Prtry></RltdPties><RmtInf><Strd><RfrdDocInf><RfrdDocTp><Prtry>002</Prtry></RfrdDocTp></RfrdDocInf><AddtlRmtInf>NO REF</AddtlRmtInf></Strd><Strd><AddtlRmtInf>PayPal//PPWDL52BJ2AKWGLMVY</AddtlRmtInf></Strd></RmtInf><RltdDts><TxDtTm>2018-09-08T16:40:11</TxDtTm></RltdDts><AddtlTxInf>PPWD00000000ALT57S1020180908826235262</AddtlTxInf></TxDtls><AddtlNtryInf>COMPLETE//0000//003//CREDIT</AddtlNtryInf></Ntry><Ntry><Amt Ccy="GBP">30.00</Amt><CdtDbtInd>CRDT</CdtDbtInd><Sts>BOOK</Sts><BookgDt><Dt>2018-09-10</Dt></BookgDt><BkTxCd><Prtry><Cd>SIP UKBA CR 40269</Cd></Prtry></BkTxCd><TxDtls><Refs><EndToEndId>TOP UP ELECTRIC</EndToEndId><TxId>09164034653053000N</TxId><Prtry><Tp>STO REF</Tp><Ref>0000</Ref></Prtry></Refs><RltdPties><Dbtr><Nm>OKUNOREN DB</Nm></Dbtr><DbtrAcct><Id><PrtryAcct><Id>60071843096379</Id></PrtryAcct></Id></DbtrAcct><Cdtr><Nm>RICHARD</Nm></Cdtr><CdtrAcct><Id><PrtryAcct><Id>23008200435381</Id></PrtryAcct></Id></CdtrAcct><Prtry><Tp>TOP UP ELECTRIC</Tp><Pty/></Prtry></RltdPties><RmtInf><Strd><AddtlRmtInf>OKUNOREN DB       TOP UP ELECTRIC   VIA MOBILE - LVP</AddtlRmtInf></Strd><Strd><AddtlRmtInf>OKUNOREN DB//TOP UP ELECTRIC</AddtlRmtInf></Strd></RmtInf><RltdDts><TxDtTm>2018-09-08T16:40:34</TxDtTm></RltdDts><AddtlTxInf>09164034653053000N1020180908826600718</AddtlTxInf></TxDtls><AddtlNtryInf>COMPLETE//0000//003//CREDIT</AddtlNtryInf></Ntry><Ntry><Amt Ccy="GBP">15.24</Amt><CdtDbtInd>CRDT</CdtDbtInd><Sts>BOOK</Sts><BookgDt><Dt>2018-09-10</Dt></BookgDt><BkTxCd><Prtry><Cd>SIP UKBA CR 40269</Cd></Prtry></BkTxCd><TxDtls><Refs><EndToEndId>PPWD00000000ALTAAK</EndToEndId><TxId>PPWD00000000ALTAAK</TxId></Refs><RltdPties><Dbtr><Nm>PayPal</Nm><PstlAdr><AdrLine>2211 N 1st Street San Jose CA 95131</AdrLine><Ctry/></PstlAdr></Dbtr><DbtrAcct><Id><PrtryAcct><Id>23526278959595</Id></PrtryAcct></Id></DbtrAcct><Cdtr><Nm>Gareth Else</Nm><PstlAdr><AdrLine>14 Chaldecott Gardens</AdrLine><Ctry/></PstlAdr></Cdtr><CdtrAcct><Id><PrtryAcct><Id>23008200076819</Id></PrtryAcct></Id></CdtrAcct><Prtry><Tp>PPWDL59H22AKWGXXFG</Tp><Pty/></Prtry></RltdPties><RmtInf><Strd><RfrdDocInf><RfrdDocTp><Prtry>002</Prtry></RfrdDocTp></RfrdDocInf><AddtlRmtInf>NO REF</AddtlRmtInf></Strd><Strd><AddtlRmtInf>PayPal//PPWDL59H22AKWGXXFG</AddtlRmtInf></Strd></RmtInf><RltdDts><TxDtTm>2018-09-08T16:59:14</TxDtTm></RltdDts><AddtlTxInf>PPWD00000000ALTAAK1020180908826235262</AddtlTxInf></TxDtls><AddtlNtryInf>COMPLETE//0000//003//CREDIT</AddtlNtryInf></Ntry></Ntfctn></BkToCstmrDbtCdtNtfctnV01></Document>