<?xml version="1.0" encoding="UTF-8"?><Document xmlns:xsi="http://www.w3.org/2001/XMLSchema-instance" xmlns="urn:iso:std:iso:20022:tech:xsd:camt.054.001.01"><BkToCstmrDbtCdtNtfctnV01><GrpHdr><MsgId>80309K//12373</MsgId><CreDtTm>2018-09-03T18:00:00</CreDtTm></GrpHdr><Ntfctn><Id>80309K//12373//1</Id><CreDtTm>2018-09-03T18:00:00</CreDtTm><Acct><Id><PrtryAcct><Id>20594233939774</Id></PrtryAcct></Id><Ccy>GBP</Ccy></Acct><TxsSummry><TtlNtries><NbOfNtries>8</NbOfNtries><Sum>1400.00</Sum></TtlNtries><TtlCdtNtries><NbOfNtries>8</NbOfNtries><Sum>1400.00</Sum></TtlCdtNtries><TtlDbtNtries><NbOfNtries>0</NbOfNtries><Sum>0.00</Sum></TtlDbtNtries></TxsSummry><Ntry><Amt Ccy="GBP">10.00</Amt><CdtDbtInd>CRDT</CdtDbtInd><Sts>BOOK</Sts><BookgDt><Dt>2018-09-03</Dt></BookgDt><BkTxCd><Prtry><Cd>SIP UKBA CR 40269</Cd></Prtry></BkTxCd><TxDtls><Refs><EndToEndId>X</EndToEndId><TxId>16174357993286000N</TxId><Prtry><Tp>STO REF</Tp><Ref>0000</Ref></Prtry></Refs><RltdPties><Dbtr><Nm>BRIODY L</Nm></Dbtr><DbtrAcct><Id><PrtryAcct><Id>60302134888802</Id></PrtryAcct></Id></DbtrAcct><Cdtr><Nm>ME</Nm></Cdtr><CdtrAcct><Id><PrtryAcct><Id>23008200170994</Id></PrtryAcct></Id></CdtrAcct><Prtry><Tp>X</Tp><Pty/></Prtry></RltdPties><RmtInf><Strd><AddtlRmtInf>BRIODY L          X                 VIA MOBILE - LVP</AddtlRmtInf></Strd><Strd><AddtlRmtInf>BRIODY L//X</AddtlRmtInf></Strd></RmtInf><RltdDts><TxDtTm>2018-09-03T17:43:58</TxDtTm></RltdDts><AddtlTxInf>16174357993286000N1020180903826603021</AddtlTxInf></TxDtls><AddtlNtryInf>COMPLETE//0000//003//CREDIT</AddtlNtryInf></Ntry><Ntry><Amt Ccy="GBP">20.00</Amt><CdtDbtInd>CRDT</CdtDbtInd><Sts>BOOK</Sts><BookgDt><Dt>2018-09-03</Dt></BookgDt><BkTxCd><Prtry><Cd>FDP UKBA CR 40269</Cd></Prtry></BkTxCd><TxDtls><Refs><EndToEndId>NOREF</EndToEndId><TxId>067700841271309001</TxId><Prtry><Tp>STO REF</Tp><Ref>0000</Ref></Prtry></Refs><RltdPties><Dbtr><Nm>DOBRE R A</Nm></Dbtr><DbtrAcct><Id><PrtryAcct><Id>40280664782356</Id></PrtryAcct></Id></DbtrAcct><Cdtr><Nm>Alex</Nm></Cdtr><CdtrAcct><Id><PrtryAcct><Id>23008200223742</Id></PrtryAcct></Id></CdtrAcct><Prtry><Tp>Flat share</Tp><Pty/></Prtry></RltdPties><RmtInf><Strd><AddtlRmtInf>NO REF</AddtlRmtInf></Strd><Strd><AddtlRmtInf>DOBRE R A//Flat share</AddtlRmtInf></Strd></RmtInf><RltdDts><TxDtTm>2018-09-03T17:45:04</TxDtTm></RltdDts><AddtlTxInf>0677008412713090014020180903826402806</AddtlTxInf></TxDtls><AddtlNtryInf>COMPLETE//0000//003//CREDIT</AddtlNtryInf></Ntry><Ntry><Amt Ccy="GBP">40.00</Amt><CdtDbtInd>CRDT</CdtDbtInd><Sts>BOOK</Sts><BookgDt><Dt>2018-09-03</Dt></BookgDt><BkTxCd><Prtry><Cd>SIP UKBA CR 40269</Cd></Prtry></BkTxCd><TxDtls><Refs><EndToEndId>NOREF</EndToEndId><TxId>CBBPI1745162052329</TxId></Refs><RltdPties><Dbtr><Nm>MUHAMMAD DAUD</Nm></Dbtr><DbtrAcct><Id><PrtryAcct><Id>82690970047436</Id></PrtryAcct></Id></DbtrAcct><Cdtr><Nm>Eshan second acc</Nm></Cdtr><CdtrAcct><Id><PrtryAcct><Id>23008200428614</Id></PrtryAcct></Id></CdtrAcct><Prtry><Tp>Donate</Tp><Pty/></Prtry></RltdPties><RmtInf><Strd><RfrdDocInf><RfrdDocTp><Prtry>002</Prtry></RfrdDocTp></RfrdDocInf><AddtlRmtInf>NO REF</AddtlRmtInf></Strd><Strd><AddtlRmtInf>MUHAMMAD DAUD//Donate</AddtlRmtInf></Strd></RmtInf><RltdDts><TxDtTm>2018-09-03T17:45:16</TxDtTm></RltdDts><AddtlTxInf>CBBPI17451620523291020180903826826909</AddtlTxInf></TxDtls><AddtlNtryInf>COMPLETE//0000//003//CREDIT</AddtlNtryInf></Ntry><Ntry><Amt Ccy="GBP">100.00</Amt><CdtDbtInd>CRDT</CdtDbtInd><Sts>BOOK</Sts><BookgDt><Dt>2018-09-03</Dt></BookgDt><BkTxCd><Prtry><Cd>SIP UKBA CR 40269</Cd></Prtry></BkTxCd><TxDtls><Refs><EndToEndId>NOREF</EndToEndId><TxId>RP4679960508204700</TxId></Refs><RltdPties><Dbtr><Nm>ISLAM S</Nm></Dbtr><DbtrAcct><Id><PrtryAcct><Id>20570693350223</Id></PrtryAcct></Id></DbtrAcct><Cdtr><Nm>MD RAKIBE HASAN</Nm></Cdtr><CdtrAcct><Id><PrtryAcct><Id>23008200167300</Id></PrtryAcct></Id></CdtrAcct><Prtry><Tp>RK</Tp><Pty/></Prtry></RltdPties><RmtInf><Strd><AddtlRmtInf>NO REF</AddtlRmtInf></Strd><Strd><AddtlRmtInf>ISLAM S//RK</AddtlRmtInf></Strd></RmtInf><RltdDts><TxDtTm>2018-09-03T17:48:06</TxDtTm></RltdDts><AddtlTxInf>RP46799605082047001020180903826200026</AddtlTxInf></TxDtls><AddtlNtryInf>COMPLETE//0000//003//CREDIT</AddtlNtryInf></Ntry><Ntry><Amt Ccy="GBP">50.00</Amt><CdtDbtInd>CRDT</CdtDbtInd><Sts>BOOK</Sts><BookgDt><Dt>2018-09-03</Dt></BookgDt><BkTxCd><Prtry><Cd>DCA UKBA CR 40269</Cd></Prtry></BkTxCd><TxDtls><Refs><EndToEndId>NOREF</EndToEndId><TxId>000000013457414301</TxId><Prtry><Tp>STO REF</Tp><Ref>9782</Ref></Prtry></Refs><RltdPties><Dbtr><Nm>DANIEL NEACSU</Nm></Dbtr><DbtrAcct><Id><PrtryAcct><Id>20035373152596</Id></PrtryAcct></Id></DbtrAcct><Cdtr><Nm>BUSURCA YGLESIAS</Nm></Cdtr><CdtrAcct><Id><PrtryAcct><Id>23008200199902</Id></PrtryAcct></Id></CdtrAcct><Prtry><Tp>BUSURCA YGLESIAS</Tp><Pty/></Prtry></RltdPties><RmtInf><Strd><AddtlRmtInf>NO REF</AddtlRmtInf></Strd><Strd><AddtlRmtInf>DANIEL NEACSU//BUSURCA YGLESIAS</AddtlRmtInf></Strd></RmtInf><RltdDts><TxDtTm>2018-09-03T17:52:47</TxDtTm></RltdDts><AddtlTxInf>0000000134574143015020180903826200353</AddtlTxInf></TxDtls><AddtlNtryInf>COMPLETE//0000//003//CREDIT</AddtlNtryInf></Ntry><Ntry><Amt Ccy="GBP">200.00</Amt><CdtDbtInd>CRDT</CdtDbtInd><Sts>BOOK</Sts><BookgDt><Dt>2018-09-03</Dt></BookgDt><BkTxCd><Prtry><Cd>SIP UKBA CR 40269</Cd></Prtry></BkTxCd><TxDtls><Refs><EndToEndId>PPWD00000000AKI9VS</EndToEndId><TxId>PPWD00000000AKI9VS</TxId></Refs><RltdPties><Dbtr><Nm>PayPal</Nm><PstlAdr><AdrLine>2211 N 1st Street San Jose CA 95131</AdrLine><Ctry/></PstlAdr></Dbtr><DbtrAcct><Id><PrtryAcct><Id>23526278959595</Id></PrtryAcct></Id></DbtrAcct><Cdtr><Nm>alan godfrey</Nm><PstlAdr><AdrLine>27 Commercial Street</AdrLine><Ctry/></PstlAdr></Cdtr><CdtrAcct><Id><PrtryAcct><Id>23008200175542</Id></PrtryAcct></Id></CdtrAcct><Prtry><Tp>PPWDL4GQJ2AKRV87QQ</Tp><Pty/></Prtry></RltdPties><RmtInf><Strd><RfrdDocInf><RfrdDocTp><Prtry>002</Prtry></RfrdDocTp></RfrdDocInf><AddtlRmtInf>NO REF</AddtlRmtInf></Strd><Strd><AddtlRmtInf>PayPal//PPWDL4GQJ2AKRV87QQ</AddtlRmtInf></Strd></RmtInf><RltdDts><TxDtTm>2018-09-03T17:53:06</TxDtTm></RltdDts><AddtlTxInf>PPWD00000000AKI9VS1020180903826235262</AddtlTxInf></TxDtls><AddtlNtryInf>COMPLETE//0000//003//CREDIT</AddtlNtryInf></Ntry><Ntry><Amt Ccy="GBP">900.00</Amt><CdtDbtInd>CRDT</CdtDbtInd><Sts>BOOK</Sts><BookgDt><Dt>2018-09-03</Dt></BookgDt><BkTxCd><Prtry><Cd>SIP UKBA CR 40269</Cd></Prtry></BkTxCd><TxDtls><Refs><EndToEndId>00151842632BBJFFJP</EndToEndId><TxId>00151842632BBJFFJP</TxId></Refs><RltdPties><Dbtr><Nm>MOHAMMED NASSIR</Nm></Dbtr><DbtrAcct><Id><PrtryAcct><Id>09012719668598</Id></PrtryAcct></Id></DbtrAcct><Cdtr><Nm>MOHAMMED NASSIR</Nm></Cdtr><CdtrAcct><Id><PrtryAcct><Id>23008200154975</Id></PrtryAcct></Id></CdtrAcct><Prtry><Tp>test payment</Tp><Pty/></Prtry></RltdPties><RmtInf><Strd><AddtlRmtInf>NO REF</AddtlRmtInf></Strd><Strd><AddtlRmtInf>MOHAMMED NASSIR//test payment</AddtlRmtInf></Strd></RmtInf><RltdDts><TxDtTm>2018-09-03T17:59:12</TxDtTm></RltdDts><AddtlTxInf>00151842632BBJFFJP1020180903826090127</AddtlTxInf></TxDtls><AddtlNtryInf>COMPLETE//0000//003//CREDIT</AddtlNtryInf></Ntry><Ntry><Amt Ccy="GBP">80.00</Amt><CdtDbtInd>CRDT</CdtDbtInd><Sts>BOOK</Sts><BookgDt><Dt>2018-09-03</Dt></BookgDt><BkTxCd><Prtry><Cd>SIP UKBA CR 40269</Cd></Prtry></BkTxCd><TxDtls><Refs><EndToEndId>PPWD00000000AKIC6Y</EndToEndId><TxId>PPWD00000000AKIC6Y</TxId></Refs><RltdPties><Dbtr><Nm>PayPal</Nm><PstlAdr><AdrLine>2211 N 1st Street San Jose CA 95131</AdrLine><Ctry/></PstlAdr></Dbtr><DbtrAcct><Id><PrtryAcct><Id>23526278959595</Id></PrtryAcct></Id></DbtrAcct><Cdtr><Nm>nicholas jones</Nm><PstlAdr><AdrLine>56 Harold Street</AdrLine><Ctry/></PstlAdr></Cdtr><CdtrAcct><Id><PrtryAcct><Id>23008200351123</Id></PrtryAcct></Id></CdtrAcct><Prtry><Tp>PPWDL4J322AKRVESF2</Tp><Pty/></Prtry></RltdPties><RmtInf><Strd><RfrdDocInf><RfrdDocTp><Prtry>002</Prtry></RfrdDocTp></RfrdDocInf><AddtlRmtInf>NO REF</AddtlRmtInf></Strd><Strd><AddtlRmtInf>PayPal//PPWDL4J322AKRVESF2</AddtlRmtInf></Strd></RmtInf><RltdDts><TxDtTm>2018-09-03T17:59:14</TxDtTm></RltdDts><AddtlTxInf>PPWD00000000AKIC6Y1020180903826235262</AddtlTxInf></TxDtls><AddtlNtryInf>COMPLETE//0000//003//CREDIT</AddtlNtryInf></Ntry></Ntfctn></BkToCstmrDbtCdtNtfctnV01></Document>