<?xml version="1.0" encoding="UTF-8"?><Document xmlns:xsi="http://www.w3.org/2001/XMLSchema-instance" xmlns="urn:iso:std:iso:20022:tech:xsd:camt.054.001.01"><BkToCstmrDbtCdtNtfctnV01><GrpHdr><MsgId>80309K//13068</MsgId><CreDtTm>2018-09-19T20:30:00</CreDtTm></GrpHdr><Ntfctn><Id>80309K//13068//1</Id><CreDtTm>2018-09-19T20:30:00</CreDtTm><Acct><Id><PrtryAcct><Id>20594233939774</Id></PrtryAcct></Id><Ccy>GBP</Ccy></Acct><TxsSummry><TtlNtries><NbOfNtries>5</NbOfNtries><Sum>580.00</Sum></TtlNtries><TtlCdtNtries><NbOfNtries>5</NbOfNtries><Sum>580.00</Sum></TtlCdtNtries><TtlDbtNtries><NbOfNtries>0</NbOfNtries><Sum>0.00</Sum></TtlDbtNtries></TxsSummry><Ntry><Amt Ccy="GBP">20.00</Amt><CdtDbtInd>CRDT</CdtDbtInd><Sts>BOOK</Sts><BookgDt><Dt>2018-09-20</Dt></BookgDt><BkTxCd><Prtry><Cd>SIP UKBA CR 40269</Cd></Prtry></BkTxCd><TxDtls><Refs><EndToEndId>NOREF</EndToEndId><TxId>180919200810677663</TxId></Refs><RltdPties><Dbtr><Nm>Jennifer Walmsley</Nm></Dbtr><DbtrAcct><Id><PrtryAcct><Id>77202459894468</Id></PrtryAcct></Id></DbtrAcct><Cdtr><Nm>kris arro</Nm></Cdtr><CdtrAcct><Id><PrtryAcct><Id>23008200414931</Id></PrtryAcct></Id></CdtrAcct></RltdPties><RmtInf><Strd><AddtlRmtInf>NO REF</AddtlRmtInf></Strd><Strd><AddtlRmtInf>Jennifer Walmsley//</AddtlRmtInf></Strd></RmtInf><RltdDts><TxDtTm>2018-09-19T20:08:08</TxDtTm></RltdDts><AddtlTxInf>1809192008106776631020180919826772024</AddtlTxInf></TxDtls><AddtlNtryInf>COMPLETE//0000//003//CREDIT</AddtlNtryInf></Ntry><Ntry><Amt Ccy="GBP">500.00</Amt><CdtDbtInd>CRDT</CdtDbtInd><Sts>BOOK</Sts><BookgDt><Dt>2018-09-20</Dt></BookgDt><BkTxCd><Prtry><Cd>SIP UKBA CR 40269</Cd></Prtry></BkTxCd><TxDtls><Refs><EndToEndId>00152889632BGZKVTG</EndToEndId><TxId>00152889632BGZKVTG</TxId></Refs><RltdPties><Dbtr><Nm>BROADWALK GROUP LIMITED</Nm></Dbtr><DbtrAcct><Id><PrtryAcct><Id>09012911473866</Id></PrtryAcct></Id></DbtrAcct><Cdtr><Nm>ali karma</Nm></Cdtr><CdtrAcct><Id><PrtryAcct><Id>23008200386714</Id></PrtryAcct></Id></CdtrAcct><Prtry><Tp>broad walk</Tp><Pty/></Prtry></RltdPties><RmtInf><Strd><AddtlRmtInf>NO REF</AddtlRmtInf></Strd><Strd><AddtlRmtInf>BROADWALK GROUP LI//broad walk</AddtlRmtInf></Strd></RmtInf><RltdDts><TxDtTm>2018-09-19T20:09:11</TxDtTm></RltdDts><AddtlTxInf>00152889632BGZKVTG1020180919826090129</AddtlTxInf></TxDtls><AddtlNtryInf>COMPLETE//0000//003//CREDIT</AddtlNtryInf></Ntry><Ntry><Amt Ccy="GBP">10.00</Amt><CdtDbtInd>CRDT</CdtDbtInd><Sts>BOOK</Sts><BookgDt><Dt>2018-09-20</Dt></BookgDt><BkTxCd><Prtry><Cd>SIP UKBA CR 40269</Cd></Prtry></BkTxCd><TxDtls><Refs><EndToEndId>FUN</EndToEndId><TxId>13201006439192000N</TxId><Prtry><Tp>STO REF</Tp><Ref>0000</Ref></Prtry></Refs><RltdPties><Dbtr><Nm>COMPTON SE</Nm></Dbtr><DbtrAcct><Id><PrtryAcct><Id>60051319872003</Id></PrtryAcct></Id></DbtrAcct><Cdtr><Nm>SUE</Nm></Cdtr><CdtrAcct><Id><PrtryAcct><Id>23008200140276</Id></PrtryAcct></Id></CdtrAcct><Prtry><Tp>FUN</Tp><Pty/></Prtry></RltdPties><RmtInf><Strd><AddtlRmtInf>COMPTON SE        FUN               VIA MOBILE - LVP</AddtlRmtInf></Strd><Strd><AddtlRmtInf>COMPTON SE//FUN</AddtlRmtInf></Strd></RmtInf><RltdDts><TxDtTm>2018-09-19T20:10:06</TxDtTm></RltdDts><AddtlTxInf>13201006439192000N1020180919826600513</AddtlTxInf></TxDtls><AddtlNtryInf>COMPLETE//0000//003//CREDIT</AddtlNtryInf></Ntry><Ntry><Amt Ccy="GBP">20.00</Amt><CdtDbtInd>CRDT</CdtDbtInd><Sts>BOOK</Sts><BookgDt><Dt>2018-09-20</Dt></BookgDt><BkTxCd><Prtry><Cd>SIP UKBA CR 40269</Cd></Prtry></BkTxCd><TxDtls><Refs><EndToEndId>00153425632BWCPRWT</EndToEndId><TxId>00153425632BWCPRWT</TxId></Refs><RltdPties><Dbtr><Nm>EVA DONKER</Nm></Dbtr><DbtrAcct><Id><PrtryAcct><Id>09012925609493</Id></PrtryAcct></Id></DbtrAcct><Cdtr><Nm>abbey animashaun</Nm></Cdtr><CdtrAcct><Id><PrtryAcct><Id>23008200453901</Id></PrtryAcct></Id></CdtrAcct><Prtry><Tp>dodo</Tp><Pty/></Prtry></RltdPties><RmtInf><Strd><AddtlRmtInf>NO REF</AddtlRmtInf></Strd><Strd><AddtlRmtInf>EVA DONKER//dodo</AddtlRmtInf></Strd></RmtInf><RltdDts><TxDtTm>2018-09-19T20:22:19</TxDtTm></RltdDts><AddtlTxInf>00153425632BWCPRWT1020180919826090129</AddtlTxInf></TxDtls><AddtlNtryInf>COMPLETE//0000//003//CREDIT</AddtlNtryInf></Ntry><Ntry><Amt Ccy="GBP">30.00</Amt><CdtDbtInd>CRDT</CdtDbtInd><Sts>BOOK</Sts><BookgDt><Dt>2018-09-20</Dt></BookgDt><BkTxCd><Prtry><Cd>SIP UKBA CR 40269</Cd></Prtry></BkTxCd><TxDtls><Refs><EndToEndId>000000FT1826237P5R</EndToEndId><TxId>000000FT1826237P5R</TxId></Refs><RltdPties><Dbtr><Nm>HAYDAR NAGY DEHAYNI</Nm><PstlAdr><AdrLine>FLAT 2 SHOCKLEY HOUSE 10;MILTON KE;</AdrLine><AdrLine>YNES</AdrLine><Ctry/></PstlAdr></Dbtr><DbtrAcct><Id><PrtryAcct><Id>23058015762012</Id></PrtryAcct></Id></DbtrAcct><Cdtr><Nm>M QUARTEY</Nm><PstlAdr><AdrLine>WIRECARD;Newcastle Upon Tyne</AdrLine><Ctry/></PstlAdr></Cdtr><CdtrAcct><Id><PrtryAcct><Id>23008200182550</Id></PrtryAcct></Id></CdtrAcct><Prtry><Tp>Neighbor</Tp><Pty/></Prtry></RltdPties><RmtInf><Strd><AddtlRmtInf>NO REF</AddtlRmtInf></Strd><Strd><AddtlRmtInf>HAYDAR NAGY DEHAYN//Neighbor</AddtlRmtInf></Strd></RmtInf><RltdDts><TxDtTm>2018-09-19T20:27:00</TxDtTm></RltdDts><AddtlTxInf>000000FT1826237P5R1020180919826230580</AddtlTxInf></TxDtls><AddtlNtryInf>COMPLETE//0000//003//CREDIT</AddtlNtryInf></Ntry></Ntfctn></BkToCstmrDbtCdtNtfctnV01></Document>