<?xml version="1.0" encoding="UTF-8"?><Document xmlns:xsi="http://www.w3.org/2001/XMLSchema-instance" xmlns="urn:iso:std:iso:20022:tech:xsd:camt.054.001.01"><BkToCstmrDbtCdtNtfctnV01><GrpHdr><MsgId>80309K//12730</MsgId><CreDtTm>2018-09-11T23:00:00</CreDtTm></GrpHdr><Ntfctn><Id>80309K//12730//1</Id><CreDtTm>2018-09-11T23:00:00</CreDtTm><Acct><Id><PrtryAcct><Id>20594233939774</Id></PrtryAcct></Id><Ccy>GBP</Ccy></Acct><TxsSummry><TtlNtries><NbOfNtries>4</NbOfNtries><Sum>707.00</Sum></TtlNtries><TtlCdtNtries><NbOfNtries>4</NbOfNtries><Sum>707.00</Sum></TtlCdtNtries><TtlDbtNtries><NbOfNtries>0</NbOfNtries><Sum>0.00</Sum></TtlDbtNtries></TxsSummry><Ntry><Amt Ccy="GBP">28.00</Amt><CdtDbtInd>CRDT</CdtDbtInd><Sts>BOOK</Sts><BookgDt><Dt>2018-09-12</Dt></BookgDt><BkTxCd><Prtry><Cd>SIP UKBA CR 40269</Cd></Prtry></BkTxCd><TxDtls><Refs><EndToEndId>NOREF</EndToEndId><TxId>RP4659984352020200</TxId></Refs><RltdPties><Dbtr><Nm>T A MARSHALL</Nm></Dbtr><DbtrAcct><Id><PrtryAcct><Id>20396480598240</Id></PrtryAcct></Id></DbtrAcct><Cdtr><Nm>T A MARSHALL</Nm></Cdtr><CdtrAcct><Id><PrtryAcct><Id>23008200033369</Id></PrtryAcct></Id></CdtrAcct><Prtry><Tp>ME</Tp><Pty/></Prtry></RltdPties><RmtInf><Strd><AddtlRmtInf>NO REF</AddtlRmtInf></Strd><Strd><AddtlRmtInf>T A MARSHALL//ME</AddtlRmtInf></Strd></RmtInf><RltdDts><TxDtTm>2018-09-11T22:40:37</TxDtTm></RltdDts><AddtlTxInf>RP46599843520202001020180911826200026</AddtlTxInf></TxDtls><AddtlNtryInf>COMPLETE//0000//003//CREDIT</AddtlNtryInf></Ntry><Ntry><Amt Ccy="GBP">4.00</Amt><CdtDbtInd>CRDT</CdtDbtInd><Sts>BOOK</Sts><BookgDt><Dt>2018-09-12</Dt></BookgDt><BkTxCd><Prtry><Cd>SIP UKBA CR 40269</Cd></Prtry></BkTxCd><TxDtls><Refs><EndToEndId>NOREF</EndToEndId><TxId>RP4659984352180000</TxId></Refs><RltdPties><Dbtr><Nm>SIMANOVICA U</Nm></Dbtr><DbtrAcct><Id><PrtryAcct><Id>20992183512304</Id></PrtryAcct></Id></DbtrAcct><Cdtr><Nm>KAROLIS JASMONTAS</Nm></Cdtr><CdtrAcct><Id><PrtryAcct><Id>23008200212074</Id></PrtryAcct></Id></CdtrAcct><Prtry><Tp>.....</Tp><Pty/></Prtry></RltdPties><RmtInf><Strd><AddtlRmtInf>NO REF</AddtlRmtInf></Strd><Strd><AddtlRmtInf>SIMANOVICA U//.....</AddtlRmtInf></Strd></RmtInf><RltdDts><TxDtTm>2018-09-11T22:46:25</TxDtTm></RltdDts><AddtlTxInf>RP46599843521800001020180911826200026</AddtlTxInf></TxDtls><AddtlNtryInf>COMPLETE//0000//003//CREDIT</AddtlNtryInf></Ntry><Ntry><Amt Ccy="GBP">20.00</Amt><CdtDbtInd>CRDT</CdtDbtInd><Sts>BOOK</Sts><BookgDt><Dt>2018-09-12</Dt></BookgDt><BkTxCd><Prtry><Cd>SIP UKBA CR 40269</Cd></Prtry></BkTxCd><TxDtls><Refs><EndToEndId>NOREF</EndToEndId><TxId>300000000391625771</TxId></Refs><RltdPties><Dbtr><Nm>D Kabasubabo</Nm></Dbtr><DbtrAcct><Id><PrtryAcct><Id>11736108225063</Id></PrtryAcct></Id></DbtrAcct><Cdtr><Nm>RITHA BOMOLO</Nm></Cdtr><CdtrAcct><Id><PrtryAcct><Id>23008200073584</Id></PrtryAcct></Id></CdtrAcct><Prtry><Tp>TICKET</Tp><Pty/></Prtry></RltdPties><RmtInf><Strd><AddtlRmtInf>NO REF</AddtlRmtInf></Strd><Strd><AddtlRmtInf>D Kabasubabo//TICKET</AddtlRmtInf></Strd></RmtInf><RltdDts><TxDtTm>2018-09-11T22:55:01</TxDtTm></RltdDts><AddtlTxInf>3000000003916257711020180911826117361</AddtlTxInf></TxDtls><AddtlNtryInf>COMPLETE//0000//003//CREDIT</AddtlNtryInf></Ntry><Ntry><Amt Ccy="GBP">655.00</Amt><CdtDbtInd>CRDT</CdtDbtInd><Sts>BOOK</Sts><BookgDt><Dt>2018-09-12</Dt></BookgDt><BkTxCd><Prtry><Cd>SIP UKBA CR 40269</Cd></Prtry></BkTxCd><TxDtls><Refs><EndToEndId>NOREF</EndToEndId><TxId>200000000386314660</TxId></Refs><RltdPties><Dbtr><Nm>V Sibomana</Nm></Dbtr><DbtrAcct><Id><PrtryAcct><Id>11064700977738</Id></PrtryAcct></Id></DbtrAcct><Cdtr><Nm>TRAVEL CENTER</Nm></Cdtr><CdtrAcct><Id><PrtryAcct><Id>23008200223308</Id></PrtryAcct></Id></CdtrAcct><Prtry><Tp>VEREDIANE SIBOMANA</Tp><Pty/></Prtry></RltdPties><RmtInf><Strd><AddtlRmtInf>NO REF</AddtlRmtInf></Strd><Strd><AddtlRmtInf>V Sibomana//VEREDIANE SIBOMANA</AddtlRmtInf></Strd></RmtInf><RltdDts><TxDtTm>2018-09-11T22:59:10</TxDtTm></RltdDts><AddtlTxInf>2000000003863146601020180911826110647</AddtlTxInf></TxDtls><AddtlNtryInf>COMPLETE//0000//003//CREDIT</AddtlNtryInf></Ntry></Ntfctn></BkToCstmrDbtCdtNtfctnV01></Document>