<?xml version="1.0" encoding="UTF-8"?><Document xmlns:xsi="http://www.w3.org/2001/XMLSchema-instance" xmlns="urn:iso:std:iso:20022:tech:xsd:camt.054.001.01"><BkToCstmrDbtCdtNtfctnV01><GrpHdr><MsgId>80309K//12270</MsgId><CreDtTm>2018-09-01T10:00:00</CreDtTm></GrpHdr><Ntfctn><Id>80309K//12270//1</Id><CreDtTm>2018-09-01T10:00:00</CreDtTm><Acct><Id><PrtryAcct><Id>20594233939774</Id></PrtryAcct></Id><Ccy>GBP</Ccy></Acct><TxsSummry><TtlNtries><NbOfNtries>6</NbOfNtries><Sum>244.04</Sum></TtlNtries><TtlCdtNtries><NbOfNtries>6</NbOfNtries><Sum>244.04</Sum></TtlCdtNtries><TtlDbtNtries><NbOfNtries>0</NbOfNtries><Sum>0.00</Sum></TtlDbtNtries></TxsSummry><Ntry><Amt Ccy="GBP">150.00</Amt><CdtDbtInd>CRDT</CdtDbtInd><Sts>BOOK</Sts><BookgDt><Dt>2018-09-03</Dt></BookgDt><BkTxCd><Prtry><Cd>SIP UKBA CR 40269</Cd></Prtry></BkTxCd><TxDtls><Refs><EndToEndId>NOREF</EndToEndId><TxId>400000000389400063</TxId></Refs><RltdPties><Dbtr><Nm>J Chrappah</Nm></Dbtr><DbtrAcct><Id><PrtryAcct><Id>11181131677974</Id></PrtryAcct></Id></DbtrAcct><Cdtr><Nm>JAYARO</Nm></Cdtr><CdtrAcct><Id><PrtryAcct><Id>23008200207569</Id></PrtryAcct></Id></CdtrAcct><Prtry><Tp>FUNDS3</Tp><Pty/></Prtry></RltdPties><RmtInf><Strd><AddtlRmtInf>NO REF</AddtlRmtInf></Strd><Strd><AddtlRmtInf>J Chrappah//FUNDS3</AddtlRmtInf></Strd></RmtInf><RltdDts><TxDtTm>2018-09-01T09:30:24</TxDtTm></RltdDts><AddtlTxInf>4000000003894000631020180901826111811</AddtlTxInf></TxDtls><AddtlNtryInf>COMPLETE//0000//003//CREDIT</AddtlNtryInf></Ntry><Ntry><Amt Ccy="GBP">72.00</Amt><CdtDbtInd>CRDT</CdtDbtInd><Sts>BOOK</Sts><BookgDt><Dt>2018-09-03</Dt></BookgDt><BkTxCd><Prtry><Cd>SIP UKBA CR 40269</Cd></Prtry></BkTxCd><TxDtls><Refs><EndToEndId>NOREF</EndToEndId><TxId>200000000382933402</TxId></Refs><RltdPties><Dbtr><Nm>U Ugochukwu</Nm></Dbtr><DbtrAcct><Id><PrtryAcct><Id>77912920110860</Id></PrtryAcct></Id></DbtrAcct><Cdtr><Nm>PHILOMILLION LTD</Nm></Cdtr><CdtrAcct><Id><PrtryAcct><Id>23008200033343</Id></PrtryAcct></Id></CdtrAcct><Prtry><Tp>GOODS</Tp><Pty/></Prtry></RltdPties><RmtInf><Strd><AddtlRmtInf>NO REF</AddtlRmtInf></Strd><Strd><AddtlRmtInf>U Ugochukwu//GOODS</AddtlRmtInf></Strd></RmtInf><RltdDts><TxDtTm>2018-09-01T09:30:29</TxDtTm></RltdDts><AddtlTxInf>2000000003829334021020180901826779129</AddtlTxInf></TxDtls><AddtlNtryInf>COMPLETE//0000//003//CREDIT</AddtlNtryInf></Ntry><Ntry><Amt Ccy="GBP">5.00</Amt><CdtDbtInd>CRDT</CdtDbtInd><Sts>BOOK</Sts><BookgDt><Dt>2018-09-03</Dt></BookgDt><BkTxCd><Prtry><Cd>SIP UKBA CR 40269</Cd></Prtry></BkTxCd><TxDtls><Refs><EndToEndId>NOREF</EndToEndId><TxId>637502503390109001</TxId><Prtry><Tp>STO REF</Tp><Ref>0000</Ref></Prtry></Refs><RltdPties><Dbtr><Nm>ALESSANDRO L</Nm></Dbtr><DbtrAcct><Id><PrtryAcct><Id>40090094515056</Id></PrtryAcct></Id></DbtrAcct><Cdtr><Nm>Lisa</Nm></Cdtr><CdtrAcct><Id><PrtryAcct><Id>23008200190699</Id></PrtryAcct></Id></CdtrAcct><Prtry><Tp>Mobey</Tp><Pty/></Prtry></RltdPties><RmtInf><Strd><AddtlRmtInf>NO REF</AddtlRmtInf></Strd><Strd><AddtlRmtInf>ALESSANDRO L//Mobey</AddtlRmtInf></Strd></RmtInf><RltdDts><TxDtTm>2018-09-01T09:33:05</TxDtTm></RltdDts><AddtlTxInf>6375025033901090011020180901826400900</AddtlTxInf></TxDtls><AddtlNtryInf>COMPLETE//0000//003//CREDIT</AddtlNtryInf></Ntry><Ntry><Amt Ccy="GBP">0.33</Amt><CdtDbtInd>CRDT</CdtDbtInd><Sts>BOOK</Sts><BookgDt><Dt>2018-09-03</Dt></BookgDt><BkTxCd><Prtry><Cd>SIP UKBA CR 40269</Cd></Prtry></BkTxCd><TxDtls><Refs><EndToEndId>NOREF</EndToEndId><TxId>17093528854877000R</TxId><Prtry><Tp>STO REF</Tp><Ref>0000</Ref></Prtry></Refs><RltdPties><Dbtr><Nm>LEE DENNIS HERRING</Nm><PstlAdr><AdrLine>4 MOAT HOUSE COTTAGES;</AdrLine><AdrLine>COMMONS ROAD;</AdrLine><AdrLine>PEMBROKE       DYFED UNIT</AdrLine><Ctry/></PstlAdr></Dbtr><DbtrAcct><Id><PrtryAcct><Id>16313021802288</Id></PrtryAcct></Id></DbtrAcct><Cdtr><Nm>LEE HERRING</Nm></Cdtr><CdtrAcct><Id><PrtryAcct><Id>23008200198736</Id></PrtryAcct></Id></CdtrAcct><Prtry><Tp>SAVE</Tp><Pty/></Prtry></RltdPties><RmtInf><Strd><AddtlRmtInf>SAVE</AddtlRmtInf></Strd><Strd><AddtlRmtInf>LEE DENNIS HERRING//SAVE</AddtlRmtInf></Strd></RmtInf><RltdDts><TxDtTm>2018-09-01T09:35:29</TxDtTm></RltdDts><AddtlTxInf>17093528854877000R1020180901826163130</AddtlTxInf></TxDtls><AddtlNtryInf>COMPLETE//0000//003//CREDIT</AddtlNtryInf></Ntry><Ntry><Amt Ccy="GBP">6.31</Amt><CdtDbtInd>CRDT</CdtDbtInd><Sts>BOOK</Sts><BookgDt><Dt>2018-09-03</Dt></BookgDt><BkTxCd><Prtry><Cd>SIP UKBA CR 40269</Cd></Prtry></BkTxCd><TxDtls><Refs><EndToEndId>NOREF</EndToEndId><TxId>FP18244O07966414</TxId></Refs><RltdPties><Dbtr><Nm>Powis Clayton</Nm></Dbtr><DbtrAcct><Id><PrtryAcct><Id>07043633307119</Id></PrtryAcct></Id></DbtrAcct><Cdtr><Nm>CLAYTON POWIS</Nm></Cdtr><CdtrAcct><Id><PrtryAcct><Id>23008200023182</Id></PrtryAcct></Id></CdtrAcct><Prtry><Tp>H</Tp><Pty/></Prtry></RltdPties><RmtInf><Strd><AddtlRmtInf>NO REF</AddtlRmtInf></Strd><Strd><AddtlRmtInf>Powis Clayton//H</AddtlRmtInf></Strd></RmtInf><RltdDts><TxDtTm>2018-09-01T09:40:49</TxDtTm></RltdDts><AddtlTxInf>FP18244O07966414  1020180901826070436</AddtlTxInf></TxDtls><AddtlNtryInf>COMPLETE//0000//003//CREDIT</AddtlNtryInf></Ntry><Ntry><Amt Ccy="GBP">10.40</Amt><CdtDbtInd>CRDT</CdtDbtInd><Sts>BOOK</Sts><BookgDt><Dt>2018-09-03</Dt></BookgDt><BkTxCd><Prtry><Cd>SIP UKBA CR 40269</Cd></Prtry></BkTxCd><TxDtls><Refs><EndToEndId>PPWD00000000AJXN1U</EndToEndId><TxId>PPWD00000000AJXN1U</TxId></Refs><RltdPties><Dbtr><Nm>PayPal</Nm><PstlAdr><AdrLine>2211 N 1st Street San Jose CA 95131</AdrLine><Ctry/></PstlAdr></Dbtr><DbtrAcct><Id><PrtryAcct><Id>23526278959595</Id></PrtryAcct></Id></DbtrAcct><Cdtr><Nm>Ola Akingbogun</Nm><PstlAdr><AdrLine>York Road</AdrLine><Ctry/></PstlAdr></Cdtr><CdtrAcct><Id><PrtryAcct><Id>23008200294917</Id></PrtryAcct></Id></CdtrAcct><Prtry><Tp>PPWDL488J2AKQ6LDPL</Tp><Pty/></Prtry></RltdPties><RmtInf><Strd><RfrdDocInf><RfrdDocTp><Prtry>002</Prtry></RfrdDocTp></RfrdDocInf><AddtlRmtInf>NO REF</AddtlRmtInf></Strd><Strd><AddtlRmtInf>PayPal//PPWDL488J2AKQ6LDPL</AddtlRmtInf></Strd></RmtInf><RltdDts><TxDtTm>2018-09-01T09:52:11</TxDtTm></RltdDts><AddtlTxInf>PPWD00000000AJXN1U1020180901826235262</AddtlTxInf></TxDtls><AddtlNtryInf>COMPLETE//0000//003//CREDIT</AddtlNtryInf></Ntry></Ntfctn></BkToCstmrDbtCdtNtfctnV01></Document>