<?xml version="1.0" encoding="UTF-8"?><Document xmlns:xsi="http://www.w3.org/2001/XMLSchema-instance" xmlns="urn:iso:std:iso:20022:tech:xsd:camt.054.001.01"><BkToCstmrDbtCdtNtfctnV01><GrpHdr><MsgId>80309K//12793</MsgId><CreDtTm>2018-09-13T11:30:00</CreDtTm></GrpHdr><Ntfctn><Id>80309K//12793//1</Id><CreDtTm>2018-09-13T11:30:00</CreDtTm><Acct><Id><PrtryAcct><Id>20594233939774</Id></PrtryAcct></Id><Ccy>GBP</Ccy></Acct><TxsSummry><TtlNtries><NbOfNtries>16</NbOfNtries><Sum>16148.15</Sum></TtlNtries><TtlCdtNtries><NbOfNtries>13</NbOfNtries><Sum>3224.61</Sum></TtlCdtNtries><TtlDbtNtries><NbOfNtries>3</NbOfNtries><Sum>12923.54</Sum></TtlDbtNtries></TxsSummry><Ntry><Amt Ccy="GBP">5653.00</Amt><CdtDbtInd>DBIT</CdtDbtInd><Sts>BOOK</Sts><BookgDt><Dt>2018-09-13</Dt></BookgDt><BkTxCd><Prtry><Cd>AUT UKBA DR 30278</Cd></Prtry></BkTxCd><TxDtls><Refs><TxId>000000000336363000</TxId></Refs><RltdPties><DbtrAcct><Id><PrtryAcct><Id>20594233939774</Id></PrtryAcct></Id></DbtrAcct></RltdPties><RmtInf><Strd><AddtlRmtInf>NO REF</AddtlRmtInf></Strd><Strd><AddtlRmtInf>20180913A44639//7S      F121OT4136</AddtlRmtInf></Strd></RmtInf><RltdDts><TxDtTm>2018-09-13T11:01:33</TxDtTm></RltdDts><AddtlTxInf>0000000003363630000020180913826205942</AddtlTxInf></TxDtls><AddtlNtryInf>AUTHSENT//0000//001//DEBIT</AddtlNtryInf></Ntry><Ntry><Amt Ccy="GBP">4000.00</Amt><CdtDbtInd>DBIT</CdtDbtInd><Sts>BOOK</Sts><BookgDt><Dt>2018-09-13</Dt></BookgDt><BkTxCd><Prtry><Cd>AUT UKBA DR 30278</Cd></Prtry></BkTxCd><TxDtls><Refs><TxId>000000000336363200</TxId></Refs><RltdPties><DbtrAcct><Id><PrtryAcct><Id>20594233939774</Id></PrtryAcct></Id></DbtrAcct></RltdPties><RmtInf><Strd><AddtlRmtInf>NO REF</AddtlRmtInf></Strd><Strd><AddtlRmtInf>20180913A44639//7S      F121JLT134</AddtlRmtInf></Strd></RmtInf><RltdDts><TxDtTm>2018-09-13T11:01:40</TxDtTm></RltdDts><AddtlTxInf>0000000003363632000020180913826205942</AddtlTxInf></TxDtls><AddtlNtryInf>AUTHSENT//0000//001//DEBIT</AddtlNtryInf></Ntry><Ntry><Amt Ccy="GBP">3270.54</Amt><CdtDbtInd>DBIT</CdtDbtInd><Sts>BOOK</Sts><BookgDt><Dt>2018-09-13</Dt></BookgDt><BkTxCd><Prtry><Cd>AUT UKBA DR 30278</Cd></Prtry></BkTxCd><TxDtls><Refs><TxId>000000000336363300</TxId></Refs><RltdPties><DbtrAcct><Id><PrtryAcct><Id>20594233939774</Id></PrtryAcct></Id></DbtrAcct></RltdPties><RmtInf><Strd><AddtlRmtInf>NO REF</AddtlRmtInf></Strd><Strd><AddtlRmtInf>20180913A44639//7S      F121J0U132</AddtlRmtInf></Strd></RmtInf><RltdDts><TxDtTm>2018-09-13T11:01:48</TxDtTm></RltdDts><AddtlTxInf>0000000003363633000020180913826205942</AddtlTxInf></TxDtls><AddtlNtryInf>AUTHSENT//0000//001//DEBIT</AddtlNtryInf></Ntry><Ntry><Amt Ccy="GBP">55.00</Amt><CdtDbtInd>CRDT</CdtDbtInd><Sts>BOOK</Sts><BookgDt><Dt>2018-09-13</Dt></BookgDt><BkTxCd><Prtry><Cd>SIP UKBA CR 40269</Cd></Prtry></BkTxCd><TxDtls><Refs><EndToEndId>PPWD00000000AMZOGG</EndToEndId><TxId>PPWD00000000AMZOGG</TxId></Refs><RltdPties><Dbtr><Nm>PayPal</Nm><PstlAdr><AdrLine>2211 N 1st Street San Jose CA 95131</AdrLine><Ctry/></PstlAdr></Dbtr><DbtrAcct><Id><PrtryAcct><Id>23526278959595</Id></PrtryAcct></Id></DbtrAcct><Cdtr><Nm>shaun rowley</Nm><PstlAdr><AdrLine>18 Chaucer Road</AdrLine><Ctry/></PstlAdr></Cdtr><CdtrAcct><Id><PrtryAcct><Id>23008200195443</Id></PrtryAcct></Id></CdtrAcct><Prtry><Tp>PPWDL5RP22AL2HH4U8</Tp><Pty/></Prtry></RltdPties><RmtInf><Strd><RfrdDocInf><RfrdDocTp><Prtry>002</Prtry></RfrdDocTp></RfrdDocInf><AddtlRmtInf>NO REF</AddtlRmtInf></Strd><Strd><AddtlRmtInf>PayPal//PPWDL5RP22AL2HH4U8</AddtlRmtInf></Strd></RmtInf><RltdDts><TxDtTm>2018-09-13T11:07:12</TxDtTm></RltdDts><AddtlTxInf>PPWD00000000AMZOGG1020180913826235262</AddtlTxInf></TxDtls><AddtlNtryInf>COMPLETE//0000//001//CREDIT</AddtlNtryInf></Ntry><Ntry><Amt Ccy="GBP">100.00</Amt><CdtDbtInd>CRDT</CdtDbtInd><Sts>BOOK</Sts><BookgDt><Dt>2018-09-13</Dt></BookgDt><BkTxCd><Prtry><Cd>SIP UKBA CR 40269</Cd></Prtry></BkTxCd><TxDtls><Refs><EndToEndId>NOREF</EndToEndId><TxId>100000000386681491</TxId></Refs><RltdPties><Dbtr><Nm>S Durrant</Nm></Dbtr><DbtrAcct><Id><PrtryAcct><Id>30674753747468</Id></PrtryAcct></Id></DbtrAcct><Cdtr><Nm>C TYLER</Nm></Cdtr><CdtrAcct><Id><PrtryAcct><Id>23008200402219</Id></PrtryAcct></Id></CdtrAcct><Prtry><Tp>WILLC</Tp><Pty/></Prtry></RltdPties><RmtInf><Strd><AddtlRmtInf>NO REF</AddtlRmtInf></Strd><Strd><AddtlRmtInf>S Durrant//WILLC</AddtlRmtInf></Strd></RmtInf><RltdDts><TxDtTm>2018-09-13T11:10:48</TxDtTm></RltdDts><AddtlTxInf>1000000003866814911020180913826306747</AddtlTxInf></TxDtls><AddtlNtryInf>COMPLETE//0000//001//CREDIT</AddtlNtryInf></Ntry><Ntry><Amt Ccy="GBP">12.50</Amt><CdtDbtInd>CRDT</CdtDbtInd><Sts>BOOK</Sts><BookgDt><Dt>2018-09-13</Dt></BookgDt><BkTxCd><Prtry><Cd>SIP UKBA CR 40269</Cd></Prtry></BkTxCd><TxDtls><Refs><EndToEndId>00151256632BBDZCZF</EndToEndId><TxId>00151256632BBDZCZF</TxId></Refs><RltdPties><Dbtr><Nm>ALEXANDER HOWARD</Nm></Dbtr><DbtrAcct><Id><PrtryAcct><Id>09012785881846</Id></PrtryAcct></Id></DbtrAcct><Cdtr><Nm>ARRO</Nm></Cdtr><CdtrAcct><Id><PrtryAcct><Id>23008200364095</Id></PrtryAcct></Id></CdtrAcct><Prtry><Tp>Arro</Tp><Pty/></Prtry></RltdPties><RmtInf><Strd><AddtlRmtInf>NO REF</AddtlRmtInf></Strd><Strd><AddtlRmtInf>ALEXANDER HOWARD//Arro</AddtlRmtInf></Strd></RmtInf><RltdDts><TxDtTm>2018-09-13T11:11:02</TxDtTm></RltdDts><AddtlTxInf>00151256632BBDZCZF1020180913826090127</AddtlTxInf></TxDtls><AddtlNtryInf>COMPLETE//0000//001//CREDIT</AddtlNtryInf></Ntry><Ntry><Amt Ccy="GBP">30.00</Amt><CdtDbtInd>CRDT</CdtDbtInd><Sts>BOOK</Sts><BookgDt><Dt>2018-09-13</Dt></BookgDt><BkTxCd><Prtry><Cd>SIP UKBA CR 40269</Cd></Prtry></BkTxCd><TxDtls><Refs><EndToEndId>AGI SOLS</EndToEndId><TxId>10111349791971000N</TxId><Prtry><Tp>STO REF</Tp><Ref>0000</Ref></Prtry></Refs><RltdPties><Dbtr><Nm>AGI SOLICITORS LIM</Nm></Dbtr><DbtrAcct><Id><PrtryAcct><Id>01053139235831</Id></PrtryAcct></Id></DbtrAcct><Cdtr><Nm>LYDIA LOUISE BURNS</Nm></Cdtr><CdtrAcct><Id><PrtryAcct><Id>23008200218991</Id></PrtryAcct></Id></CdtrAcct><Prtry><Tp>AGI SOLS</Tp><Pty/></Prtry></RltdPties><RmtInf><Strd><AddtlRmtInf>AGI SOLICITORS LIMAGI SOLS          VIA MOBILE - PYMT</AddtlRmtInf></Strd><Strd><AddtlRmtInf>AGI SOLICITORS LIM//AGI SOLS</AddtlRmtInf></Strd></RmtInf><RltdDts><TxDtTm>2018-09-13T11:13:50</TxDtTm></RltdDts><AddtlTxInf>10111349791971000N1020180913826010531</AddtlTxInf></TxDtls><AddtlNtryInf>COMPLETE//0000//001//CREDIT</AddtlNtryInf></Ntry><Ntry><Amt Ccy="GBP">2200.00</Amt><CdtDbtInd>CRDT</CdtDbtInd><Sts>BOOK</Sts><BookgDt><Dt>2018-09-13</Dt></BookgDt><BkTxCd><Prtry><Cd>SIP UKBA CR 40269</Cd></Prtry></BkTxCd><TxDtls><Refs><EndToEndId>NOREF</EndToEndId><TxId>FP18256O18309260</TxId></Refs><RltdPties><Dbtr><Nm>Justine Chisom</Nm></Dbtr><DbtrAcct><Id><PrtryAcct><Id>07024642740279</Id></PrtryAcct></Id></DbtrAcct><Cdtr><Nm>CHISOM JUSTINE</Nm></Cdtr><CdtrAcct><Id><PrtryAcct><Id>23008200345262</Id></PrtryAcct></Id></CdtrAcct><Prtry><Tp>RAYMOND</Tp><Pty/></Prtry></RltdPties><RmtInf><Strd><AddtlRmtInf>NO REF</AddtlRmtInf></Strd><Strd><AddtlRmtInf>Justine Chisom//RAYMOND</AddtlRmtInf></Strd></RmtInf><RltdDts><TxDtTm>2018-09-13T11:15:31</TxDtTm></RltdDts><AddtlTxInf>FP18256O18309260  1020180913826070246</AddtlTxInf></TxDtls><AddtlNtryInf>COMPLETE//0000//001//CREDIT</AddtlNtryInf></Ntry><Ntry><Amt Ccy="GBP">274.00</Amt><CdtDbtInd>CRDT</CdtDbtInd><Sts>BOOK</Sts><BookgDt><Dt>2018-09-13</Dt></BookgDt><BkTxCd><Prtry><Cd>DCA UKBA CR 40269</Cd></Prtry></BkTxCd><TxDtls><Refs><EndToEndId>NOREF</EndToEndId><TxId>000000013553046801</TxId><Prtry><Tp>STO REF</Tp><Ref>0000</Ref></Prtry></Refs><RltdPties><Dbtr><Nm>23630700235375</Nm></Dbtr><DbtrAcct><Id><PrtryAcct><Id>20594243523659</Id></PrtryAcct></Id></DbtrAcct><Cdtr><Nm>LUKE GRIGGS</Nm></Cdtr><CdtrAcct><Id><PrtryAcct><Id>23008200387583</Id></PrtryAcct></Id></CdtrAcct><Prtry><Tp>TRANSFER</Tp><Pty/></Prtry></RltdPties><RmtInf><Strd><AddtlRmtInf>NO REF</AddtlRmtInf></Strd><Strd><AddtlRmtInf>23630700235375//TRANSFER</AddtlRmtInf></Strd></RmtInf><RltdDts><TxDtTm>2018-09-13T11:16:50</TxDtTm></RltdDts><AddtlTxInf>0000000135530468015020180913826205942</AddtlTxInf></TxDtls><AddtlNtryInf>COMPLETE//0000//001//CREDIT</AddtlNtryInf></Ntry><Ntry><Amt Ccy="GBP">100.00</Amt><CdtDbtInd>CRDT</CdtDbtInd><Sts>BOOK</Sts><BookgDt><Dt>2018-09-13</Dt></BookgDt><BkTxCd><Prtry><Cd>DCA UKBA CR 40269</Cd></Prtry></BkTxCd><TxDtls><Refs><EndToEndId>NOREF</EndToEndId><TxId>000000013553052501</TxId><Prtry><Tp>STO REF</Tp><Ref>0000</Ref></Prtry></Refs><RltdPties><Dbtr><Nm>23630701306409</Nm></Dbtr><DbtrAcct><Id><PrtryAcct><Id>20594243523659</Id></PrtryAcct></Id></DbtrAcct><Cdtr><Nm>NICHOLAS BENTLEY</Nm></Cdtr><CdtrAcct><Id><PrtryAcct><Id>23008200293503</Id></PrtryAcct></Id></CdtrAcct><Prtry><Tp>OK</Tp><Pty/></Prtry></RltdPties><RmtInf><Strd><AddtlRmtInf>NO REF</AddtlRmtInf></Strd><Strd><AddtlRmtInf>23630701306409//OK</AddtlRmtInf></Strd></RmtInf><RltdDts><TxDtTm>2018-09-13T11:16:50</TxDtTm></RltdDts><AddtlTxInf>0000000135530525015020180913826205942</AddtlTxInf></TxDtls><AddtlNtryInf>COMPLETE//0000//001//CREDIT</AddtlNtryInf></Ntry><Ntry><Amt Ccy="GBP">128.67</Amt><CdtDbtInd>CRDT</CdtDbtInd><Sts>BOOK</Sts><BookgDt><Dt>2018-09-13</Dt></BookgDt><BkTxCd><Prtry><Cd>FDP UKBA CR 40269</Cd></Prtry></BkTxCd><TxDtls><Refs><EndToEndId>NOREF</EndToEndId><TxId>4562947561113220FU</TxId><Prtry><Tp>STO REF</Tp><Ref>0001</Ref></Prtry></Refs><RltdPties><Dbtr><Nm>FREELANCE PROFESSI</Nm></Dbtr><DbtrAcct><Id><PrtryAcct><Id>40040922023393</Id></PrtryAcct></Id></DbtrAcct><Cdtr><Nm>BUNILA RENE ATATIH</Nm></Cdtr><CdtrAcct><Id><PrtryAcct><Id>23008200065609</Id></PrtryAcct></Id></CdtrAcct><Prtry><Tp>FPS PAYMENT</Tp><Pty/></Prtry></RltdPties><RmtInf><Strd><AddtlRmtInf>NO REF</AddtlRmtInf></Strd><Strd><AddtlRmtInf>FREELANCE PROFESSI//FPS PAYMENT</AddtlRmtInf></Strd></RmtInf><RltdDts><TxDtTm>2018-09-13T11:16:58</TxDtTm></RltdDts><AddtlTxInf>4562947561113220FU4020180913826400409</AddtlTxInf></TxDtls><AddtlNtryInf>COMPLETE//0000//001//CREDIT</AddtlNtryInf></Ntry><Ntry><Amt Ccy="GBP">40.00</Amt><CdtDbtInd>CRDT</CdtDbtInd><Sts>BOOK</Sts><BookgDt><Dt>2018-09-13</Dt></BookgDt><BkTxCd><Prtry><Cd>SIP UKBA CR 40269</Cd></Prtry></BkTxCd><TxDtls><Refs><EndToEndId>28 V/CRESCENT</EndToEndId><TxId>49111820919510000N</TxId><Prtry><Tp>STO REF</Tp><Ref>0000</Ref></Prtry></Refs><RltdPties><Dbtr><Nm>SHORT J R</Nm></Dbtr><DbtrAcct><Id><PrtryAcct><Id>60246042663199</Id></PrtryAcct></Id></DbtrAcct><Cdtr><Nm>DAREN WALKER</Nm></Cdtr><CdtrAcct><Id><PrtryAcct><Id>23008200044955</Id></PrtryAcct></Id></CdtrAcct><Prtry><Tp>28 V/CRESCENT</Tp><Pty/></Prtry></RltdPties><RmtInf><Strd><AddtlRmtInf>SHORT J R         28 V/CRESCENT     VIA MOBILE - PYMT</AddtlRmtInf></Strd><Strd><AddtlRmtInf>SHORT J R//28 V/CRESCENT</AddtlRmtInf></Strd></RmtInf><RltdDts><TxDtTm>2018-09-13T11:18:21</TxDtTm></RltdDts><AddtlTxInf>49111820919510000N1020180913826602460</AddtlTxInf></TxDtls><AddtlNtryInf>COMPLETE//0000//001//CREDIT</AddtlNtryInf></Ntry><Ntry><Amt Ccy="GBP">100.00</Amt><CdtDbtInd>CRDT</CdtDbtInd><Sts>BOOK</Sts><BookgDt><Dt>2018-09-13</Dt></BookgDt><BkTxCd><Prtry><Cd>SIP UKBA CR 40269</Cd></Prtry></BkTxCd><TxDtls><Refs><EndToEndId>NOREF</EndToEndId><TxId>RP4679961275006600</TxId></Refs><RltdPties><Dbtr><Nm>SALFARLIE J A M</Nm></Dbtr><DbtrAcct><Id><PrtryAcct><Id>20057453080919</Id></PrtryAcct></Id></DbtrAcct><Cdtr><Nm>ARRO</Nm></Cdtr><CdtrAcct><Id><PrtryAcct><Id>23008200337123</Id></PrtryAcct></Id></CdtrAcct><Prtry><Tp>5574220190111848</Tp><Pty/></Prtry></RltdPties><RmtInf><Strd><AddtlRmtInf>NO REF</AddtlRmtInf></Strd><Strd><AddtlRmtInf>SALFARLIE J A M//5574220190111848</AddtlRmtInf></Strd></RmtInf><RltdDts><TxDtTm>2018-09-13T11:20:19</TxDtTm></RltdDts><AddtlTxInf>RP46799612750066001020180913826200026</AddtlTxInf></TxDtls><AddtlNtryInf>COMPLETE//0000//001//CREDIT</AddtlNtryInf></Ntry><Ntry><Amt Ccy="GBP">4.44</Amt><CdtDbtInd>CRDT</CdtDbtInd><Sts>BOOK</Sts><BookgDt><Dt>2018-09-13</Dt></BookgDt><BkTxCd><Prtry><Cd>SIP UKBA CR 40269</Cd></Prtry></BkTxCd><TxDtls><Refs><EndToEndId>NOREF</EndToEndId><TxId>56112041817937000N</TxId><Prtry><Tp>STO REF</Tp><Ref>0000</Ref></Prtry></Refs><RltdPties><Dbtr><Nm>LAVALLIN MV</Nm></Dbtr><DbtrAcct><Id><PrtryAcct><Id>51705782185794</Id></PrtryAcct></Id></DbtrAcct><Cdtr><Nm>ARRO</Nm></Cdtr><CdtrAcct><Id><PrtryAcct><Id>23008200316334</Id></PrtryAcct></Id></CdtrAcct></RltdPties><RmtInf><Strd><AddtlRmtInf>LAVALLIN MV</AddtlRmtInf></Strd><Strd><AddtlRmtInf>LAVALLIN MV//</AddtlRmtInf></Strd></RmtInf><RltdDts><TxDtTm>2018-09-13T11:20:42</TxDtTm></RltdDts><AddtlTxInf>56112041817937000N1020180913826517057</AddtlTxInf></TxDtls><AddtlNtryInf>COMPLETE//0000//001//CREDIT</AddtlNtryInf></Ntry><Ntry><Amt Ccy="GBP">130.00</Amt><CdtDbtInd>CRDT</CdtDbtInd><Sts>BOOK</Sts><BookgDt><Dt>2018-09-13</Dt></BookgDt><BkTxCd><Prtry><Cd>SIP UKBA CR 40269</Cd></Prtry></BkTxCd><TxDtls><Refs><EndToEndId>00151037632BBHLGJS</EndToEndId><TxId>00151037632BBHLGJS</TxId></Refs><RltdPties><Dbtr><Nm>KYLE THOMAS</Nm></Dbtr><DbtrAcct><Id><PrtryAcct><Id>09012827849788</Id></PrtryAcct></Id></DbtrAcct><Cdtr><Nm>CLAIRE</Nm></Cdtr><CdtrAcct><Id><PrtryAcct><Id>23008200248775</Id></PrtryAcct></Id></CdtrAcct><Prtry><Tp>Claire</Tp><Pty/></Prtry></RltdPties><RmtInf><Strd><AddtlRmtInf>NO REF</AddtlRmtInf></Strd><Strd><AddtlRmtInf>KYLE THOMAS//Claire</AddtlRmtInf></Strd></RmtInf><RltdDts><TxDtTm>2018-09-13T11:26:11</TxDtTm></RltdDts><AddtlTxInf>00151037632BBHLGJS1020180913826090128</AddtlTxInf></TxDtls><AddtlNtryInf>COMPLETE//0000//001//CREDIT</AddtlNtryInf></Ntry><Ntry><Amt Ccy="GBP">50.00</Amt><CdtDbtInd>CRDT</CdtDbtInd><Sts>BOOK</Sts><BookgDt><Dt>2018-09-13</Dt></BookgDt><BkTxCd><Prtry><Cd>SIP UKBA CR 40269</Cd></Prtry></BkTxCd><TxDtls><Refs><EndToEndId>NOREF</EndToEndId><TxId>RP4659984442631900</TxId></Refs><RltdPties><Dbtr><Nm>DAVIES DN</Nm></Dbtr><DbtrAcct><Id><PrtryAcct><Id>20480890314420</Id></PrtryAcct></Id></DbtrAcct><Cdtr><Nm>AMBLESIDE RACING</Nm></Cdtr><CdtrAcct><Id><PrtryAcct><Id>23008200224434</Id></PrtryAcct></Id></CdtrAcct><Prtry><Tp>NEIL DAVIES</Tp><Pty/></Prtry></RltdPties><RmtInf><Strd><AddtlRmtInf>NO REF</AddtlRmtInf></Strd><Strd><AddtlRmtInf>DAVIES DN//NEIL DAVIES</AddtlRmtInf></Strd></RmtInf><RltdDts><TxDtTm>2018-09-13T11:28:38</TxDtTm></RltdDts><AddtlTxInf>RP46599844426319001020180913826200026</AddtlTxInf></TxDtls><AddtlNtryInf>COMPLETE//0000//001//CREDIT</AddtlNtryInf></Ntry></Ntfctn></BkToCstmrDbtCdtNtfctnV01></Document>