<?xml version="1.0" encoding="UTF-8"?><Document xmlns:xsi="http://www.w3.org/2001/XMLSchema-instance" xmlns="urn:iso:std:iso:20022:tech:xsd:camt.054.001.01"><BkToCstmrDbtCdtNtfctnV01><GrpHdr><MsgId>80309K//13279</MsgId><CreDtTm>2018-09-24T19:00:00</CreDtTm></GrpHdr><Ntfctn><Id>80309K//13279//1</Id><CreDtTm>2018-09-24T19:00:00</CreDtTm><Acct><Id><PrtryAcct><Id>20594233939774</Id></PrtryAcct></Id><Ccy>GBP</Ccy></Acct><TxsSummry><TtlNtries><NbOfNtries>7</NbOfNtries><Sum>1358.85</Sum></TtlNtries><TtlCdtNtries><NbOfNtries>7</NbOfNtries><Sum>1358.85</Sum></TtlCdtNtries><TtlDbtNtries><NbOfNtries>0</NbOfNtries><Sum>0.00</Sum></TtlDbtNtries></TxsSummry><Ntry><Amt Ccy="GBP">600.00</Amt><CdtDbtInd>CRDT</CdtDbtInd><Sts>BOOK</Sts><BookgDt><Dt>2018-09-25</Dt></BookgDt><BkTxCd><Prtry><Cd>SIP UKBA CR 40269</Cd></Prtry></BkTxCd><TxDtls><Refs><EndToEndId>NOREF</EndToEndId><TxId>RP4679962140583600</TxId></Refs><RltdPties><Dbtr><Nm>OKAFOR C</Nm></Dbtr><DbtrAcct><Id><PrtryAcct><Id>20729180363723</Id></PrtryAcct></Id></DbtrAcct><Cdtr><Nm>JENNIFER OKAFOR</Nm></Cdtr><CdtrAcct><Id><PrtryAcct><Id>23008200358692</Id></PrtryAcct></Id></CdtrAcct><Prtry><Tp>MAINTENANCE</Tp><Pty/></Prtry></RltdPties><RmtInf><Strd><AddtlRmtInf>NO REF</AddtlRmtInf></Strd><Strd><AddtlRmtInf>OKAFOR C//MAINTENANCE</AddtlRmtInf></Strd></RmtInf><RltdDts><TxDtTm>2018-09-24T18:34:46</TxDtTm></RltdDts><AddtlTxInf>RP46799621405836001020180924826200026</AddtlTxInf></TxDtls><AddtlNtryInf>COMPLETE//0000//003//CREDIT</AddtlNtryInf></Ntry><Ntry><Amt Ccy="GBP">65.00</Amt><CdtDbtInd>CRDT</CdtDbtInd><Sts>BOOK</Sts><BookgDt><Dt>2018-09-25</Dt></BookgDt><BkTxCd><Prtry><Cd>SIP UKBA CR 40269</Cd></Prtry></BkTxCd><TxDtls><Refs><EndToEndId>00151114632BBGKQMQ</EndToEndId><TxId>00151114632BBGKQMQ</TxId></Refs><RltdPties><Dbtr><Nm>PAUL THOMAS</Nm></Dbtr><DbtrAcct><Id><PrtryAcct><Id>09012778278945</Id></PrtryAcct></Id></DbtrAcct><Cdtr><Nm>BUSINESS HUB</Nm></Cdtr><CdtrAcct><Id><PrtryAcct><Id>23008200042298</Id></PrtryAcct></Id></CdtrAcct><Prtry><Tp>DCCF XERO TRAINING</Tp><Pty/></Prtry></RltdPties><RmtInf><Strd><AddtlRmtInf>NO REF</AddtlRmtInf></Strd><Strd><AddtlRmtInf>PAUL THOMAS//DCCF XERO TRAINING</AddtlRmtInf></Strd></RmtInf><RltdDts><TxDtTm>2018-09-24T18:37:06</TxDtTm></RltdDts><AddtlTxInf>00151114632BBGKQMQ1020180924826090127</AddtlTxInf></TxDtls><AddtlNtryInf>COMPLETE//0000//003//CREDIT</AddtlNtryInf></Ntry><Ntry><Amt Ccy="GBP">100.00</Amt><CdtDbtInd>CRDT</CdtDbtInd><Sts>BOOK</Sts><BookgDt><Dt>2018-09-25</Dt></BookgDt><BkTxCd><Prtry><Cd>SIP UKBA CR 40269</Cd></Prtry></BkTxCd><TxDtls><Refs><EndToEndId>00151347632BBDYRNC</EndToEndId><TxId>00151347632BBDYRNC</TxId></Refs><RltdPties><Dbtr><Nm>VIVIAN ADEOYE</Nm></Dbtr><DbtrAcct><Id><PrtryAcct><Id>09012806859168</Id></PrtryAcct></Id></DbtrAcct><Cdtr><Nm>PENDULUM CONCEPT</Nm></Cdtr><CdtrAcct><Id><PrtryAcct><Id>23008200037349</Id></PrtryAcct></Id></CdtrAcct><Prtry><Tp>Ta</Tp><Pty/></Prtry></RltdPties><RmtInf><Strd><AddtlRmtInf>NO REF</AddtlRmtInf></Strd><Strd><AddtlRmtInf>VIVIAN ADEOYE//Ta</AddtlRmtInf></Strd></RmtInf><RltdDts><TxDtTm>2018-09-24T18:38:31</TxDtTm></RltdDts><AddtlTxInf>00151347632BBDYRNC1020180924826090128</AddtlTxInf></TxDtls><AddtlNtryInf>COMPLETE//0000//003//CREDIT</AddtlNtryInf></Ntry><Ntry><Amt Ccy="GBP">10.00</Amt><CdtDbtInd>CRDT</CdtDbtInd><Sts>BOOK</Sts><BookgDt><Dt>2018-09-25</Dt></BookgDt><BkTxCd><Prtry><Cd>SIP UKBA CR 40269</Cd></Prtry></BkTxCd><TxDtls><Refs><EndToEndId>NOREF</EndToEndId><TxId>100000000389815592</TxId></Refs><RltdPties><Dbtr><Nm>A Kamboj</Nm></Dbtr><DbtrAcct><Id><PrtryAcct><Id>80471201045440</Id></PrtryAcct></Id></DbtrAcct><Cdtr><Nm>ANN</Nm></Cdtr><CdtrAcct><Id><PrtryAcct><Id>23008200249240</Id></PrtryAcct></Id></CdtrAcct><Prtry><Tp>GY</Tp><Pty/></Prtry></RltdPties><RmtInf><Strd><AddtlRmtInf>NO REF</AddtlRmtInf></Strd><Strd><AddtlRmtInf>A Kamboj//GY</AddtlRmtInf></Strd></RmtInf><RltdDts><TxDtTm>2018-09-24T18:42:28</TxDtTm></RltdDts><AddtlTxInf>1000000003898155921020180924826804712</AddtlTxInf></TxDtls><AddtlNtryInf>COMPLETE//0000//003//CREDIT</AddtlNtryInf></Ntry><Ntry><Amt Ccy="GBP">65.00</Amt><CdtDbtInd>CRDT</CdtDbtInd><Sts>BOOK</Sts><BookgDt><Dt>2018-09-25</Dt></BookgDt><BkTxCd><Prtry><Cd>SIP UKBA CR 40269</Cd></Prtry></BkTxCd><TxDtls><Refs><EndToEndId>NOREF</EndToEndId><TxId>34184242378368000N</TxId><Prtry><Tp>STO REF</Tp><Ref>0000</Ref></Prtry></Refs><RltdPties><Dbtr><Nm>THOMAS CHRISTOPHER   WENT EVE</Nm><PstlAdr><AdrLine>CLIENT ID NO 66307577;</AdrLine><AdrLine>UNITED KINGDOM</AdrLine><Ctry/></PstlAdr></Dbtr><DbtrAcct><Id><PrtryAcct><Id>18000206549624</Id></PrtryAcct></Id></DbtrAcct><Cdtr><Nm>BUSINESS HUB SERVI</Nm></Cdtr><CdtrAcct><Id><PrtryAcct><Id>23008200042298</Id></PrtryAcct></Id></CdtrAcct><Prtry><Tp>TRAINING 27 SEP 18</Tp><Pty/></Prtry></RltdPties><RmtInf><Strd><AddtlRmtInf>TRAINING 27 SEP 18</AddtlRmtInf></Strd><Strd><AddtlRmtInf>THOMAS CHRISTOPHER//TRAINING 27 SEP 18</AddtlRmtInf></Strd></RmtInf><RltdDts><TxDtTm>2018-09-24T18:42:42</TxDtTm></RltdDts><AddtlTxInf>34184242378368000N1020180924826180002</AddtlTxInf></TxDtls><AddtlNtryInf>COMPLETE//0000//003//CREDIT</AddtlNtryInf></Ntry><Ntry><Amt Ccy="GBP">69.85</Amt><CdtDbtInd>CRDT</CdtDbtInd><Sts>BOOK</Sts><BookgDt><Dt>2018-09-25</Dt></BookgDt><BkTxCd><Prtry><Cd>SIP UKBA CR 40269</Cd></Prtry></BkTxCd><TxDtls><Refs><EndToEndId>00151256632BBDZNXD</EndToEndId><TxId>00151256632BBDZNXD</TxId></Refs><RltdPties><Dbtr><Nm>ALEXANDER HOWARD</Nm></Dbtr><DbtrAcct><Id><PrtryAcct><Id>09012785881846</Id></PrtryAcct></Id></DbtrAcct><Cdtr><Nm>ARRO</Nm></Cdtr><CdtrAcct><Id><PrtryAcct><Id>23008200364095</Id></PrtryAcct></Id></CdtrAcct><Prtry><Tp>Arro</Tp><Pty/></Prtry></RltdPties><RmtInf><Strd><AddtlRmtInf>NO REF</AddtlRmtInf></Strd><Strd><AddtlRmtInf>ALEXANDER HOWARD//Arro</AddtlRmtInf></Strd></RmtInf><RltdDts><TxDtTm>2018-09-24T18:43:32</TxDtTm></RltdDts><AddtlTxInf>00151256632BBDZNXD1020180924826090127</AddtlTxInf></TxDtls><AddtlNtryInf>COMPLETE//0000//003//CREDIT</AddtlNtryInf></Ntry><Ntry><Amt Ccy="GBP">449.00</Amt><CdtDbtInd>CRDT</CdtDbtInd><Sts>BOOK</Sts><BookgDt><Dt>2018-09-25</Dt></BookgDt><BkTxCd><Prtry><Cd>SIP UKBA CR 40269</Cd></Prtry></BkTxCd><TxDtls><Refs><EndToEndId>00151070632BBHNTKS</EndToEndId><TxId>00151070632BBHNTKS</TxId></Refs><RltdPties><Dbtr><Nm>EVELYN MUSONDA-SALATI</Nm></Dbtr><DbtrAcct><Id><PrtryAcct><Id>09012611024764</Id></PrtryAcct></Id></DbtrAcct><Cdtr><Nm>FLIGHT SCANNERS</Nm></Cdtr><CdtrAcct><Id><PrtryAcct><Id>23008200463543</Id></PrtryAcct></Id></CdtrAcct><Prtry><Tp>AIR TICKET</Tp><Pty/></Prtry></RltdPties><RmtInf><Strd><AddtlRmtInf>NO REF</AddtlRmtInf></Strd><Strd><AddtlRmtInf>EVELYN MUSONDA-SAL//AIR TICKET</AddtlRmtInf></Strd></RmtInf><RltdDts><TxDtTm>2018-09-24T18:45:33</TxDtTm></RltdDts><AddtlTxInf>00151070632BBHNTKS1020180924826090126</AddtlTxInf></TxDtls><AddtlNtryInf>COMPLETE//0000//003//CREDIT</AddtlNtryInf></Ntry></Ntfctn></BkToCstmrDbtCdtNtfctnV01></Document>