<?xml version="1.0" encoding="UTF-8"?><Document xmlns:xsi="http://www.w3.org/2001/XMLSchema-instance" xmlns="urn:iso:std:iso:20022:tech:xsd:camt.054.001.01"><BkToCstmrDbtCdtNtfctnV01><GrpHdr><MsgId>80309K//13249</MsgId><CreDtTm>2018-09-24T01:30:00</CreDtTm></GrpHdr><Ntfctn><Id>80309K//13249//1</Id><CreDtTm>2018-09-24T01:30:00</CreDtTm><Acct><Id><PrtryAcct><Id>20594233939774</Id></PrtryAcct></Id><Ccy>GBP</Ccy></Acct><TxsSummry><TtlNtries><NbOfNtries>1</NbOfNtries><Sum>25.00</Sum></TtlNtries><TtlCdtNtries><NbOfNtries>1</NbOfNtries><Sum>25.00</Sum></TtlCdtNtries><TtlDbtNtries><NbOfNtries>0</NbOfNtries><Sum>0.00</Sum></TtlDbtNtries></TxsSummry><Ntry><Amt Ccy="GBP">25.00</Amt><CdtDbtInd>CRDT</CdtDbtInd><Sts>BOOK</Sts><BookgDt><Dt>2018-09-24</Dt></BookgDt><BkTxCd><Prtry><Cd>STO UKBA CR 40267</Cd></Prtry></BkTxCd><TxDtls><Refs><EndToEndId>NOREF</EndToEndId><TxId>300000000394905574</TxId></Refs><RltdPties><Dbtr><Nm>MrGDWilkins</Nm></Dbtr><DbtrAcct><Id><PrtryAcct><Id>11910000395874</Id></PrtryAcct></Id></DbtrAcct><Cdtr><Nm>Tracy Lawson</Nm></Cdtr><CdtrAcct><Id><PrtryAcct><Id>23008200224492</Id></PrtryAcct></Id></CdtrAcct><Prtry><Tp>kelly park</Tp><Pty/></Prtry></RltdPties><RmtInf><Strd><AddtlRmtInf>NO REF</AddtlRmtInf></Strd><Strd><AddtlRmtInf>MrGDWilkins//kelly park</AddtlRmtInf></Strd></RmtInf><RltdDts><TxDtTm>2018-09-24T01:12:54</TxDtTm></RltdDts><AddtlTxInf>3000000003949055743020180924826119100</AddtlTxInf></TxDtls><AddtlNtryInf>COMPLETE//0000//003//CREDIT</AddtlNtryInf></Ntry></Ntfctn></BkToCstmrDbtCdtNtfctnV01></Document>