<?xml version="1.0" encoding="UTF-8"?><Document xmlns:xsi="http://www.w3.org/2001/XMLSchema-instance" xmlns="urn:iso:std:iso:20022:tech:xsd:camt.054.001.01"><BkToCstmrDbtCdtNtfctnV01><GrpHdr><MsgId>80309K//12360</MsgId><CreDtTm>2018-09-03T11:30:00</CreDtTm></GrpHdr><Ntfctn><Id>80309K//12360//1</Id><CreDtTm>2018-09-03T11:30:00</CreDtTm><Acct><Id><PrtryAcct><Id>20594233939774</Id></PrtryAcct></Id><Ccy>GBP</Ccy></Acct><TxsSummry><TtlNtries><NbOfNtries>7</NbOfNtries><Sum>1207.00</Sum></TtlNtries><TtlCdtNtries><NbOfNtries>7</NbOfNtries><Sum>1207.00</Sum></TtlCdtNtries><TtlDbtNtries><NbOfNtries>0</NbOfNtries><Sum>0.00</Sum></TtlDbtNtries></TxsSummry><Ntry><Amt Ccy="GBP">249.00</Amt><CdtDbtInd>CRDT</CdtDbtInd><Sts>BOOK</Sts><BookgDt><Dt>2018-09-03</Dt></BookgDt><BkTxCd><Prtry><Cd>SIP UKBA CR 40269</Cd></Prtry></BkTxCd><TxDtls><Refs><EndToEndId>NOREF</EndToEndId><TxId>RP4659983721122300</TxId></Refs><RltdPties><Dbtr><Nm>THOMAS S</Nm></Dbtr><DbtrAcct><Id><PrtryAcct><Id>20769050854948</Id></PrtryAcct></Id></DbtrAcct><Cdtr><Nm>AARON</Nm></Cdtr><CdtrAcct><Id><PrtryAcct><Id>23008200223382</Id></PrtryAcct></Id></CdtrAcct><Prtry><Tp>12743</Tp><Pty/></Prtry></RltdPties><RmtInf><Strd><AddtlRmtInf>NO REF</AddtlRmtInf></Strd><Strd><AddtlRmtInf>THOMAS S//12743</AddtlRmtInf></Strd></RmtInf><RltdDts><TxDtTm>2018-09-03T11:03:37</TxDtTm></RltdDts><AddtlTxInf>RP46599837211223001020180903826200026</AddtlTxInf></TxDtls><AddtlNtryInf>COMPLETE//0000//001//CREDIT</AddtlNtryInf></Ntry><Ntry><Amt Ccy="GBP">640.00</Amt><CdtDbtInd>CRDT</CdtDbtInd><Sts>BOOK</Sts><BookgDt><Dt>2018-09-03</Dt></BookgDt><BkTxCd><Prtry><Cd>SIP UKBA CR 40269</Cd></Prtry></BkTxCd><TxDtls><Refs><EndToEndId>NOREF</EndToEndId><TxId>061847750111309001</TxId><Prtry><Tp>STO REF</Tp><Ref>0000</Ref></Prtry></Refs><RltdPties><Dbtr><Nm>Avenue Clean</Nm></Dbtr><DbtrAcct><Id><PrtryAcct><Id>40390431877585</Id></PrtryAcct></Id></DbtrAcct><Cdtr><Nm>OLAWALE BETIKU</Nm></Cdtr><CdtrAcct><Id><PrtryAcct><Id>23008200037283</Id></PrtryAcct></Id></CdtrAcct><Prtry><Tp>HP</Tp><Pty/></Prtry></RltdPties><RmtInf><Strd><AddtlRmtInf>NO REF</AddtlRmtInf></Strd><Strd><AddtlRmtInf>Avenue Clean//HP</AddtlRmtInf></Strd></RmtInf><RltdDts><TxDtTm>2018-09-03T11:10:58</TxDtTm></RltdDts><AddtlTxInf>0618477501113090011020180903826403904</AddtlTxInf></TxDtls><AddtlNtryInf>COMPLETE//0000//001//CREDIT</AddtlNtryInf></Ntry><Ntry><Amt Ccy="GBP">120.00</Amt><CdtDbtInd>CRDT</CdtDbtInd><Sts>BOOK</Sts><BookgDt><Dt>2018-09-03</Dt></BookgDt><BkTxCd><Prtry><Cd>SIP UKBA CR 40269</Cd></Prtry></BkTxCd><TxDtls><Refs><EndToEndId>NOREF</EndToEndId><TxId>RP4679960463893600</TxId></Refs><RltdPties><Dbtr><Nm>OBI OJ</Nm></Dbtr><DbtrAcct><Id><PrtryAcct><Id>20274823958647</Id></PrtryAcct></Id></DbtrAcct><Cdtr><Nm>EXPORT SOLUTIONS</Nm></Cdtr><CdtrAcct><Id><PrtryAcct><Id>23008200044254</Id></PrtryAcct></Id></CdtrAcct><Prtry><Tp>ONYI</Tp><Pty/></Prtry></RltdPties><RmtInf><Strd><AddtlRmtInf>NO REF</AddtlRmtInf></Strd><Strd><AddtlRmtInf>OBI OJ//ONYI</AddtlRmtInf></Strd></RmtInf><RltdDts><TxDtTm>2018-09-03T11:14:08</TxDtTm></RltdDts><AddtlTxInf>RP46799604638936001020180903826200026</AddtlTxInf></TxDtls><AddtlNtryInf>COMPLETE//0000//001//CREDIT</AddtlNtryInf></Ntry><Ntry><Amt Ccy="GBP">10.00</Amt><CdtDbtInd>CRDT</CdtDbtInd><Sts>BOOK</Sts><BookgDt><Dt>2018-09-03</Dt></BookgDt><BkTxCd><Prtry><Cd>SIP UKBA CR 40269</Cd></Prtry></BkTxCd><TxDtls><Refs><EndToEndId>NOREF</EndToEndId><TxId>600000000385224036</TxId></Refs><RltdPties><Dbtr><Nm>Critchley M Miss</Nm></Dbtr><DbtrAcct><Id><PrtryAcct><Id>30961215155668</Id></PrtryAcct></Id></DbtrAcct><Cdtr><Nm>AMY CRITCHLEY</Nm></Cdtr><CdtrAcct><Id><PrtryAcct><Id>23008200364177</Id></PrtryAcct></Id></CdtrAcct></RltdPties><RmtInf><Strd><AddtlRmtInf>NO REF</AddtlRmtInf></Strd><Strd><AddtlRmtInf>Critchley M Miss//</AddtlRmtInf></Strd></RmtInf><RltdDts><TxDtTm>2018-09-03T11:15:55</TxDtTm></RltdDts><AddtlTxInf>6000000003852240361020180903826309612</AddtlTxInf></TxDtls><AddtlNtryInf>COMPLETE//0000//001//CREDIT</AddtlNtryInf></Ntry><Ntry><Amt Ccy="GBP">3.00</Amt><CdtDbtInd>CRDT</CdtDbtInd><Sts>BOOK</Sts><BookgDt><Dt>2018-09-03</Dt></BookgDt><BkTxCd><Prtry><Cd>SIP UKBA CR 40269</Cd></Prtry></BkTxCd><TxDtls><Refs><EndToEndId>NOREF</EndToEndId><TxId>100000000383847550</TxId></Refs><RltdPties><Dbtr><Nm>L Bunn</Nm></Dbtr><DbtrAcct><Id><PrtryAcct><Id>11078310565063</Id></PrtryAcct></Id></DbtrAcct><Cdtr><Nm>ARRO</Nm></Cdtr><CdtrAcct><Id><PrtryAcct><Id>23008200085367</Id></PrtryAcct></Id></CdtrAcct><Prtry><Tp>FUEL</Tp><Pty/></Prtry></RltdPties><RmtInf><Strd><AddtlRmtInf>NO REF</AddtlRmtInf></Strd><Strd><AddtlRmtInf>L Bunn//FUEL</AddtlRmtInf></Strd></RmtInf><RltdDts><TxDtTm>2018-09-03T11:22:19</TxDtTm></RltdDts><AddtlTxInf>1000000003838475501020180903826110783</AddtlTxInf></TxDtls><AddtlNtryInf>COMPLETE//0000//001//CREDIT</AddtlNtryInf></Ntry><Ntry><Amt Ccy="GBP">160.00</Amt><CdtDbtInd>CRDT</CdtDbtInd><Sts>BOOK</Sts><BookgDt><Dt>2018-09-03</Dt></BookgDt><BkTxCd><Prtry><Cd>SIP UKBA CR 40269</Cd></Prtry></BkTxCd><TxDtls><Refs><EndToEndId>00151695632BBFNJNW</EndToEndId><TxId>00151695632BBFNJNW</TxId></Refs><RltdPties><Dbtr><Nm>AJIBOLA OWOOLAPO</Nm></Dbtr><DbtrAcct><Id><PrtryAcct><Id>09012895613632</Id></PrtryAcct></Id></DbtrAcct><Cdtr><Nm>BETIKU</Nm></Cdtr><CdtrAcct><Id><PrtryAcct><Id>23008200037283</Id></PrtryAcct></Id></CdtrAcct><Prtry><Tp>epson printer</Tp><Pty/></Prtry></RltdPties><RmtInf><Strd><AddtlRmtInf>NO REF</AddtlRmtInf></Strd><Strd><AddtlRmtInf>AJIBOLA OWOOLAPO//epson printer</AddtlRmtInf></Strd></RmtInf><RltdDts><TxDtTm>2018-09-03T11:28:53</TxDtTm></RltdDts><AddtlTxInf>00151695632BBFNJNW1020180903826090128</AddtlTxInf></TxDtls><AddtlNtryInf>COMPLETE//0000//001//CREDIT</AddtlNtryInf></Ntry><Ntry><Amt Ccy="GBP">25.00</Amt><CdtDbtInd>CRDT</CdtDbtInd><Sts>BOOK</Sts><BookgDt><Dt>2018-09-03</Dt></BookgDt><BkTxCd><Prtry><Cd>SIP UKBA CR 40269</Cd></Prtry></BkTxCd><TxDtls><Refs><EndToEndId>NOREF</EndToEndId><TxId>180903112926591173</TxId></Refs><RltdPties><Dbtr><Nm>Wiktoria Czachor</Nm></Dbtr><DbtrAcct><Id><PrtryAcct><Id>87701486786468</Id></PrtryAcct></Id></DbtrAcct><Cdtr><Nm>Natalia Szafranska</Nm></Cdtr><CdtrAcct><Id><PrtryAcct><Id>23008200427247</Id></PrtryAcct></Id></CdtrAcct></RltdPties><RmtInf><Strd><AddtlRmtInf>NO REF</AddtlRmtInf></Strd><Strd><AddtlRmtInf>Wiktoria Czachor//</AddtlRmtInf></Strd></RmtInf><RltdDts><TxDtTm>2018-09-03T11:29:24</TxDtTm></RltdDts><AddtlTxInf>1809031129265911731020180903826877014</AddtlTxInf></TxDtls><AddtlNtryInf>COMPLETE//0000//001//CREDIT</AddtlNtryInf></Ntry></Ntfctn></BkToCstmrDbtCdtNtfctnV01></Document>