<?xml version="1.0" encoding="UTF-8"?><Document xmlns:xsi="http://www.w3.org/2001/XMLSchema-instance" xmlns="urn:iso:std:iso:20022:tech:xsd:camt.054.001.01"><BkToCstmrDbtCdtNtfctnV01><GrpHdr><MsgId>80309K//12889</MsgId><CreDtTm>2018-09-15T16:00:00</CreDtTm></GrpHdr><Ntfctn><Id>80309K//12889//1</Id><CreDtTm>2018-09-15T16:00:00</CreDtTm><Acct><Id><PrtryAcct><Id>20594233939774</Id></PrtryAcct></Id><Ccy>GBP</Ccy></Acct><TxsSummry><TtlNtries><NbOfNtries>10</NbOfNtries><Sum>4016.35</Sum></TtlNtries><TtlCdtNtries><NbOfNtries>10</NbOfNtries><Sum>4016.35</Sum></TtlCdtNtries><TtlDbtNtries><NbOfNtries>0</NbOfNtries><Sum>0.00</Sum></TtlDbtNtries></TxsSummry><Ntry><Amt Ccy="GBP">120.00</Amt><CdtDbtInd>CRDT</CdtDbtInd><Sts>BOOK</Sts><BookgDt><Dt>2018-09-17</Dt></BookgDt><BkTxCd><Prtry><Cd>SIP UKBA CR 40269</Cd></Prtry></BkTxCd><TxDtls><Refs><EndToEndId>PPWD00000000ANJPFE</EndToEndId><TxId>PPWD00000000ANJPFE</TxId></Refs><RltdPties><Dbtr><Nm>PayPal</Nm><PstlAdr><AdrLine>2211 N 1st Street San Jose CA 95131</AdrLine><Ctry/></PstlAdr></Dbtr><DbtrAcct><Id><PrtryAcct><Id>23526278959595</Id></PrtryAcct></Id></DbtrAcct><Cdtr><Nm>David  Kent</Nm><PstlAdr><AdrLine>7 audley close</AdrLine><Ctry/></PstlAdr></Cdtr><CdtrAcct><Id><PrtryAcct><Id>23008200394419</Id></PrtryAcct></Id></CdtrAcct><Prtry><Tp>PPWDL4MJJ2AL3RTKGY</Tp><Pty/></Prtry></RltdPties><RmtInf><Strd><RfrdDocInf><RfrdDocTp><Prtry>002</Prtry></RfrdDocTp></RfrdDocInf><AddtlRmtInf>NO REF</AddtlRmtInf></Strd><Strd><AddtlRmtInf>PayPal//PPWDL4MJJ2AL3RTKGY</AddtlRmtInf></Strd></RmtInf><RltdDts><TxDtTm>2018-09-15T15:33:53</TxDtTm></RltdDts><AddtlTxInf>PPWD00000000ANJPFE1020180915826235262</AddtlTxInf></TxDtls><AddtlNtryInf>COMPLETE//0000//003//CREDIT</AddtlNtryInf></Ntry><Ntry><Amt Ccy="GBP">12.00</Amt><CdtDbtInd>CRDT</CdtDbtInd><Sts>BOOK</Sts><BookgDt><Dt>2018-09-17</Dt></BookgDt><BkTxCd><Prtry><Cd>SIP UKBA CR 40269</Cd></Prtry></BkTxCd><TxDtls><Refs><EndToEndId>00152029632BBFPZSD</EndToEndId><TxId>00152029632BBFPZSD</TxId></Refs><RltdPties><Dbtr><Nm>RACHEL THORNTON</Nm></Dbtr><DbtrAcct><Id><PrtryAcct><Id>09012744431091</Id></PrtryAcct></Id></DbtrAcct><Cdtr><Nm>MR RYAN JEFFREY</Nm></Cdtr><CdtrAcct><Id><PrtryAcct><Id>23008200351861</Id></PrtryAcct></Id></CdtrAcct><Prtry><Tp>Cash</Tp><Pty/></Prtry></RltdPties><RmtInf><Strd><AddtlRmtInf>NO REF</AddtlRmtInf></Strd><Strd><AddtlRmtInf>RACHEL THORNTON//Cash</AddtlRmtInf></Strd></RmtInf><RltdDts><TxDtTm>2018-09-15T15:34:55</TxDtTm></RltdDts><AddtlTxInf>00152029632BBFPZSD1020180915826090127</AddtlTxInf></TxDtls><AddtlNtryInf>COMPLETE//0000//003//CREDIT</AddtlNtryInf></Ntry><Ntry><Amt Ccy="GBP">100.00</Amt><CdtDbtInd>CRDT</CdtDbtInd><Sts>BOOK</Sts><BookgDt><Dt>2018-09-17</Dt></BookgDt><BkTxCd><Prtry><Cd>SIP UKBA CR 40269</Cd></Prtry></BkTxCd><TxDtls><Refs><EndToEndId>NOREF</EndToEndId><TxId>YBBPI1536522206217</TxId></Refs><RltdPties><Dbtr><Nm>AHMMED ADENMOSUN</Nm></Dbtr><DbtrAcct><Id><PrtryAcct><Id>05027720696373</Id></PrtryAcct></Id></DbtrAcct><Cdtr><Nm>BiddyArrow</Nm></Cdtr><CdtrAcct><Id><PrtryAcct><Id>23008200237848</Id></PrtryAcct></Id></CdtrAcct><Prtry><Tp>Biddy</Tp><Pty/></Prtry></RltdPties><RmtInf><Strd><RfrdDocInf><RfrdDocTp><Prtry>002</Prtry></RfrdDocTp></RfrdDocInf><AddtlRmtInf>NO REF</AddtlRmtInf></Strd><Strd><AddtlRmtInf>AHMMED ADENMOSUN//Biddy</AddtlRmtInf></Strd></RmtInf><RltdDts><TxDtTm>2018-09-15T15:36:52</TxDtTm></RltdDts><AddtlTxInf>YBBPI15365222062171020180915826050277</AddtlTxInf></TxDtls><AddtlNtryInf>COMPLETE//0000//003//CREDIT</AddtlNtryInf></Ntry><Ntry><Amt Ccy="GBP">2965.00</Amt><CdtDbtInd>CRDT</CdtDbtInd><Sts>BOOK</Sts><BookgDt><Dt>2018-09-17</Dt></BookgDt><BkTxCd><Prtry><Cd>SIP UKBA CR 40269</Cd></Prtry></BkTxCd><TxDtls><Refs><EndToEndId>NOREF</EndToEndId><TxId>FP18258O00258744</TxId></Refs><RltdPties><Dbtr><Nm>Alexe Mariana</Nm></Dbtr><DbtrAcct><Id><PrtryAcct><Id>07043641707592</Id></PrtryAcct></Id></DbtrAcct><Cdtr><Nm>M POP</Nm></Cdtr><CdtrAcct><Id><PrtryAcct><Id>23008200032095</Id></PrtryAcct></Id></CdtrAcct><Prtry><Tp>SIS</Tp><Pty/></Prtry></RltdPties><RmtInf><Strd><AddtlRmtInf>NO REF</AddtlRmtInf></Strd><Strd><AddtlRmtInf>Alexe Mariana//SIS</AddtlRmtInf></Strd></RmtInf><RltdDts><TxDtTm>2018-09-15T15:37:44</TxDtTm></RltdDts><AddtlTxInf>FP18258O00258744  1020180915826070436</AddtlTxInf></TxDtls><AddtlNtryInf>COMPLETE//0000//003//CREDIT</AddtlNtryInf></Ntry><Ntry><Amt Ccy="GBP">25.00</Amt><CdtDbtInd>CRDT</CdtDbtInd><Sts>BOOK</Sts><BookgDt><Dt>2018-09-17</Dt></BookgDt><BkTxCd><Prtry><Cd>SIP UKBA CR 40269</Cd></Prtry></BkTxCd><TxDtls><Refs><EndToEndId>NOREF</EndToEndId><TxId>33154041275680000R</TxId><Prtry><Tp>STO REF</Tp><Ref>0000</Ref></Prtry></Refs><RltdPties><Dbtr><Nm>SHAHID  NAEEM</Nm><PstlAdr><AdrLine>266 NEVILLE ROAD;</AdrLine><AdrLine>LONDON;</AdrLine><AdrLine>UNITED KIN     E7 9QN</AdrLine><Ctry/></PstlAdr></Dbtr><DbtrAcct><Id><PrtryAcct><Id>16313022391958</Id></PrtryAcct></Id></DbtrAcct><Cdtr><Nm>SHAHID NAEEM</Nm></Cdtr><CdtrAcct><Id><PrtryAcct><Id>23008200433325</Id></PrtryAcct></Id></CdtrAcct><Prtry><Tp>TRANSFER</Tp><Pty/></Prtry></RltdPties><RmtInf><Strd><AddtlRmtInf>TRANSFER</AddtlRmtInf></Strd><Strd><AddtlRmtInf>SHAHID  NAEEM//TRANSFER</AddtlRmtInf></Strd></RmtInf><RltdDts><TxDtTm>2018-09-15T15:40:41</TxDtTm></RltdDts><AddtlTxInf>33154041275680000R1020180915826163130</AddtlTxInf></TxDtls><AddtlNtryInf>COMPLETE//0000//003//CREDIT</AddtlNtryInf></Ntry><Ntry><Amt Ccy="GBP">20.00</Amt><CdtDbtInd>CRDT</CdtDbtInd><Sts>BOOK</Sts><BookgDt><Dt>2018-09-17</Dt></BookgDt><BkTxCd><Prtry><Cd>SIP UKBA CR 40269</Cd></Prtry></BkTxCd><TxDtls><Refs><EndToEndId>PPWD00000000ANJTRQ</EndToEndId><TxId>PPWD00000000ANJTRQ</TxId></Refs><RltdPties><Dbtr><Nm>PayPal</Nm><PstlAdr><AdrLine>2211 N 1st Street San Jose CA 95131</AdrLine><Ctry/></PstlAdr></Dbtr><DbtrAcct><Id><PrtryAcct><Id>23526278959595</Id></PrtryAcct></Id></DbtrAcct><Cdtr><Nm>John Andrew Robins-Walker</Nm><PstlAdr><AdrLine>64 Theynes Croft</AdrLine><Ctry/></PstlAdr></Cdtr><CdtrAcct><Id><PrtryAcct><Id>23008200427602</Id></PrtryAcct></Id></CdtrAcct><Prtry><Tp>PPWDL44H22AL4FV9UU</Tp><Pty/></Prtry></RltdPties><RmtInf><Strd><RfrdDocInf><RfrdDocTp><Prtry>002</Prtry></RfrdDocTp></RfrdDocInf><AddtlRmtInf>NO REF</AddtlRmtInf></Strd><Strd><AddtlRmtInf>PayPal//PPWDL44H22AL4FV9UU</AddtlRmtInf></Strd></RmtInf><RltdDts><TxDtTm>2018-09-15T15:45:06</TxDtTm></RltdDts><AddtlTxInf>PPWD00000000ANJTRQ1020180915826235262</AddtlTxInf></TxDtls><AddtlNtryInf>COMPLETE//0000//003//CREDIT</AddtlNtryInf></Ntry><Ntry><Amt Ccy="GBP">40.00</Amt><CdtDbtInd>CRDT</CdtDbtInd><Sts>BOOK</Sts><BookgDt><Dt>2018-09-17</Dt></BookgDt><BkTxCd><Prtry><Cd>SIP UKBA CR 40269</Cd></Prtry></BkTxCd><TxDtls><Refs><EndToEndId>00151227632BBGFTLS</EndToEndId><TxId>00151227632BBGFTLS</TxId></Refs><RltdPties><Dbtr><Nm>IAN COUCHMAN</Nm></Dbtr><DbtrAcct><Id><PrtryAcct><Id>09012683241740</Id></PrtryAcct></Id></DbtrAcct><Cdtr><Nm>ZACHARY DEMPSTER</Nm></Cdtr><CdtrAcct><Id><PrtryAcct><Id>23008200087066</Id></PrtryAcct></Id></CdtrAcct><Prtry><Tp>loan</Tp><Pty/></Prtry></RltdPties><RmtInf><Strd><AddtlRmtInf>NO REF</AddtlRmtInf></Strd><Strd><AddtlRmtInf>IAN COUCHMAN//loan</AddtlRmtInf></Strd></RmtInf><RltdDts><TxDtTm>2018-09-15T15:46:25</TxDtTm></RltdDts><AddtlTxInf>00151227632BBGFTLS1020180915826090126</AddtlTxInf></TxDtls><AddtlNtryInf>COMPLETE//0000//003//CREDIT</AddtlNtryInf></Ntry><Ntry><Amt Ccy="GBP">180.00</Amt><CdtDbtInd>CRDT</CdtDbtInd><Sts>BOOK</Sts><BookgDt><Dt>2018-09-17</Dt></BookgDt><BkTxCd><Prtry><Cd>SIP UKBA CR 40269</Cd></Prtry></BkTxCd><TxDtls><Refs><EndToEndId>FLANAGAN PAVING</EndToEndId><TxId>48154931486680000N</TxId><Prtry><Tp>STO REF</Tp><Ref>0000</Ref></Prtry></Refs><RltdPties><Dbtr><Nm>RHODEN &amp; FLANAGHAN</Nm></Dbtr><DbtrAcct><Id><PrtryAcct><Id>60240285384852</Id></PrtryAcct></Id></DbtrAcct><Cdtr><Nm>GARETH PIKE</Nm></Cdtr><CdtrAcct><Id><PrtryAcct><Id>23008200048311</Id></PrtryAcct></Id></CdtrAcct><Prtry><Tp>FLANAGAN PAVING</Tp><Pty/></Prtry></RltdPties><RmtInf><Strd><AddtlRmtInf>RHODEN &amp; FLANAGHANFLANAGAN PAVING   VIA MOBILE - LVP</AddtlRmtInf></Strd><Strd><AddtlRmtInf>RHODEN &amp; FLANAGHAN//FLANAGAN PAVING</AddtlRmtInf></Strd></RmtInf><RltdDts><TxDtTm>2018-09-15T15:49:31</TxDtTm></RltdDts><AddtlTxInf>48154931486680000N1020180915826602402</AddtlTxInf></TxDtls><AddtlNtryInf>COMPLETE//0000//003//CREDIT</AddtlNtryInf></Ntry><Ntry><Amt Ccy="GBP">54.35</Amt><CdtDbtInd>CRDT</CdtDbtInd><Sts>BOOK</Sts><BookgDt><Dt>2018-09-17</Dt></BookgDt><BkTxCd><Prtry><Cd>SIP UKBA CR 40269</Cd></Prtry></BkTxCd><TxDtls><Refs><EndToEndId>NOREF</EndToEndId><TxId>500000000389017424</TxId></Refs><RltdPties><Dbtr><Nm>S Esievo- Kpohraro</Nm></Dbtr><DbtrAcct><Id><PrtryAcct><Id>30928914126668</Id></PrtryAcct></Id></DbtrAcct><Cdtr><Nm>STARGATE LIMITED</Nm></Cdtr><CdtrAcct><Id><PrtryAcct><Id>23008200031948</Id></PrtryAcct></Id></CdtrAcct><Prtry><Tp>DHL CARGO</Tp><Pty/></Prtry></RltdPties><RmtInf><Strd><AddtlRmtInf>NO REF</AddtlRmtInf></Strd><Strd><AddtlRmtInf>S Esievo- Kpohraro//DHL CARGO</AddtlRmtInf></Strd></RmtInf><RltdDts><TxDtTm>2018-09-15T15:51:23</TxDtTm></RltdDts><AddtlTxInf>5000000003890174241020180915826309289</AddtlTxInf></TxDtls><AddtlNtryInf>COMPLETE//0000//003//CREDIT</AddtlNtryInf></Ntry><Ntry><Amt Ccy="GBP">500.00</Amt><CdtDbtInd>CRDT</CdtDbtInd><Sts>BOOK</Sts><BookgDt><Dt>2018-09-17</Dt></BookgDt><BkTxCd><Prtry><Cd>SIP UKBA CR 40269</Cd></Prtry></BkTxCd><TxDtls><Refs><EndToEndId>Security Deposit</EndToEndId><TxId>TW0000000040066167</TxId></Refs><RltdPties><Dbtr><Nm>Transferwise Ltd</Nm><PstlAdr><AdrLine>56 Shoreditch High Street;London;</AdrLine><AdrLine>E1 6JJ;GB</AdrLine><Ctry/></PstlAdr></Dbtr><DbtrAcct><Id><PrtryAcct><Id>23147077752332</Id></PrtryAcct></Id></DbtrAcct><Cdtr><Nm>James D Osborne</Nm></Cdtr><CdtrAcct><Id><PrtryAcct><Id>23008200286775</Id></PrtryAcct></Id></CdtrAcct><Prtry><Tp>Security Deposit</Tp><Pty/></Prtry></RltdPties><RmtInf><Strd><AddtlRmtInf>NO REF</AddtlRmtInf></Strd><Strd><AddtlRmtInf>Transferwise Ltd//Security Deposit</AddtlRmtInf></Strd></RmtInf><RltdDts><TxDtTm>2018-09-15T15:52:29</TxDtTm></RltdDts><AddtlTxInf>TW00000000400661671020180915826231470</AddtlTxInf></TxDtls><AddtlNtryInf>COMPLETE//0000//003//CREDIT</AddtlNtryInf></Ntry></Ntfctn></BkToCstmrDbtCdtNtfctnV01></Document>