<?xml version="1.0" encoding="UTF-8"?><Document xmlns:xsi="http://www.w3.org/2001/XMLSchema-instance" xmlns="urn:iso:std:iso:20022:tech:xsd:camt.054.001.01"><BkToCstmrDbtCdtNtfctnV01><GrpHdr><MsgId>80309K//13004</MsgId><CreDtTm>2018-09-18T09:30:00</CreDtTm></GrpHdr><Ntfctn><Id>80309K//13004//1</Id><CreDtTm>2018-09-18T09:30:00</CreDtTm><Acct><Id><PrtryAcct><Id>20594233939774</Id></PrtryAcct></Id><Ccy>GBP</Ccy></Acct><TxsSummry><TtlNtries><NbOfNtries>4</NbOfNtries><Sum>1252.37</Sum></TtlNtries><TtlCdtNtries><NbOfNtries>4</NbOfNtries><Sum>1252.37</Sum></TtlCdtNtries><TtlDbtNtries><NbOfNtries>0</NbOfNtries><Sum>0.00</Sum></TtlDbtNtries></TxsSummry><Ntry><Amt Ccy="GBP">108.17</Amt><CdtDbtInd>CRDT</CdtDbtInd><Sts>BOOK</Sts><BookgDt><Dt>2018-09-18</Dt></BookgDt><BkTxCd><Prtry><Cd>SIP UKBA CR 40269</Cd></Prtry></BkTxCd><TxDtls><Refs><EndToEndId>PPWD00000000AO6MUO</EndToEndId><TxId>PPWD00000000AO6MUO</TxId></Refs><RltdPties><Dbtr><Nm>PayPal</Nm><PstlAdr><AdrLine>2211 N 1st Street San Jose CA 95131</AdrLine><Ctry/></PstlAdr></Dbtr><DbtrAcct><Id><PrtryAcct><Id>23526278959595</Id></PrtryAcct></Id></DbtrAcct><Cdtr><Nm>Ashley Graven</Nm><PstlAdr><AdrLine>5 5 Coral House</AdrLine><Ctry/></PstlAdr></Cdtr><CdtrAcct><Id><PrtryAcct><Id>23008200289248</Id></PrtryAcct></Id></CdtrAcct><Prtry><Tp>PPWDL5HDJ2AL6LZCXE</Tp><Pty/></Prtry></RltdPties><RmtInf><Strd><RfrdDocInf><RfrdDocTp><Prtry>002</Prtry></RfrdDocTp></RfrdDocInf><AddtlRmtInf>NO REF</AddtlRmtInf></Strd><Strd><AddtlRmtInf>PayPal//PPWDL5HDJ2AL6LZCXE</AddtlRmtInf></Strd></RmtInf><RltdDts><TxDtTm>2018-09-18T09:09:48</TxDtTm></RltdDts><AddtlTxInf>PPWD00000000AO6MUO1020180918826235262</AddtlTxInf></TxDtls><AddtlNtryInf>COMPLETE//0000//001//CREDIT</AddtlNtryInf></Ntry><Ntry><Amt Ccy="GBP">712.00</Amt><CdtDbtInd>CRDT</CdtDbtInd><Sts>BOOK</Sts><BookgDt><Dt>2018-09-18</Dt></BookgDt><BkTxCd><Prtry><Cd>SIP UKBA CR 40269</Cd></Prtry></BkTxCd><TxDtls><Refs><EndToEndId>NOREF</EndToEndId><TxId>RP4679961641020600</TxId></Refs><RltdPties><Dbtr><Nm>SOLOMON JM + AS</Nm></Dbtr><DbtrAcct><Id><PrtryAcct><Id>20691770791806</Id></PrtryAcct></Id></DbtrAcct><Cdtr><Nm>N LEVINSON</Nm></Cdtr><CdtrAcct><Id><PrtryAcct><Id>23008200004833</Id></PrtryAcct></Id></CdtrAcct><Prtry><Tp>SOLOMON WINE</Tp><Pty/></Prtry></RltdPties><RmtInf><Strd><AddtlRmtInf>NO REF</AddtlRmtInf></Strd><Strd><AddtlRmtInf>SOLOMON JM + AS//SOLOMON WINE</AddtlRmtInf></Strd></RmtInf><RltdDts><TxDtTm>2018-09-18T09:24:22</TxDtTm></RltdDts><AddtlTxInf>RP46799616410206001020180918826200026</AddtlTxInf></TxDtls><AddtlNtryInf>COMPLETE//0000//001//CREDIT</AddtlNtryInf></Ntry><Ntry><Amt Ccy="GBP">425.00</Amt><CdtDbtInd>CRDT</CdtDbtInd><Sts>BOOK</Sts><BookgDt><Dt>2018-09-18</Dt></BookgDt><BkTxCd><Prtry><Cd>SIP UKBA CR 40269</Cd></Prtry></BkTxCd><TxDtls><Refs><EndToEndId>NOREF</EndToEndId><TxId>500000000389692592</TxId></Refs><RltdPties><Dbtr><Nm>A Obatolu</Nm></Dbtr><DbtrAcct><Id><PrtryAcct><Id>30135445529868</Id></PrtryAcct></Id></DbtrAcct><Cdtr><Nm>EXPORT SOLUTION</Nm></Cdtr><CdtrAcct><Id><PrtryAcct><Id>23008200044254</Id></PrtryAcct></Id></CdtrAcct><Prtry><Tp>MRS. OBATOLU</Tp><Pty/></Prtry></RltdPties><RmtInf><Strd><AddtlRmtInf>NO REF</AddtlRmtInf></Strd><Strd><AddtlRmtInf>A Obatolu//MRS. OBATOLU</AddtlRmtInf></Strd></RmtInf><RltdDts><TxDtTm>2018-09-18T09:25:56</TxDtTm></RltdDts><AddtlTxInf>5000000003896925921020180918826301354</AddtlTxInf></TxDtls><AddtlNtryInf>COMPLETE//0000//001//CREDIT</AddtlNtryInf></Ntry><Ntry><Amt Ccy="GBP">7.20</Amt><CdtDbtInd>CRDT</CdtDbtInd><Sts>BOOK</Sts><BookgDt><Dt>2018-09-18</Dt></BookgDt><BkTxCd><Prtry><Cd>SIP UKBA CR 40269</Cd></Prtry></BkTxCd><TxDtls><Refs><EndToEndId>NOREF</EndToEndId><TxId>200000000388027957</TxId></Refs><RltdPties><Dbtr><Nm>C Brady</Nm></Dbtr><DbtrAcct><Id><PrtryAcct><Id>30946158666860</Id></PrtryAcct></Id></DbtrAcct><Cdtr><Nm>PREPAID CARD</Nm></Cdtr><CdtrAcct><Id><PrtryAcct><Id>23008200219863</Id></PrtryAcct></Id></CdtrAcct><Prtry><Tp>ARRO</Tp><Pty/></Prtry></RltdPties><RmtInf><Strd><AddtlRmtInf>NO REF</AddtlRmtInf></Strd><Strd><AddtlRmtInf>C Brady//ARRO</AddtlRmtInf></Strd></RmtInf><RltdDts><TxDtTm>2018-09-18T09:27:59</TxDtTm></RltdDts><AddtlTxInf>2000000003880279571020180918826309461</AddtlTxInf></TxDtls><AddtlNtryInf>COMPLETE//0000//001//CREDIT</AddtlNtryInf></Ntry></Ntfctn></BkToCstmrDbtCdtNtfctnV01></Document>