<?xml version="1.0" encoding="UTF-8"?><Document xmlns:xsi="http://www.w3.org/2001/XMLSchema-instance" xmlns="urn:iso:std:iso:20022:tech:xsd:camt.054.001.01"><BkToCstmrDbtCdtNtfctnV01><GrpHdr><MsgId>80309K//12901</MsgId><CreDtTm>2018-09-15T22:00:00</CreDtTm></GrpHdr><Ntfctn><Id>80309K//12901//1</Id><CreDtTm>2018-09-15T22:00:00</CreDtTm><Acct><Id><PrtryAcct><Id>20594233939774</Id></PrtryAcct></Id><Ccy>GBP</Ccy></Acct><TxsSummry><TtlNtries><NbOfNtries>4</NbOfNtries><Sum>239.50</Sum></TtlNtries><TtlCdtNtries><NbOfNtries>4</NbOfNtries><Sum>239.50</Sum></TtlCdtNtries><TtlDbtNtries><NbOfNtries>0</NbOfNtries><Sum>0.00</Sum></TtlDbtNtries></TxsSummry><Ntry><Amt Ccy="GBP">14.50</Amt><CdtDbtInd>CRDT</CdtDbtInd><Sts>BOOK</Sts><BookgDt><Dt>2018-09-17</Dt></BookgDt><BkTxCd><Prtry><Cd>SIP UKBA CR 40269</Cd></Prtry></BkTxCd><TxDtls><Refs><EndToEndId>NOREF</EndToEndId><TxId>600000000388788807</TxId></Refs><RltdPties><Dbtr><Nm>A Forgacs</Nm></Dbtr><DbtrAcct><Id><PrtryAcct><Id>77492636617260</Id></PrtryAcct></Id></DbtrAcct><Cdtr><Nm>ROMAN</Nm></Cdtr><CdtrAcct><Id><PrtryAcct><Id>23008200337186</Id></PrtryAcct></Id></CdtrAcct><Prtry><Tp>INTERNET BILL</Tp><Pty/></Prtry></RltdPties><RmtInf><Strd><AddtlRmtInf>NO REF</AddtlRmtInf></Strd><Strd><AddtlRmtInf>A Forgacs//INTERNET BILL</AddtlRmtInf></Strd></RmtInf><RltdDts><TxDtTm>2018-09-15T21:31:28</TxDtTm></RltdDts><AddtlTxInf>6000000003887888071020180915826774926</AddtlTxInf></TxDtls><AddtlNtryInf>COMPLETE//0000//003//CREDIT</AddtlNtryInf></Ntry><Ntry><Amt Ccy="GBP">20.00</Amt><CdtDbtInd>CRDT</CdtDbtInd><Sts>BOOK</Sts><BookgDt><Dt>2018-09-17</Dt></BookgDt><BkTxCd><Prtry><Cd>SIP UKBA CR 40269</Cd></Prtry></BkTxCd><TxDtls><Refs><EndToEndId>DAD</EndToEndId><TxId>47215114021527000N</TxId><Prtry><Tp>STO REF</Tp><Ref>0000</Ref></Prtry></Refs><RltdPties><Dbtr><Nm>LARNDER-SMITH SA</Nm></Dbtr><DbtrAcct><Id><PrtryAcct><Id>55502864581667</Id></PrtryAcct></Id></DbtrAcct><Cdtr><Nm>CORY LARNDER-SMITH</Nm></Cdtr><CdtrAcct><Id><PrtryAcct><Id>23008200246431</Id></PrtryAcct></Id></CdtrAcct><Prtry><Tp>DAD</Tp><Pty/></Prtry></RltdPties><RmtInf><Strd><AddtlRmtInf>LARNDER-SMITH SA  DAD               VIA MOBILE - PYMT</AddtlRmtInf></Strd><Strd><AddtlRmtInf>LARNDER-SMITH SA//DAD</AddtlRmtInf></Strd></RmtInf><RltdDts><TxDtTm>2018-09-15T21:51:14</TxDtTm></RltdDts><AddtlTxInf>47215114021527000N1020180915826555028</AddtlTxInf></TxDtls><AddtlNtryInf>COMPLETE//0000//003//CREDIT</AddtlNtryInf></Ntry><Ntry><Amt Ccy="GBP">5.00</Amt><CdtDbtInd>CRDT</CdtDbtInd><Sts>BOOK</Sts><BookgDt><Dt>2018-09-17</Dt></BookgDt><BkTxCd><Prtry><Cd>SIP UKBA CR 40269</Cd></Prtry></BkTxCd><TxDtls><Refs><EndToEndId>STARLING-L5W48NDWZXZKV9MRO7</EndToEndId><TxId>L5W48NDWZXZKV9MRO7</TxId></Refs><RltdPties><Dbtr><Nm>Marek Krzeminski</Nm></Dbtr><DbtrAcct><Id><PrtryAcct><Id>60837152887327</Id></PrtryAcct></Id></DbtrAcct><Cdtr><Nm>Marek Krzeminski Arro</Nm></Cdtr><CdtrAcct><Id><PrtryAcct><Id>23008200341647</Id></PrtryAcct></Id></CdtrAcct><Prtry><Tp>przelew</Tp><Pty/></Prtry></RltdPties><RmtInf><Strd><AddtlRmtInf>NO REF</AddtlRmtInf></Strd><Strd><AddtlRmtInf>Marek Krzeminski//przelew</AddtlRmtInf></Strd></RmtInf><RltdDts><TxDtTm>2018-09-15T21:54:51</TxDtTm></RltdDts><AddtlTxInf>L5W48NDWZXZKV9MRO71020180915826608371</AddtlTxInf></TxDtls><AddtlNtryInf>COMPLETE//0000//003//CREDIT</AddtlNtryInf></Ntry><Ntry><Amt Ccy="GBP">200.00</Amt><CdtDbtInd>CRDT</CdtDbtInd><Sts>BOOK</Sts><BookgDt><Dt>2018-09-17</Dt></BookgDt><BkTxCd><Prtry><Cd>SIP UKBA CR 40269</Cd></Prtry></BkTxCd><TxDtls><Refs><EndToEndId>PPWD00000000ANME7A</EndToEndId><TxId>PPWD00000000ANME7A</TxId></Refs><RltdPties><Dbtr><Nm>PayPal</Nm><PstlAdr><AdrLine>2211 N 1st Street San Jose CA 95131</AdrLine><Ctry/></PstlAdr></Dbtr><DbtrAcct><Id><PrtryAcct><Id>23526278959595</Id></PrtryAcct></Id></DbtrAcct><Cdtr><Nm>gurjeet kaur</Nm><PstlAdr><AdrLine>southall ladymargaret road</AdrLine><Ctry/></PstlAdr></Cdtr><CdtrAcct><Id><PrtryAcct><Id>23008200409220</Id></PrtryAcct></Id></CdtrAcct><Prtry><Tp>PPWDL5CR22AL4NPZJW</Tp><Pty/></Prtry></RltdPties><RmtInf><Strd><RfrdDocInf><RfrdDocTp><Prtry>002</Prtry></RfrdDocTp></RfrdDocInf><AddtlRmtInf>NO REF</AddtlRmtInf></Strd><Strd><AddtlRmtInf>PayPal//PPWDL5CR22AL4NPZJW</AddtlRmtInf></Strd></RmtInf><RltdDts><TxDtTm>2018-09-15T21:58:25</TxDtTm></RltdDts><AddtlTxInf>PPWD00000000ANME7A1020180915826235262</AddtlTxInf></TxDtls><AddtlNtryInf>COMPLETE//0000//003//CREDIT</AddtlNtryInf></Ntry></Ntfctn></BkToCstmrDbtCdtNtfctnV01></Document>