<?xml version="1.0" encoding="UTF-8"?><Document xmlns:xsi="http://www.w3.org/2001/XMLSchema-instance" xmlns="urn:iso:std:iso:20022:tech:xsd:camt.054.001.01"><BkToCstmrDbtCdtNtfctnV01><GrpHdr><MsgId>80309K//13154</MsgId><CreDtTm>2018-09-21T18:00:00</CreDtTm></GrpHdr><Ntfctn><Id>80309K//13154//1</Id><CreDtTm>2018-09-21T18:00:00</CreDtTm><Acct><Id><PrtryAcct><Id>20594233939774</Id></PrtryAcct></Id><Ccy>GBP</Ccy></Acct><TxsSummry><TtlNtries><NbOfNtries>10</NbOfNtries><Sum>1787.34</Sum></TtlNtries><TtlCdtNtries><NbOfNtries>10</NbOfNtries><Sum>1787.34</Sum></TtlCdtNtries><TtlDbtNtries><NbOfNtries>0</NbOfNtries><Sum>0.00</Sum></TtlDbtNtries></TxsSummry><Ntry><Amt Ccy="GBP">90.00</Amt><CdtDbtInd>CRDT</CdtDbtInd><Sts>BOOK</Sts><BookgDt><Dt>2018-09-21</Dt></BookgDt><BkTxCd><Prtry><Cd>SIP UKBA CR 40269</Cd></Prtry></BkTxCd><TxDtls><Refs><EndToEndId>NOREF</EndToEndId><TxId>300000000394428595</TxId></Refs><RltdPties><Dbtr><Nm>B Crowe</Nm></Dbtr><DbtrAcct><Id><PrtryAcct><Id>77670332710668</Id></PrtryAcct></Id></DbtrAcct><Cdtr><Nm>KATIE DAVIES</Nm></Cdtr><CdtrAcct><Id><PrtryAcct><Id>23008200458919</Id></PrtryAcct></Id></CdtrAcct><Prtry><Tp>TICKETS</Tp><Pty/></Prtry></RltdPties><RmtInf><Strd><AddtlRmtInf>NO REF</AddtlRmtInf></Strd><Strd><AddtlRmtInf>B Crowe//TICKETS</AddtlRmtInf></Strd></RmtInf><RltdDts><TxDtTm>2018-09-21T17:31:32</TxDtTm></RltdDts><AddtlTxInf>3000000003944285951020180921826776703</AddtlTxInf></TxDtls><AddtlNtryInf>COMPLETE//0000//003//CREDIT</AddtlNtryInf></Ntry><Ntry><Amt Ccy="GBP">31.00</Amt><CdtDbtInd>CRDT</CdtDbtInd><Sts>BOOK</Sts><BookgDt><Dt>2018-09-21</Dt></BookgDt><BkTxCd><Prtry><Cd>SIP UKBA CR 40269</Cd></Prtry></BkTxCd><TxDtls><Refs><EndToEndId>NOREF</EndToEndId><TxId>RP4679961934215900</TxId></Refs><RltdPties><Dbtr><Nm>BASOAH G</Nm></Dbtr><DbtrAcct><Id><PrtryAcct><Id>20346973206173</Id></PrtryAcct></Id></DbtrAcct><Cdtr><Nm>ELIZABETH KYEI</Nm></Cdtr><CdtrAcct><Id><PrtryAcct><Id>23008200314717</Id></PrtryAcct></Id></CdtrAcct><Prtry><Tp>BRAGO</Tp><Pty/></Prtry></RltdPties><RmtInf><Strd><AddtlRmtInf>NO REF</AddtlRmtInf></Strd><Strd><AddtlRmtInf>BASOAH G//BRAGO</AddtlRmtInf></Strd></RmtInf><RltdDts><TxDtTm>2018-09-21T17:39:28</TxDtTm></RltdDts><AddtlTxInf>RP46799619342159001020180921826200026</AddtlTxInf></TxDtls><AddtlNtryInf>COMPLETE//0000//003//CREDIT</AddtlNtryInf></Ntry><Ntry><Amt Ccy="GBP">10.00</Amt><CdtDbtInd>CRDT</CdtDbtInd><Sts>BOOK</Sts><BookgDt><Dt>2018-09-21</Dt></BookgDt><BkTxCd><Prtry><Cd>SIP UKBA CR 40269</Cd></Prtry></BkTxCd><TxDtls><Refs><EndToEndId>DIANNA</EndToEndId><TxId>42174124687239000N</TxId><Prtry><Tp>STO REF</Tp><Ref>0000</Ref></Prtry></Refs><RltdPties><Dbtr><Nm>CAZACU D</Nm></Dbtr><DbtrAcct><Id><PrtryAcct><Id>60190223287748</Id></PrtryAcct></Id></DbtrAcct><Cdtr><Nm>MISS LAURA EWART</Nm></Cdtr><CdtrAcct><Id><PrtryAcct><Id>23008200387123</Id></PrtryAcct></Id></CdtrAcct><Prtry><Tp>DIANNA</Tp><Pty/></Prtry></RltdPties><RmtInf><Strd><AddtlRmtInf>CAZACU D          DIANNA            VIA MOBILE - LVP</AddtlRmtInf></Strd><Strd><AddtlRmtInf>CAZACU D//DIANNA</AddtlRmtInf></Strd></RmtInf><RltdDts><TxDtTm>2018-09-21T17:41:25</TxDtTm></RltdDts><AddtlTxInf>42174124687239000N1020180921826601902</AddtlTxInf></TxDtls><AddtlNtryInf>COMPLETE//0000//003//CREDIT</AddtlNtryInf></Ntry><Ntry><Amt Ccy="GBP">351.37</Amt><CdtDbtInd>CRDT</CdtDbtInd><Sts>BOOK</Sts><BookgDt><Dt>2018-09-21</Dt></BookgDt><BkTxCd><Prtry><Cd>SIP UKBA CR 40269</Cd></Prtry></BkTxCd><TxDtls><Refs><EndToEndId>ARGYLL HOTEL</EndToEndId><TxId>49174326632850000R</TxId><Prtry><Tp>STO REF</Tp><Ref>0000</Ref></Prtry></Refs><RltdPties><Dbtr><Nm>THE ARGYLL HOTEL</Nm></Dbtr><DbtrAcct><Id><PrtryAcct><Id>16192610580110</Id></PrtryAcct></Id></DbtrAcct><Cdtr><Nm>ROB DIMOND</Nm></Cdtr><CdtrAcct><Id><PrtryAcct><Id>23008200066097</Id></PrtryAcct></Id></CdtrAcct><Prtry><Tp>ARGYLL HOTEL</Tp><Pty/></Prtry></RltdPties><RmtInf><Strd><AddtlRmtInf>THE ARGYLL HOTEL  ARGYLL HOTEL      VIA ONLINE - PYMT</AddtlRmtInf></Strd><Strd><AddtlRmtInf>THE ARGYLL HOTEL//ARGYLL HOTEL</AddtlRmtInf></Strd></RmtInf><RltdDts><TxDtTm>2018-09-21T17:43:27</TxDtTm></RltdDts><AddtlTxInf>49174326632850000R1020180921826161926</AddtlTxInf></TxDtls><AddtlNtryInf>COMPLETE//0000//003//CREDIT</AddtlNtryInf></Ntry><Ntry><Amt Ccy="GBP">10.00</Amt><CdtDbtInd>CRDT</CdtDbtInd><Sts>BOOK</Sts><BookgDt><Dt>2018-09-21</Dt></BookgDt><BkTxCd><Prtry><Cd>SIP UKBA CR 40269</Cd></Prtry></BkTxCd><TxDtls><Refs><EndToEndId>NOREF</EndToEndId><TxId>500000000390785751</TxId></Refs><RltdPties><Dbtr><Nm>S Sidhu</Nm></Dbtr><DbtrAcct><Id><PrtryAcct><Id>11000111108075</Id></PrtryAcct></Id></DbtrAcct><Cdtr><Nm>SANJAY SIDHU</Nm></Cdtr><CdtrAcct><Id><PrtryAcct><Id>23008200433902</Id></PrtryAcct></Id></CdtrAcct><Prtry><Tp>SANJAY</Tp><Pty/></Prtry></RltdPties><RmtInf><Strd><AddtlRmtInf>NO REF</AddtlRmtInf></Strd><Strd><AddtlRmtInf>S Sidhu//SANJAY</AddtlRmtInf></Strd></RmtInf><RltdDts><TxDtTm>2018-09-21T17:52:29</TxDtTm></RltdDts><AddtlTxInf>5000000003907857511020180921826110001</AddtlTxInf></TxDtls><AddtlNtryInf>COMPLETE//0000//003//CREDIT</AddtlNtryInf></Ntry><Ntry><Amt Ccy="GBP">69.97</Amt><CdtDbtInd>CRDT</CdtDbtInd><Sts>BOOK</Sts><BookgDt><Dt>2018-09-21</Dt></BookgDt><BkTxCd><Prtry><Cd>SIP UKBA CR 40269</Cd></Prtry></BkTxCd><TxDtls><Refs><EndToEndId>PPWD00000000AP51WY</EndToEndId><TxId>PPWD00000000AP51WY</TxId></Refs><RltdPties><Dbtr><Nm>PayPal</Nm><PstlAdr><AdrLine>2211 N 1st Street San Jose CA 95131</AdrLine><Ctry/></PstlAdr></Dbtr><DbtrAcct><Id><PrtryAcct><Id>23526278959595</Id></PrtryAcct></Id></DbtrAcct><Cdtr><Nm>Daniel Whiston</Nm><PstlAdr><AdrLine>1 Ryde Close</AdrLine><Ctry/></PstlAdr></Cdtr><CdtrAcct><Id><PrtryAcct><Id>23008200458914</Id></PrtryAcct></Id></CdtrAcct><Prtry><Tp>PPWDL5K3J2AL9NBN6U</Tp><Pty/></Prtry></RltdPties><RmtInf><Strd><RfrdDocInf><RfrdDocTp><Prtry>002</Prtry></RfrdDocTp></RfrdDocInf><AddtlRmtInf>NO REF</AddtlRmtInf></Strd><Strd><AddtlRmtInf>PayPal//PPWDL5K3J2AL9NBN6U</AddtlRmtInf></Strd></RmtInf><RltdDts><TxDtTm>2018-09-21T17:53:05</TxDtTm></RltdDts><AddtlTxInf>PPWD00000000AP51WY1020180921826235262</AddtlTxInf></TxDtls><AddtlNtryInf>COMPLETE//0000//003//CREDIT</AddtlNtryInf></Ntry><Ntry><Amt Ccy="GBP">360.00</Amt><CdtDbtInd>CRDT</CdtDbtInd><Sts>BOOK</Sts><BookgDt><Dt>2018-09-21</Dt></BookgDt><BkTxCd><Prtry><Cd>SIP UKBA CR 40269</Cd></Prtry></BkTxCd><TxDtls><Refs><EndToEndId>00152242632BCYRRTV</EndToEndId><TxId>00152242632BCYRRTV</TxId></Refs><RltdPties><Dbtr><Nm>RAIL TRAIN CO (UK) LIMITED</Nm></Dbtr><DbtrAcct><Id><PrtryAcct><Id>09012918872509</Id></PrtryAcct></Id></DbtrAcct><Cdtr><Nm>FREQUENCY C LTD</Nm></Cdtr><CdtrAcct><Id><PrtryAcct><Id>23008200032016</Id></PrtryAcct></Id></CdtrAcct><Prtry><Tp>KEITH NASH 3</Tp><Pty/></Prtry></RltdPties><RmtInf><Strd><AddtlRmtInf>NO REF</AddtlRmtInf></Strd><Strd><AddtlRmtInf>RAIL TRAIN CO (UK)//KEITH NASH 3</AddtlRmtInf></Strd></RmtInf><RltdDts><TxDtTm>2018-09-21T17:56:03</TxDtTm></RltdDts><AddtlTxInf>00152242632BCYRRTV1020180921826090129</AddtlTxInf></TxDtls><AddtlNtryInf>COMPLETE//0000//003//CREDIT</AddtlNtryInf></Ntry><Ntry><Amt Ccy="GBP">360.00</Amt><CdtDbtInd>CRDT</CdtDbtInd><Sts>BOOK</Sts><BookgDt><Dt>2018-09-21</Dt></BookgDt><BkTxCd><Prtry><Cd>SIP UKBA CR 40269</Cd></Prtry></BkTxCd><TxDtls><Refs><EndToEndId>00152242632BCYRRVF</EndToEndId><TxId>00152242632BCYRRVF</TxId></Refs><RltdPties><Dbtr><Nm>RAIL TRAIN CO (UK) LIMITED</Nm></Dbtr><DbtrAcct><Id><PrtryAcct><Id>09012918872509</Id></PrtryAcct></Id></DbtrAcct><Cdtr><Nm>FREQUENCY C LTD</Nm></Cdtr><CdtrAcct><Id><PrtryAcct><Id>23008200032016</Id></PrtryAcct></Id></CdtrAcct><Prtry><Tp>KEITH NASH 4</Tp><Pty/></Prtry></RltdPties><RmtInf><Strd><AddtlRmtInf>NO REF</AddtlRmtInf></Strd><Strd><AddtlRmtInf>RAIL TRAIN CO (UK)//KEITH NASH 4</AddtlRmtInf></Strd></RmtInf><RltdDts><TxDtTm>2018-09-21T17:56:52</TxDtTm></RltdDts><AddtlTxInf>00152242632BCYRRVF1020180921826090129</AddtlTxInf></TxDtls><AddtlNtryInf>COMPLETE//0000//003//CREDIT</AddtlNtryInf></Ntry><Ntry><Amt Ccy="GBP">145.00</Amt><CdtDbtInd>CRDT</CdtDbtInd><Sts>BOOK</Sts><BookgDt><Dt>2018-09-21</Dt></BookgDt><BkTxCd><Prtry><Cd>SIP UKBA CR 40269</Cd></Prtry></BkTxCd><TxDtls><Refs><EndToEndId>NOREF</EndToEndId><TxId>FP18264O05213829</TxId></Refs><RltdPties><Dbtr><Nm>Oakes David</Nm></Dbtr><DbtrAcct><Id><PrtryAcct><Id>07011631570089</Id></PrtryAcct></Id></DbtrAcct><Cdtr><Nm>A MCDOWELL</Nm></Cdtr><CdtrAcct><Id><PrtryAcct><Id>23008200331486</Id></PrtryAcct></Id></CdtrAcct><Prtry><Tp>0</Tp><Pty/></Prtry></RltdPties><RmtInf><Strd><AddtlRmtInf>NO REF</AddtlRmtInf></Strd><Strd><AddtlRmtInf>Oakes David//0</AddtlRmtInf></Strd></RmtInf><RltdDts><TxDtTm>2018-09-21T17:57:01</TxDtTm></RltdDts><AddtlTxInf>FP18264O05213829  1020180921826070116</AddtlTxInf></TxDtls><AddtlNtryInf>COMPLETE//0000//003//CREDIT</AddtlNtryInf></Ntry><Ntry><Amt Ccy="GBP">360.00</Amt><CdtDbtInd>CRDT</CdtDbtInd><Sts>BOOK</Sts><BookgDt><Dt>2018-09-21</Dt></BookgDt><BkTxCd><Prtry><Cd>SIP UKBA CR 40269</Cd></Prtry></BkTxCd><TxDtls><Refs><EndToEndId>00152242632BCYRRVL</EndToEndId><TxId>00152242632BCYRRVL</TxId></Refs><RltdPties><Dbtr><Nm>RAIL TRAIN CO (UK) LIMITED</Nm></Dbtr><DbtrAcct><Id><PrtryAcct><Id>09012918872509</Id></PrtryAcct></Id></DbtrAcct><Cdtr><Nm>FREQUENCY C LTD</Nm></Cdtr><CdtrAcct><Id><PrtryAcct><Id>23008200032016</Id></PrtryAcct></Id></CdtrAcct><Prtry><Tp>KEITH NASH 5</Tp><Pty/></Prtry></RltdPties><RmtInf><Strd><AddtlRmtInf>NO REF</AddtlRmtInf></Strd><Strd><AddtlRmtInf>RAIL TRAIN CO (UK)//KEITH NASH 5</AddtlRmtInf></Strd></RmtInf><RltdDts><TxDtTm>2018-09-21T17:57:40</TxDtTm></RltdDts><AddtlTxInf>00152242632BCYRRVL1020180921826090129</AddtlTxInf></TxDtls><AddtlNtryInf>COMPLETE//0000//003//CREDIT</AddtlNtryInf></Ntry></Ntfctn></BkToCstmrDbtCdtNtfctnV01></Document>