<?xml version="1.0" encoding="UTF-8"?><Document xmlns:xsi="http://www.w3.org/2001/XMLSchema-instance" xmlns="urn:iso:std:iso:20022:tech:xsd:camt.054.001.01"><BkToCstmrDbtCdtNtfctnV01><GrpHdr><MsgId>80309K//13242</MsgId><CreDtTm>2018-09-23T22:00:00</CreDtTm></GrpHdr><Ntfctn><Id>80309K//13242//1</Id><CreDtTm>2018-09-23T22:00:00</CreDtTm><Acct><Id><PrtryAcct><Id>20594233939774</Id></PrtryAcct></Id><Ccy>GBP</Ccy></Acct><TxsSummry><TtlNtries><NbOfNtries>6</NbOfNtries><Sum>163.01</Sum></TtlNtries><TtlCdtNtries><NbOfNtries>6</NbOfNtries><Sum>163.01</Sum></TtlCdtNtries><TtlDbtNtries><NbOfNtries>0</NbOfNtries><Sum>0.00</Sum></TtlDbtNtries></TxsSummry><Ntry><Amt Ccy="GBP">60.00</Amt><CdtDbtInd>CRDT</CdtDbtInd><Sts>BOOK</Sts><BookgDt><Dt>2018-09-24</Dt></BookgDt><BkTxCd><Prtry><Cd>SIP UKBA CR 40269</Cd></Prtry></BkTxCd><TxDtls><Refs><EndToEndId>NOREF</EndToEndId><TxId>100000000389509584</TxId></Refs><RltdPties><Dbtr><Nm>M Arslan</Nm></Dbtr><DbtrAcct><Id><PrtryAcct><Id>11057211245868</Id></PrtryAcct></Id></DbtrAcct><Cdtr><Nm>BUBA</Nm></Cdtr><CdtrAcct><Id><PrtryAcct><Id>23008200339848</Id></PrtryAcct></Id></CdtrAcct><Prtry><Tp>RUBA</Tp><Pty/></Prtry></RltdPties><RmtInf><Strd><AddtlRmtInf>NO REF</AddtlRmtInf></Strd><Strd><AddtlRmtInf>M Arslan//RUBA</AddtlRmtInf></Strd></RmtInf><RltdDts><TxDtTm>2018-09-23T21:30:24</TxDtTm></RltdDts><AddtlTxInf>1000000003895095841020180923826110572</AddtlTxInf></TxDtls><AddtlNtryInf>COMPLETE//0000//003//CREDIT</AddtlNtryInf></Ntry><Ntry><Amt Ccy="GBP">25.00</Amt><CdtDbtInd>CRDT</CdtDbtInd><Sts>BOOK</Sts><BookgDt><Dt>2018-09-24</Dt></BookgDt><BkTxCd><Prtry><Cd>SIP UKBA CR 40269</Cd></Prtry></BkTxCd><TxDtls><Refs><EndToEndId>NOREF</EndToEndId><TxId>RP4659985169307700</TxId></Refs><RltdPties><Dbtr><Nm>DO THE JOB LTD</Nm></Dbtr><DbtrAcct><Id><PrtryAcct><Id>20045013311163</Id></PrtryAcct></Id></DbtrAcct><Cdtr><Nm>CEZAR TUCULIANU</Nm></Cdtr><CdtrAcct><Id><PrtryAcct><Id>23008200229905</Id></PrtryAcct></Id></CdtrAcct><Prtry><Tp>WEEKLY WAGE</Tp><Pty/></Prtry></RltdPties><RmtInf><Strd><AddtlRmtInf>NO REF</AddtlRmtInf></Strd><Strd><AddtlRmtInf>DO THE JOB LTD//WEEKLY WAGE</AddtlRmtInf></Strd></RmtInf><RltdDts><TxDtTm>2018-09-23T21:37:23</TxDtTm></RltdDts><AddtlTxInf>RP46599851693077001020180923826200026</AddtlTxInf></TxDtls><AddtlNtryInf>COMPLETE//0000//003//CREDIT</AddtlNtryInf></Ntry><Ntry><Amt Ccy="GBP">50.00</Amt><CdtDbtInd>CRDT</CdtDbtInd><Sts>BOOK</Sts><BookgDt><Dt>2018-09-24</Dt></BookgDt><BkTxCd><Prtry><Cd>SIP UKBA CR 40269</Cd></Prtry></BkTxCd><TxDtls><Refs><EndToEndId>WAGE</EndToEndId><TxId>13214748014486000N</TxId><Prtry><Tp>STO REF</Tp><Ref>0000</Ref></Prtry></Refs><RltdPties><Dbtr><Nm>WARD AP</Nm></Dbtr><DbtrAcct><Id><PrtryAcct><Id>56003629618851</Id></PrtryAcct></Id></DbtrAcct><Cdtr><Nm>DANIEL MORLEY</Nm></Cdtr><CdtrAcct><Id><PrtryAcct><Id>23008200338976</Id></PrtryAcct></Id></CdtrAcct><Prtry><Tp>WAGE</Tp><Pty/></Prtry></RltdPties><RmtInf><Strd><AddtlRmtInf>WARD AP           WAGE              VIA MOBILE - LVP</AddtlRmtInf></Strd><Strd><AddtlRmtInf>WARD AP//WAGE</AddtlRmtInf></Strd></RmtInf><RltdDts><TxDtTm>2018-09-23T21:47:48</TxDtTm></RltdDts><AddtlTxInf>13214748014486000N1020180923826560036</AddtlTxInf></TxDtls><AddtlNtryInf>COMPLETE//0000//003//CREDIT</AddtlNtryInf></Ntry><Ntry><Amt Ccy="GBP">8.00</Amt><CdtDbtInd>CRDT</CdtDbtInd><Sts>BOOK</Sts><BookgDt><Dt>2018-09-24</Dt></BookgDt><BkTxCd><Prtry><Cd>SIP UKBA CR 40269</Cd></Prtry></BkTxCd><TxDtls><Refs><EndToEndId>NOREF</EndToEndId><TxId>RP4679962073657900</TxId></Refs><RltdPties><Dbtr><Nm>KHADKA L</Nm></Dbtr><DbtrAcct><Id><PrtryAcct><Id>20427693025489</Id></PrtryAcct></Id></DbtrAcct><Cdtr><Nm>ROSHAN RAJTHALA</Nm></Cdtr><CdtrAcct><Id><PrtryAcct><Id>23008200449929</Id></PrtryAcct></Id></CdtrAcct><Prtry><Tp>RAM</Tp><Pty/></Prtry></RltdPties><RmtInf><Strd><AddtlRmtInf>NO REF</AddtlRmtInf></Strd><Strd><AddtlRmtInf>KHADKA L//RAM</AddtlRmtInf></Strd></RmtInf><RltdDts><TxDtTm>2018-09-23T21:48:40</TxDtTm></RltdDts><AddtlTxInf>RP46799620736579001020180923826200026</AddtlTxInf></TxDtls><AddtlNtryInf>COMPLETE//0000//003//CREDIT</AddtlNtryInf></Ntry><Ntry><Amt Ccy="GBP">0.01</Amt><CdtDbtInd>CRDT</CdtDbtInd><Sts>BOOK</Sts><BookgDt><Dt>2018-09-24</Dt></BookgDt><BkTxCd><Prtry><Cd>SIP UKBA CR 40269</Cd></Prtry></BkTxCd><TxDtls><Refs><EndToEndId>PPRD00000000APLV32</EndToEndId><TxId>PPRD00000000APLV32</TxId></Refs><RltdPties><Dbtr><Nm>PAYPAL CODE 6291</Nm><PstlAdr><AdrLine>2211 N 1st Street San Jose CA 95131</AdrLine><Ctry/></PstlAdr></Dbtr><DbtrAcct><Id><PrtryAcct><Id>23526285010101</Id></PrtryAcct></Id></DbtrAcct><Cdtr><Nm>Gillian Cronin</Nm><PstlAdr><AdrLine>43 Linden Road</AdrLine><Ctry/></PstlAdr></Cdtr><CdtrAcct><Id><PrtryAcct><Id>23008200463064</Id></PrtryAcct></Id></CdtrAcct><Prtry><Tp>PAYPAL CODE 6291</Tp><Pty/></Prtry></RltdPties><RmtInf><Strd><RfrdDocInf><RfrdDocTp><Prtry>002</Prtry></RfrdDocTp></RfrdDocInf><AddtlRmtInf>NO REF</AddtlRmtInf></Strd><Strd><AddtlRmtInf>PAYPAL CODE 6291//PAYPAL CODE 6291</AddtlRmtInf></Strd></RmtInf><RltdDts><TxDtTm>2018-09-23T21:52:23</TxDtTm></RltdDts><AddtlTxInf>PPRD00000000APLV321020180923826235262</AddtlTxInf></TxDtls><AddtlNtryInf>COMPLETE//0000//003//CREDIT</AddtlNtryInf></Ntry><Ntry><Amt Ccy="GBP">20.00</Amt><CdtDbtInd>CRDT</CdtDbtInd><Sts>BOOK</Sts><BookgDt><Dt>2018-09-24</Dt></BookgDt><BkTxCd><Prtry><Cd>DCA UKBA CR 40269</Cd></Prtry></BkTxCd><TxDtls><Refs><EndToEndId>NOREF</EndToEndId><TxId>000000013643268101</TxId><Prtry><Tp>STO REF</Tp><Ref>9675</Ref></Prtry></Refs><RltdPties><Dbtr><Nm>H HAGHANI</Nm></Dbtr><DbtrAcct><Id><PrtryAcct><Id>20035373152596</Id></PrtryAcct></Id></DbtrAcct><Cdtr><Nm>HANIEH EBADOLAHZAD</Nm></Cdtr><CdtrAcct><Id><PrtryAcct><Id>23008200127685</Id></PrtryAcct></Id></CdtrAcct><Prtry><Tp>FROM HANIEH EBADOL</Tp><Pty/></Prtry></RltdPties><RmtInf><Strd><AddtlRmtInf>NO REF</AddtlRmtInf></Strd><Strd><AddtlRmtInf>H HAGHANI//FROM HANIEH EBADOL</AddtlRmtInf></Strd></RmtInf><RltdDts><TxDtTm>2018-09-23T21:52:46</TxDtTm></RltdDts><AddtlTxInf>0000000136432681015020180923826200353</AddtlTxInf></TxDtls><AddtlNtryInf>COMPLETE//0000//003//CREDIT</AddtlNtryInf></Ntry></Ntfctn></BkToCstmrDbtCdtNtfctnV01></Document>