<?xml version="1.0" encoding="UTF-8"?><Document xmlns:xsi="http://www.w3.org/2001/XMLSchema-instance" xmlns="urn:iso:std:iso:20022:tech:xsd:camt.054.001.01"><BkToCstmrDbtCdtNtfctnV01><GrpHdr><MsgId>80309K//13510</MsgId><CreDtTm>2018-09-30T00:00:00</CreDtTm></GrpHdr><Ntfctn><Id>80309K//13510//1</Id><CreDtTm>2018-09-30T00:00:00</CreDtTm><Acct><Id><PrtryAcct><Id>20594233939774</Id></PrtryAcct></Id><Ccy>GBP</Ccy></Acct><TxsSummry><TtlNtries><NbOfNtries>1</NbOfNtries><Sum>5.00</Sum></TtlNtries><TtlCdtNtries><NbOfNtries>1</NbOfNtries><Sum>5.00</Sum></TtlCdtNtries><TtlDbtNtries><NbOfNtries>0</NbOfNtries><Sum>0.00</Sum></TtlDbtNtries></TxsSummry><Ntry><Amt Ccy="GBP">5.00</Amt><CdtDbtInd>CRDT</CdtDbtInd><Sts>BOOK</Sts><BookgDt><Dt>2018-10-01</Dt></BookgDt><BkTxCd><Prtry><Cd>SIP UKBA CR 40269</Cd></Prtry></BkTxCd><TxDtls><Refs><EndToEndId>NOREF</EndToEndId><TxId>200000000391763256</TxId></Refs><RltdPties><Dbtr><Nm>S Eddani</Nm></Dbtr><DbtrAcct><Id><PrtryAcct><Id>30159716259568</Id></PrtryAcct></Id></DbtrAcct><Cdtr><Nm>NIS</Nm></Cdtr><CdtrAcct><Id><PrtryAcct><Id>23008200338775</Id></PrtryAcct></Id></CdtrAcct><Prtry><Tp>ED</Tp><Pty/></Prtry></RltdPties><RmtInf><Strd><AddtlRmtInf>NO REF</AddtlRmtInf></Strd><Strd><AddtlRmtInf>S Eddani//ED</AddtlRmtInf></Strd></RmtInf><RltdDts><TxDtTm>2018-09-29T23:42:14</TxDtTm></RltdDts><AddtlTxInf>2000000003917632561020180929826301597</AddtlTxInf></TxDtls><AddtlNtryInf>COMPLETE//0000//003//CREDIT</AddtlNtryInf></Ntry></Ntfctn></BkToCstmrDbtCdtNtfctnV01></Document>