<?xml version="1.0" encoding="UTF-8"?><Document xmlns:xsi="http://www.w3.org/2001/XMLSchema-instance" xmlns="urn:iso:std:iso:20022:tech:xsd:camt.054.001.01"><BkToCstmrDbtCdtNtfctnV01><GrpHdr><MsgId>80309K//13186</MsgId><CreDtTm>2018-09-22T13:30:00</CreDtTm></GrpHdr><Ntfctn><Id>80309K//13186//1</Id><CreDtTm>2018-09-22T13:30:00</CreDtTm><Acct><Id><PrtryAcct><Id>20594233939774</Id></PrtryAcct></Id><Ccy>GBP</Ccy></Acct><TxsSummry><TtlNtries><NbOfNtries>9</NbOfNtries><Sum>631.20</Sum></TtlNtries><TtlCdtNtries><NbOfNtries>9</NbOfNtries><Sum>631.20</Sum></TtlCdtNtries><TtlDbtNtries><NbOfNtries>0</NbOfNtries><Sum>0.00</Sum></TtlDbtNtries></TxsSummry><Ntry><Amt Ccy="GBP">0.50</Amt><CdtDbtInd>CRDT</CdtDbtInd><Sts>BOOK</Sts><BookgDt><Dt>2018-09-24</Dt></BookgDt><BkTxCd><Prtry><Cd>SIP UKBA CR 40269</Cd></Prtry></BkTxCd><TxDtls><Refs><EndToEndId>NOREF</EndToEndId><TxId>100000000389271937</TxId></Refs><RltdPties><Dbtr><Nm>C McLean</Nm></Dbtr><DbtrAcct><Id><PrtryAcct><Id>77492609836960</Id></PrtryAcct></Id></DbtrAcct><Cdtr><Nm>DURRELL MCLEAN</Nm></Cdtr><CdtrAcct><Id><PrtryAcct><Id>23008200397085</Id></PrtryAcct></Id></CdtrAcct><Prtry><Tp>COLLEGE MONEY</Tp><Pty/></Prtry></RltdPties><RmtInf><Strd><AddtlRmtInf>NO REF</AddtlRmtInf></Strd><Strd><AddtlRmtInf>C McLean//COLLEGE MONEY</AddtlRmtInf></Strd></RmtInf><RltdDts><TxDtTm>2018-09-22T13:00:20</TxDtTm></RltdDts><AddtlTxInf>1000000003892719371020180922826774926</AddtlTxInf></TxDtls><AddtlNtryInf>COMPLETE//0000//003//CREDIT</AddtlNtryInf></Ntry><Ntry><Amt Ccy="GBP">30.00</Amt><CdtDbtInd>CRDT</CdtDbtInd><Sts>BOOK</Sts><BookgDt><Dt>2018-09-24</Dt></BookgDt><BkTxCd><Prtry><Cd>SIP UKBA CR 40269</Cd></Prtry></BkTxCd><TxDtls><Refs><EndToEndId>00151267632BBDZTGT</EndToEndId><TxId>00151267632BBDZTGT</TxId></Refs><RltdPties><Dbtr><Nm>CLARE FARMER</Nm></Dbtr><DbtrAcct><Id><PrtryAcct><Id>09012679511277</Id></PrtryAcct></Id></DbtrAcct><Cdtr><Nm>BENEDICT ARRO</Nm></Cdtr><CdtrAcct><Id><PrtryAcct><Id>23008200209247</Id></PrtryAcct></Id></CdtrAcct><Prtry><Tp>Household</Tp><Pty/></Prtry></RltdPties><RmtInf><Strd><AddtlRmtInf>NO REF</AddtlRmtInf></Strd><Strd><AddtlRmtInf>CLARE FARMER//Household</AddtlRmtInf></Strd></RmtInf><RltdDts><TxDtTm>2018-09-22T13:01:58</TxDtTm></RltdDts><AddtlTxInf>00151267632BBDZTGT1020180922826090126</AddtlTxInf></TxDtls><AddtlNtryInf>COMPLETE//0000//003//CREDIT</AddtlNtryInf></Ntry><Ntry><Amt Ccy="GBP">60.00</Amt><CdtDbtInd>CRDT</CdtDbtInd><Sts>BOOK</Sts><BookgDt><Dt>2018-09-24</Dt></BookgDt><BkTxCd><Prtry><Cd>SIP UKBA CR 40269</Cd></Prtry></BkTxCd><TxDtls><Refs><EndToEndId>NOREF</EndToEndId><TxId>200000000389264306</TxId></Refs><RltdPties><Dbtr><Nm>D Elliott</Nm></Dbtr><DbtrAcct><Id><PrtryAcct><Id>30947423707660</Id></PrtryAcct></Id></DbtrAcct><Cdtr><Nm>EMMA P</Nm></Cdtr><CdtrAcct><Id><PrtryAcct><Id>23008200312158</Id></PrtryAcct></Id></CdtrAcct><Prtry><Tp>MONEY</Tp><Pty/></Prtry></RltdPties><RmtInf><Strd><AddtlRmtInf>NO REF</AddtlRmtInf></Strd><Strd><AddtlRmtInf>D Elliott//MONEY</AddtlRmtInf></Strd></RmtInf><RltdDts><TxDtTm>2018-09-22T13:02:42</TxDtTm></RltdDts><AddtlTxInf>2000000003892643061020180922826309474</AddtlTxInf></TxDtls><AddtlNtryInf>COMPLETE//0000//003//CREDIT</AddtlNtryInf></Ntry><Ntry><Amt Ccy="GBP">40.00</Amt><CdtDbtInd>CRDT</CdtDbtInd><Sts>BOOK</Sts><BookgDt><Dt>2018-09-24</Dt></BookgDt><BkTxCd><Prtry><Cd>SIP UKBA CR 40269</Cd></Prtry></BkTxCd><TxDtls><Refs><EndToEndId>GOING OUT</EndToEndId><TxId>09130315869696000N</TxId><Prtry><Tp>STO REF</Tp><Ref>0000</Ref></Prtry></Refs><RltdPties><Dbtr><Nm>FARMER CS</Nm></Dbtr><DbtrAcct><Id><PrtryAcct><Id>60233682539782</Id></PrtryAcct></Id></DbtrAcct><Cdtr><Nm>BEN MORUTHANE</Nm></Cdtr><CdtrAcct><Id><PrtryAcct><Id>23008200209247</Id></PrtryAcct></Id></CdtrAcct><Prtry><Tp>GOING OUT</Tp><Pty/></Prtry></RltdPties><RmtInf><Strd><AddtlRmtInf>FARMER CS         GOING OUT         VIA MOBILE - LVP</AddtlRmtInf></Strd><Strd><AddtlRmtInf>FARMER CS//GOING OUT</AddtlRmtInf></Strd></RmtInf><RltdDts><TxDtTm>2018-09-22T13:03:16</TxDtTm></RltdDts><AddtlTxInf>09130315869696000N1020180922826602336</AddtlTxInf></TxDtls><AddtlNtryInf>COMPLETE//0000//003//CREDIT</AddtlNtryInf></Ntry><Ntry><Amt Ccy="GBP">50.00</Amt><CdtDbtInd>CRDT</CdtDbtInd><Sts>BOOK</Sts><BookgDt><Dt>2018-09-24</Dt></BookgDt><BkTxCd><Prtry><Cd>SIP UKBA CR 40269</Cd></Prtry></BkTxCd><TxDtls><Refs><EndToEndId>5574220105211394</EndToEndId><TxId>53131455187286000N</TxId><Prtry><Tp>STO REF</Tp><Ref>0000</Ref></Prtry></Refs><RltdPties><Dbtr><Nm>HAYWOOD Y</Nm></Dbtr><DbtrAcct><Id><PrtryAcct><Id>60171787605929</Id></PrtryAcct></Id></DbtrAcct><Cdtr><Nm>ARRO</Nm></Cdtr><CdtrAcct><Id><PrtryAcct><Id>23008200162339</Id></PrtryAcct></Id></CdtrAcct><Prtry><Tp>5574220105211394</Tp><Pty/></Prtry></RltdPties><RmtInf><Strd><AddtlRmtInf>HAYWOOD Y         5574220105211394  VIA MOBILE - PYMT</AddtlRmtInf></Strd><Strd><AddtlRmtInf>HAYWOOD Y//5574220105211394</AddtlRmtInf></Strd></RmtInf><RltdDts><TxDtTm>2018-09-22T13:14:55</TxDtTm></RltdDts><AddtlTxInf>53131455187286000N1020180922826601717</AddtlTxInf></TxDtls><AddtlNtryInf>COMPLETE//0000//003//CREDIT</AddtlNtryInf></Ntry><Ntry><Amt Ccy="GBP">5.00</Amt><CdtDbtInd>CRDT</CdtDbtInd><Sts>BOOK</Sts><BookgDt><Dt>2018-09-24</Dt></BookgDt><BkTxCd><Prtry><Cd>SIP UKBA CR 40269</Cd></Prtry></BkTxCd><TxDtls><Refs><EndToEndId>NOREF</EndToEndId><TxId>100000000389275597</TxId></Refs><RltdPties><Dbtr><Nm>C McLean</Nm></Dbtr><DbtrAcct><Id><PrtryAcct><Id>77492609836960</Id></PrtryAcct></Id></DbtrAcct><Cdtr><Nm>DURRELL MCLEAN</Nm></Cdtr><CdtrAcct><Id><PrtryAcct><Id>23008200397085</Id></PrtryAcct></Id></CdtrAcct><Prtry><Tp>COLLEGE MONEY</Tp><Pty/></Prtry></RltdPties><RmtInf><Strd><AddtlRmtInf>NO REF</AddtlRmtInf></Strd><Strd><AddtlRmtInf>C McLean//COLLEGE MONEY</AddtlRmtInf></Strd></RmtInf><RltdDts><TxDtTm>2018-09-22T13:16:51</TxDtTm></RltdDts><AddtlTxInf>1000000003892755971020180922826774926</AddtlTxInf></TxDtls><AddtlNtryInf>COMPLETE//0000//003//CREDIT</AddtlNtryInf></Ntry><Ntry><Amt Ccy="GBP">416.00</Amt><CdtDbtInd>CRDT</CdtDbtInd><Sts>BOOK</Sts><BookgDt><Dt>2018-09-24</Dt></BookgDt><BkTxCd><Prtry><Cd>SIP UKBA CR 40269</Cd></Prtry></BkTxCd><TxDtls><Refs><EndToEndId>NOREF</EndToEndId><TxId>RP4659985096470600</TxId></Refs><RltdPties><Dbtr><Nm>NKURUNZIZA J</Nm></Dbtr><DbtrAcct><Id><PrtryAcct><Id>20118853313514</Id></PrtryAcct></Id></DbtrAcct><Cdtr><Nm>FLIGHT SCANNERS</Nm></Cdtr><CdtrAcct><Id><PrtryAcct><Id>23008200457563</Id></PrtryAcct></Id></CdtrAcct><Prtry><Tp>JEAN MARIE</Tp><Pty/></Prtry></RltdPties><RmtInf><Strd><AddtlRmtInf>NO REF</AddtlRmtInf></Strd><Strd><AddtlRmtInf>NKURUNZIZA J//JEAN MARIE</AddtlRmtInf></Strd></RmtInf><RltdDts><TxDtTm>2018-09-22T13:23:06</TxDtTm></RltdDts><AddtlTxInf>RP46599850964706001020180922826200026</AddtlTxInf></TxDtls><AddtlNtryInf>COMPLETE//0000//003//CREDIT</AddtlNtryInf></Ntry><Ntry><Amt Ccy="GBP">20.00</Amt><CdtDbtInd>CRDT</CdtDbtInd><Sts>BOOK</Sts><BookgDt><Dt>2018-09-24</Dt></BookgDt><BkTxCd><Prtry><Cd>SIP UKBA CR 40269</Cd></Prtry></BkTxCd><TxDtls><Refs><EndToEndId>NOREF</EndToEndId><TxId>300000000394583036</TxId></Refs><RltdPties><Dbtr><Nm>B McFerren</Nm></Dbtr><DbtrAcct><Id><PrtryAcct><Id>80483601043274</Id></PrtryAcct></Id></DbtrAcct><Cdtr><Nm>PORTONIANTEK LTD</Nm></Cdtr><CdtrAcct><Id><PrtryAcct><Id>23008200043840</Id></PrtryAcct></Id></CdtrAcct><Prtry><Tp>TOOLS</Tp><Pty/></Prtry></RltdPties><RmtInf><Strd><AddtlRmtInf>NO REF</AddtlRmtInf></Strd><Strd><AddtlRmtInf>B McFerren//TOOLS</AddtlRmtInf></Strd></RmtInf><RltdDts><TxDtTm>2018-09-22T13:24:52</TxDtTm></RltdDts><AddtlTxInf>3000000003945830361020180922826804836</AddtlTxInf></TxDtls><AddtlNtryInf>COMPLETE//0000//003//CREDIT</AddtlNtryInf></Ntry><Ntry><Amt Ccy="GBP">9.70</Amt><CdtDbtInd>CRDT</CdtDbtInd><Sts>BOOK</Sts><BookgDt><Dt>2018-09-24</Dt></BookgDt><BkTxCd><Prtry><Cd>SIP UKBA CR 40269</Cd></Prtry></BkTxCd><TxDtls><Refs><EndToEndId>NOREF</EndToEndId><TxId>600000000390651439</TxId></Refs><RltdPties><Dbtr><Nm>C Bray</Nm></Dbtr><DbtrAcct><Id><PrtryAcct><Id>77121231115060</Id></PrtryAcct></Id></DbtrAcct><Cdtr><Nm>SEXY</Nm></Cdtr><CdtrAcct><Id><PrtryAcct><Id>23008200195387</Id></PrtryAcct></Id></CdtrAcct><Prtry><Tp>LOVE YOU</Tp><Pty/></Prtry></RltdPties><RmtInf><Strd><AddtlRmtInf>NO REF</AddtlRmtInf></Strd><Strd><AddtlRmtInf>C Bray//LOVE YOU</AddtlRmtInf></Strd></RmtInf><RltdDts><TxDtTm>2018-09-22T13:26:41</TxDtTm></RltdDts><AddtlTxInf>6000000003906514391020180922826771212</AddtlTxInf></TxDtls><AddtlNtryInf>COMPLETE//0000//003//CREDIT</AddtlNtryInf></Ntry></Ntfctn></BkToCstmrDbtCdtNtfctnV01></Document>