<?xml version="1.0" encoding="UTF-8"?><Document xmlns:xsi="http://www.w3.org/2001/XMLSchema-instance" xmlns="urn:iso:std:iso:20022:tech:xsd:camt.054.001.01"><BkToCstmrDbtCdtNtfctnV01><GrpHdr><MsgId>80309K//12331</MsgId><CreDtTm>2018-09-02T19:30:00</CreDtTm></GrpHdr><Ntfctn><Id>80309K//12331//1</Id><CreDtTm>2018-09-02T19:30:00</CreDtTm><Acct><Id><PrtryAcct><Id>20594233939774</Id></PrtryAcct></Id><Ccy>GBP</Ccy></Acct><TxsSummry><TtlNtries><NbOfNtries>9</NbOfNtries><Sum>2759.75</Sum></TtlNtries><TtlCdtNtries><NbOfNtries>7</NbOfNtries><Sum>689.75</Sum></TtlCdtNtries><TtlDbtNtries><NbOfNtries>2</NbOfNtries><Sum>2070.00</Sum></TtlDbtNtries></TxsSummry><Ntry><Amt Ccy="GBP">10.00</Amt><CdtDbtInd>CRDT</CdtDbtInd><Sts>BOOK</Sts><BookgDt><Dt>2018-09-03</Dt></BookgDt><BkTxCd><Prtry><Cd>SIP UKBA CR 40269</Cd></Prtry></BkTxCd><TxDtls><Refs><EndToEndId>NOREF</EndToEndId><TxId>400000000389713954</TxId></Refs><RltdPties><Dbtr><Nm>A Large</Nm></Dbtr><DbtrAcct><Id><PrtryAcct><Id>11066400174326</Id></PrtryAcct></Id></DbtrAcct><Cdtr><Nm>ANNE-MARIE LARGE</Nm></Cdtr><CdtrAcct><Id><PrtryAcct><Id>23008200427226</Id></PrtryAcct></Id></CdtrAcct><Prtry><Tp>ARRO</Tp><Pty/></Prtry></RltdPties><RmtInf><Strd><AddtlRmtInf>NO REF</AddtlRmtInf></Strd><Strd><AddtlRmtInf>A Large//ARRO</AddtlRmtInf></Strd></RmtInf><RltdDts><TxDtTm>2018-09-02T19:03:54</TxDtTm></RltdDts><AddtlTxInf>4000000003897139541020180902826110664</AddtlTxInf></TxDtls><AddtlNtryInf>COMPLETE//0000//003//CREDIT</AddtlNtryInf></Ntry><Ntry><Amt Ccy="GBP">400.00</Amt><CdtDbtInd>CRDT</CdtDbtInd><Sts>BOOK</Sts><BookgDt><Dt>2018-09-03</Dt></BookgDt><BkTxCd><Prtry><Cd>SIP UKBA CR 40269</Cd></Prtry></BkTxCd><TxDtls><Refs><EndToEndId>NOREF</EndToEndId><TxId>RP4679960414777400</TxId></Refs><RltdPties><Dbtr><Nm>BAGWELL GC+NF</Nm></Dbtr><DbtrAcct><Id><PrtryAcct><Id>20304790103586</Id></PrtryAcct></Id></DbtrAcct><Cdtr><Nm>J BELL</Nm></Cdtr><CdtrAcct><Id><PrtryAcct><Id>23008200205169</Id></PrtryAcct></Id></CdtrAcct><Prtry><Tp>N BAGWELL</Tp><Pty/></Prtry></RltdPties><RmtInf><Strd><AddtlRmtInf>NO REF</AddtlRmtInf></Strd><Strd><AddtlRmtInf>BAGWELL GC+NF//N BAGWELL</AddtlRmtInf></Strd></RmtInf><RltdDts><TxDtTm>2018-09-02T19:09:11</TxDtTm></RltdDts><AddtlTxInf>RP46799604147774001020180902826200026</AddtlTxInf></TxDtls><AddtlNtryInf>COMPLETE//0000//003//CREDIT</AddtlNtryInf></Ntry><Ntry><Amt Ccy="GBP">40.00</Amt><CdtDbtInd>CRDT</CdtDbtInd><Sts>BOOK</Sts><BookgDt><Dt>2018-09-03</Dt></BookgDt><BkTxCd><Prtry><Cd>SIP UKBA CR 40269</Cd></Prtry></BkTxCd><TxDtls><Refs><EndToEndId>NOREF</EndToEndId><TxId>180902191025537015</TxId></Refs><RltdPties><Dbtr><Nm>Jennifer Walmsley</Nm></Dbtr><DbtrAcct><Id><PrtryAcct><Id>77202459894468</Id></PrtryAcct></Id></DbtrAcct><Cdtr><Nm>kris arro</Nm></Cdtr><CdtrAcct><Id><PrtryAcct><Id>23008200414931</Id></PrtryAcct></Id></CdtrAcct></RltdPties><RmtInf><Strd><AddtlRmtInf>NO REF</AddtlRmtInf></Strd><Strd><AddtlRmtInf>Jennifer Walmsley//</AddtlRmtInf></Strd></RmtInf><RltdDts><TxDtTm>2018-09-02T19:10:22</TxDtTm></RltdDts><AddtlTxInf>1809021910255370151020180902826772024</AddtlTxInf></TxDtls><AddtlNtryInf>COMPLETE//0000//003//CREDIT</AddtlNtryInf></Ntry><Ntry><Amt Ccy="GBP">5.00</Amt><CdtDbtInd>CRDT</CdtDbtInd><Sts>BOOK</Sts><BookgDt><Dt>2018-09-03</Dt></BookgDt><BkTxCd><Prtry><Cd>SIP UKBA CR 40269</Cd></Prtry></BkTxCd><TxDtls><Refs><EndToEndId>NOREF</EndToEndId><TxId>200000000383249248</TxId></Refs><RltdPties><Dbtr><Nm>S Glew</Nm></Dbtr><DbtrAcct><Id><PrtryAcct><Id>11079800215623</Id></PrtryAcct></Id></DbtrAcct><Cdtr><Nm>MR S GLEW</Nm></Cdtr><CdtrAcct><Id><PrtryAcct><Id>23008200401146</Id></PrtryAcct></Id></CdtrAcct><Prtry><Tp>PAY NEW ACCOUNT</Tp><Pty/></Prtry></RltdPties><RmtInf><Strd><AddtlRmtInf>NO REF</AddtlRmtInf></Strd><Strd><AddtlRmtInf>S Glew//PAY NEW ACCOUNT</AddtlRmtInf></Strd></RmtInf><RltdDts><TxDtTm>2018-09-02T19:10:24</TxDtTm></RltdDts><AddtlTxInf>2000000003832492481020180902826110798</AddtlTxInf></TxDtls><AddtlNtryInf>COMPLETE//0000//003//CREDIT</AddtlNtryInf></Ntry><Ntry><Amt Ccy="GBP">1.00</Amt><CdtDbtInd>CRDT</CdtDbtInd><Sts>BOOK</Sts><BookgDt><Dt>2018-09-03</Dt></BookgDt><BkTxCd><Prtry><Cd>SIP UKBA CR 40269</Cd></Prtry></BkTxCd><TxDtls><Refs><EndToEndId>NOREF</EndToEndId><TxId>945292733191209001</TxId><Prtry><Tp>STO REF</Tp><Ref>0000</Ref></Prtry></Refs><RltdPties><Dbtr><Nm>CUMMINGS  S</Nm></Dbtr><DbtrAcct><Id><PrtryAcct><Id>40090054650778</Id></PrtryAcct></Id></DbtrAcct><Cdtr><Nm>Scott Cummings</Nm></Cdtr><CdtrAcct><Id><PrtryAcct><Id>23008200135962</Id></PrtryAcct></Id></CdtrAcct><Prtry><Tp>Gift</Tp><Pty/></Prtry></RltdPties><RmtInf><Strd><AddtlRmtInf>NO REF</AddtlRmtInf></Strd><Strd><AddtlRmtInf>CUMMINGS  S//Gift</AddtlRmtInf></Strd></RmtInf><RltdDts><TxDtTm>2018-09-02T19:13:37</TxDtTm></RltdDts><AddtlTxInf>9452927331912090011020180902826400900</AddtlTxInf></TxDtls><AddtlNtryInf>COMPLETE//0000//003//CREDIT</AddtlNtryInf></Ntry><Ntry><Amt Ccy="GBP">1500.00</Amt><CdtDbtInd>DBIT</CdtDbtInd><Sts>BOOK</Sts><BookgDt><Dt>2018-09-03</Dt></BookgDt><BkTxCd><Prtry><Cd>AUT UKBA DR 30278</Cd></Prtry></BkTxCd><TxDtls><Refs><TxId>000000000334997300</TxId></Refs><RltdPties><DbtrAcct><Id><PrtryAcct><Id>20594233939774</Id></PrtryAcct></Id></DbtrAcct></RltdPties><RmtInf><Strd><AddtlRmtInf>NO REF</AddtlRmtInf></Strd><Strd><AddtlRmtInf>20180902A44639//7S      F1U2QFJ694</AddtlRmtInf></Strd></RmtInf><RltdDts><TxDtTm>2018-09-02T19:16:40</TxDtTm></RltdDts><AddtlTxInf>0000000003349973000020180902826205942</AddtlTxInf></TxDtls><AddtlNtryInf>AUTHSENT//0000//003//DEBIT</AddtlNtryInf></Ntry><Ntry><Amt Ccy="GBP">570.00</Amt><CdtDbtInd>DBIT</CdtDbtInd><Sts>BOOK</Sts><BookgDt><Dt>2018-09-03</Dt></BookgDt><BkTxCd><Prtry><Cd>AUT UKBA DR 30278</Cd></Prtry></BkTxCd><TxDtls><Refs><TxId>000000000334997500</TxId></Refs><RltdPties><DbtrAcct><Id><PrtryAcct><Id>20594233939774</Id></PrtryAcct></Id></DbtrAcct></RltdPties><RmtInf><Strd><AddtlRmtInf>NO REF</AddtlRmtInf></Strd><Strd><AddtlRmtInf>20180902A44639//7S      F1TPLT5692</AddtlRmtInf></Strd></RmtInf><RltdDts><TxDtTm>2018-09-02T19:16:50</TxDtTm></RltdDts><AddtlTxInf>0000000003349975000020180902826205942</AddtlTxInf></TxDtls><AddtlNtryInf>AUTHSENT//0000//003//DEBIT</AddtlNtryInf></Ntry><Ntry><Amt Ccy="GBP">50.00</Amt><CdtDbtInd>CRDT</CdtDbtInd><Sts>BOOK</Sts><BookgDt><Dt>2018-09-03</Dt></BookgDt><BkTxCd><Prtry><Cd>DCA UKBA CR 40269</Cd></Prtry></BkTxCd><TxDtls><Refs><EndToEndId>NOREF</EndToEndId><TxId>000000013447187401</TxId><Prtry><Tp>STO REF</Tp><Ref>6607</Ref></Prtry></Refs><RltdPties><Dbtr><Nm>M WATEGHA</Nm></Dbtr><DbtrAcct><Id><PrtryAcct><Id>20035373152596</Id></PrtryAcct></Id></DbtrAcct><Cdtr><Nm>ATTIA WATEGHA</Nm></Cdtr><CdtrAcct><Id><PrtryAcct><Id>23008200313567</Id></PrtryAcct></Id></CdtrAcct><Prtry><Tp>FROM MBEIKEI ARMEL</Tp><Pty/></Prtry></RltdPties><RmtInf><Strd><AddtlRmtInf>NO REF</AddtlRmtInf></Strd><Strd><AddtlRmtInf>M WATEGHA//FROM MBEIKEI ARMEL</AddtlRmtInf></Strd></RmtInf><RltdDts><TxDtTm>2018-09-02T19:22:36</TxDtTm></RltdDts><AddtlTxInf>0000000134471874015020180902826200353</AddtlTxInf></TxDtls><AddtlNtryInf>COMPLETE//0000//003//CREDIT</AddtlNtryInf></Ntry><Ntry><Amt Ccy="GBP">183.75</Amt><CdtDbtInd>CRDT</CdtDbtInd><Sts>BOOK</Sts><BookgDt><Dt>2018-09-03</Dt></BookgDt><BkTxCd><Prtry><Cd>SIP UKBA CR 40269</Cd></Prtry></BkTxCd><TxDtls><Refs><EndToEndId>00156251632BBDMDMN</EndToEndId><TxId>00156251632BBDMDMN</TxId></Refs><RltdPties><Dbtr><Nm>HARTSHILL DAIRIES</Nm></Dbtr><DbtrAcct><Id><PrtryAcct><Id>09012847742085</Id></PrtryAcct></Id></DbtrAcct><Cdtr><Nm>HARRY CELIK</Nm></Cdtr><CdtrAcct><Id><PrtryAcct><Id>23008200039585</Id></PrtryAcct></Id></CdtrAcct><Prtry><Tp>Hartshill Dairies</Tp><Pty/></Prtry></RltdPties><RmtInf><Strd><AddtlRmtInf>NO REF</AddtlRmtInf></Strd><Strd><AddtlRmtInf>HARTSHILL DAIRIES//Hartshill Dairies</AddtlRmtInf></Strd></RmtInf><RltdDts><TxDtTm>2018-09-02T19:29:40</TxDtTm></RltdDts><AddtlTxInf>00156251632BBDMDMN1020180902826090128</AddtlTxInf></TxDtls><AddtlNtryInf>COMPLETE//0000//003//CREDIT</AddtlNtryInf></Ntry></Ntfctn></BkToCstmrDbtCdtNtfctnV01></Document>