<?xml version="1.0" encoding="UTF-8"?><Document xmlns:xsi="http://www.w3.org/2001/XMLSchema-instance" xmlns="urn:iso:std:iso:20022:tech:xsd:camt.054.001.01"><BkToCstmrDbtCdtNtfctnV01><GrpHdr><MsgId>80309K//13343</MsgId><CreDtTm>2018-09-26T07:00:00</CreDtTm></GrpHdr><Ntfctn><Id>80309K//13343//1</Id><CreDtTm>2018-09-26T07:00:00</CreDtTm><Acct><Id><PrtryAcct><Id>20594233939774</Id></PrtryAcct></Id><Ccy>GBP</Ccy></Acct><TxsSummry><TtlNtries><NbOfNtries>2</NbOfNtries><Sum>97.00</Sum></TtlNtries><TtlCdtNtries><NbOfNtries>2</NbOfNtries><Sum>97.00</Sum></TtlCdtNtries><TtlDbtNtries><NbOfNtries>0</NbOfNtries><Sum>0.00</Sum></TtlDbtNtries></TxsSummry><Ntry><Amt Ccy="GBP">40.00</Amt><CdtDbtInd>CRDT</CdtDbtInd><Sts>BOOK</Sts><BookgDt><Dt>2018-09-26</Dt></BookgDt><BkTxCd><Prtry><Cd>SIP UKBA CR 40269</Cd></Prtry></BkTxCd><TxDtls><Refs><EndToEndId>TESTING</EndToEndId><TxId>34064303355140000N</TxId><Prtry><Tp>STO REF</Tp><Ref>0000</Ref></Prtry></Refs><RltdPties><Dbtr><Nm>SANTOS RAVARA SM</Nm></Dbtr><DbtrAcct><Id><PrtryAcct><Id>60154974592858</Id></PrtryAcct></Id></DbtrAcct><Cdtr><Nm>MR EMMANUEL OJOMO</Nm></Cdtr><CdtrAcct><Id><PrtryAcct><Id>23008200433402</Id></PrtryAcct></Id></CdtrAcct><Prtry><Tp>TESTING</Tp><Pty/></Prtry></RltdPties><RmtInf><Strd><AddtlRmtInf>SANTOS RAVARA SM  TESTING           VIA MOBILE - LVP</AddtlRmtInf></Strd><Strd><AddtlRmtInf>SANTOS RAVARA SM//TESTING</AddtlRmtInf></Strd></RmtInf><RltdDts><TxDtTm>2018-09-26T06:43:03</TxDtTm></RltdDts><AddtlTxInf>34064303355140000N1020180926826601549</AddtlTxInf></TxDtls><AddtlNtryInf>COMPLETE//0000//003//CREDIT</AddtlNtryInf></Ntry><Ntry><Amt Ccy="GBP">57.00</Amt><CdtDbtInd>CRDT</CdtDbtInd><Sts>BOOK</Sts><BookgDt><Dt>2018-09-26</Dt></BookgDt><BkTxCd><Prtry><Cd>SIP UKBA CR 40269</Cd></Prtry></BkTxCd><TxDtls><Refs><EndToEndId>CLOTHES</EndToEndId><TxId>64064537452050000N</TxId><Prtry><Tp>STO REF</Tp><Ref>0000</Ref></Prtry></Refs><RltdPties><Dbtr><Nm>OBADA V</Nm></Dbtr><DbtrAcct><Id><PrtryAcct><Id>60233481656580</Id></PrtryAcct></Id></DbtrAcct><Cdtr><Nm>CLASSIC CLOTHING</Nm></Cdtr><CdtrAcct><Id><PrtryAcct><Id>23008200042452</Id></PrtryAcct></Id></CdtrAcct><Prtry><Tp>CLOTHES</Tp><Pty/></Prtry></RltdPties><RmtInf><Strd><AddtlRmtInf>OBADA V           CLOTHES           VIA MOBILE - LVP</AddtlRmtInf></Strd><Strd><AddtlRmtInf>OBADA V//CLOTHES</AddtlRmtInf></Strd></RmtInf><RltdDts><TxDtTm>2018-09-26T06:45:37</TxDtTm></RltdDts><AddtlTxInf>64064537452050000N1020180926826602334</AddtlTxInf></TxDtls><AddtlNtryInf>COMPLETE//0000//003//CREDIT</AddtlNtryInf></Ntry></Ntfctn></BkToCstmrDbtCdtNtfctnV01></Document>