<?xml version="1.0" encoding="UTF-8"?><Document xmlns:xsi="http://www.w3.org/2001/XMLSchema-instance" xmlns="urn:iso:std:iso:20022:tech:xsd:camt.054.001.01"><BkToCstmrDbtCdtNtfctnV01><GrpHdr><MsgId>80309K//12892</MsgId><CreDtTm>2018-09-15T17:30:00</CreDtTm></GrpHdr><Ntfctn><Id>80309K//12892//1</Id><CreDtTm>2018-09-15T17:30:00</CreDtTm><Acct><Id><PrtryAcct><Id>20594233939774</Id></PrtryAcct></Id><Ccy>GBP</Ccy></Acct><TxsSummry><TtlNtries><NbOfNtries>8</NbOfNtries><Sum>771.01</Sum></TtlNtries><TtlCdtNtries><NbOfNtries>8</NbOfNtries><Sum>771.01</Sum></TtlCdtNtries><TtlDbtNtries><NbOfNtries>0</NbOfNtries><Sum>0.00</Sum></TtlDbtNtries></TxsSummry><Ntry><Amt Ccy="GBP">10.00</Amt><CdtDbtInd>CRDT</CdtDbtInd><Sts>BOOK</Sts><BookgDt><Dt>2018-09-17</Dt></BookgDt><BkTxCd><Prtry><Cd>SIP UKBA CR 40269</Cd></Prtry></BkTxCd><TxDtls><Refs><EndToEndId>NOREF</EndToEndId><TxId>400000000393828102</TxId></Refs><RltdPties><Dbtr><Nm>P Moretti</Nm></Dbtr><DbtrAcct><Id><PrtryAcct><Id>30995524092368</Id></PrtryAcct></Id></DbtrAcct><Cdtr><Nm>PAULA FIDALGO</Nm></Cdtr><CdtrAcct><Id><PrtryAcct><Id>23008200215727</Id></PrtryAcct></Id></CdtrAcct><Prtry><Tp>M</Tp><Pty/></Prtry></RltdPties><RmtInf><Strd><AddtlRmtInf>NO REF</AddtlRmtInf></Strd><Strd><AddtlRmtInf>P Moretti//M</AddtlRmtInf></Strd></RmtInf><RltdDts><TxDtTm>2018-09-15T17:07:16</TxDtTm></RltdDts><AddtlTxInf>4000000003938281021020180915826309955</AddtlTxInf></TxDtls><AddtlNtryInf>COMPLETE//0000//003//CREDIT</AddtlNtryInf></Ntry><Ntry><Amt Ccy="GBP">500.00</Amt><CdtDbtInd>CRDT</CdtDbtInd><Sts>BOOK</Sts><BookgDt><Dt>2018-09-17</Dt></BookgDt><BkTxCd><Prtry><Cd>SIP UKBA CR 40269</Cd></Prtry></BkTxCd><TxDtls><Refs><EndToEndId>NOREF</EndToEndId><TxId>400000000393828126</TxId></Refs><RltdPties><Dbtr><Nm>D Sutton</Nm></Dbtr><DbtrAcct><Id><PrtryAcct><Id>11600700013279</Id></PrtryAcct></Id></DbtrAcct><Cdtr><Nm>DANIEL SUTTON</Nm></Cdtr><CdtrAcct><Id><PrtryAcct><Id>23008200293386</Id></PrtryAcct></Id></CdtrAcct><Prtry><Tp>BUSINESS SERVICES</Tp><Pty/></Prtry></RltdPties><RmtInf><Strd><AddtlRmtInf>NO REF</AddtlRmtInf></Strd><Strd><AddtlRmtInf>D Sutton//BUSINESS SERVICES</AddtlRmtInf></Strd></RmtInf><RltdDts><TxDtTm>2018-09-15T17:07:25</TxDtTm></RltdDts><AddtlTxInf>4000000003938281261020180915826116007</AddtlTxInf></TxDtls><AddtlNtryInf>COMPLETE//0000//003//CREDIT</AddtlNtryInf></Ntry><Ntry><Amt Ccy="GBP">0.01</Amt><CdtDbtInd>CRDT</CdtDbtInd><Sts>BOOK</Sts><BookgDt><Dt>2018-09-17</Dt></BookgDt><BkTxCd><Prtry><Cd>SIP UKBA CR 40269</Cd></Prtry></BkTxCd><TxDtls><Refs><EndToEndId>PPRD00000000ANKGGO</EndToEndId><TxId>PPRD00000000ANKGGO</TxId></Refs><RltdPties><Dbtr><Nm>PAYPAL CODE 5346</Nm><PstlAdr><AdrLine>2211 N 1st Street San Jose CA 95131</AdrLine><Ctry/></PstlAdr></Dbtr><DbtrAcct><Id><PrtryAcct><Id>23526285010101</Id></PrtryAcct></Id></DbtrAcct><Cdtr><Nm>James De Battisti</Nm><PstlAdr><AdrLine>72 Marescroft Road</AdrLine><Ctry/></PstlAdr></Cdtr><CdtrAcct><Id><PrtryAcct><Id>23008200447942</Id></PrtryAcct></Id></CdtrAcct><Prtry><Tp>PAYPAL CODE 5346</Tp><Pty/></Prtry></RltdPties><RmtInf><Strd><RfrdDocInf><RfrdDocTp><Prtry>002</Prtry></RfrdDocTp></RfrdDocInf><AddtlRmtInf>NO REF</AddtlRmtInf></Strd><Strd><AddtlRmtInf>PAYPAL CODE 5346//PAYPAL CODE 5346</AddtlRmtInf></Strd></RmtInf><RltdDts><TxDtTm>2018-09-15T17:12:39</TxDtTm></RltdDts><AddtlTxInf>PPRD00000000ANKGGO1020180915826235262</AddtlTxInf></TxDtls><AddtlNtryInf>COMPLETE//0000//003//CREDIT</AddtlNtryInf></Ntry><Ntry><Amt Ccy="GBP">19.50</Amt><CdtDbtInd>CRDT</CdtDbtInd><Sts>BOOK</Sts><BookgDt><Dt>2018-09-17</Dt></BookgDt><BkTxCd><Prtry><Cd>SIP UKBA CR 40269</Cd></Prtry></BkTxCd><TxDtls><Refs><EndToEndId>NOREF</EndToEndId><TxId>100000000387374700</TxId></Refs><RltdPties><Dbtr><Nm>G Forgacs</Nm></Dbtr><DbtrAcct><Id><PrtryAcct><Id>11643518832662</Id></PrtryAcct></Id></DbtrAcct><Cdtr><Nm>ALEX</Nm></Cdtr><CdtrAcct><Id><PrtryAcct><Id>23008200223742</Id></PrtryAcct></Id></CdtrAcct><Prtry><Tp>FOOD SHARE</Tp><Pty/></Prtry></RltdPties><RmtInf><Strd><AddtlRmtInf>NO REF</AddtlRmtInf></Strd><Strd><AddtlRmtInf>G Forgacs//FOOD SHARE</AddtlRmtInf></Strd></RmtInf><RltdDts><TxDtTm>2018-09-15T17:17:52</TxDtTm></RltdDts><AddtlTxInf>1000000003873747001020180915826116435</AddtlTxInf></TxDtls><AddtlNtryInf>COMPLETE//0000//003//CREDIT</AddtlNtryInf></Ntry><Ntry><Amt Ccy="GBP">99.00</Amt><CdtDbtInd>CRDT</CdtDbtInd><Sts>BOOK</Sts><BookgDt><Dt>2018-09-17</Dt></BookgDt><BkTxCd><Prtry><Cd>SIP UKBA CR 40269</Cd></Prtry></BkTxCd><TxDtls><Refs><EndToEndId>RICHARD BRERETON</EndToEndId><TxId>34171900611729000N</TxId><Prtry><Tp>STO REF</Tp><Ref>0000</Ref></Prtry></Refs><RltdPties><Dbtr><Nm>BRERETON RP</Nm></Dbtr><DbtrAcct><Id><PrtryAcct><Id>60500642233062</Id></PrtryAcct></Id></DbtrAcct><Cdtr><Nm>AMBLESIDE RACING</Nm></Cdtr><CdtrAcct><Id><PrtryAcct><Id>23008200224434</Id></PrtryAcct></Id></CdtrAcct><Prtry><Tp>RICHARD BRERETON</Tp><Pty/></Prtry></RltdPties><RmtInf><Strd><AddtlRmtInf>BRERETON RP       RICHARD BRERETON  VIA MOBILE - LVP</AddtlRmtInf></Strd><Strd><AddtlRmtInf>BRERETON RP//RICHARD BRERETON</AddtlRmtInf></Strd></RmtInf><RltdDts><TxDtTm>2018-09-15T17:19:00</TxDtTm></RltdDts><AddtlTxInf>34171900611729000N1020180915826605006</AddtlTxInf></TxDtls><AddtlNtryInf>COMPLETE//0000//003//CREDIT</AddtlNtryInf></Ntry><Ntry><Amt Ccy="GBP">100.00</Amt><CdtDbtInd>CRDT</CdtDbtInd><Sts>BOOK</Sts><BookgDt><Dt>2018-09-17</Dt></BookgDt><BkTxCd><Prtry><Cd>SIP UKBA CR 40269</Cd></Prtry></BkTxCd><TxDtls><Refs><EndToEndId>NOREF</EndToEndId><TxId>600000000388750053</TxId></Refs><RltdPties><Dbtr><Nm>J Condrache</Nm></Dbtr><DbtrAcct><Id><PrtryAcct><Id>80476112536567</Id></PrtryAcct></Id></DbtrAcct><Cdtr><Nm>MR TICU VIOREL</Nm></Cdtr><CdtrAcct><Id><PrtryAcct><Id>23008200434797</Id></PrtryAcct></Id></CdtrAcct><Prtry><Tp>TRANSFER</Tp><Pty/></Prtry></RltdPties><RmtInf><Strd><AddtlRmtInf>NO REF</AddtlRmtInf></Strd><Strd><AddtlRmtInf>J Condrache//TRANSFER</AddtlRmtInf></Strd></RmtInf><RltdDts><TxDtTm>2018-09-15T17:24:14</TxDtTm></RltdDts><AddtlTxInf>6000000003887500531020180915826804761</AddtlTxInf></TxDtls><AddtlNtryInf>COMPLETE//0000//003//CREDIT</AddtlNtryInf></Ntry><Ntry><Amt Ccy="GBP">12.50</Amt><CdtDbtInd>CRDT</CdtDbtInd><Sts>BOOK</Sts><BookgDt><Dt>2018-09-17</Dt></BookgDt><BkTxCd><Prtry><Cd>SIP UKBA CR 40269</Cd></Prtry></BkTxCd><TxDtls><Refs><EndToEndId>NOREF</EndToEndId><TxId>500000000389034283</TxId></Refs><RltdPties><Dbtr><Nm>G Forgacs</Nm></Dbtr><DbtrAcct><Id><PrtryAcct><Id>11643518832662</Id></PrtryAcct></Id></DbtrAcct><Cdtr><Nm>ROBY</Nm></Cdtr><CdtrAcct><Id><PrtryAcct><Id>23008200223361</Id></PrtryAcct></Id></CdtrAcct><Prtry><Tp>INTERNET BILL</Tp><Pty/></Prtry></RltdPties><RmtInf><Strd><AddtlRmtInf>NO REF</AddtlRmtInf></Strd><Strd><AddtlRmtInf>G Forgacs//INTERNET BILL</AddtlRmtInf></Strd></RmtInf><RltdDts><TxDtTm>2018-09-15T17:24:26</TxDtTm></RltdDts><AddtlTxInf>5000000003890342831020180915826116435</AddtlTxInf></TxDtls><AddtlNtryInf>COMPLETE//0000//003//CREDIT</AddtlNtryInf></Ntry><Ntry><Amt Ccy="GBP">30.00</Amt><CdtDbtInd>CRDT</CdtDbtInd><Sts>BOOK</Sts><BookgDt><Dt>2018-09-17</Dt></BookgDt><BkTxCd><Prtry><Cd>SIP UKBA CR 40269</Cd></Prtry></BkTxCd><TxDtls><Refs><EndToEndId>NOREF</EndToEndId><TxId>PFJGWQI72C8Z0LR7IO</TxId></Refs><RltdPties><Dbtr><Nm>Taiwo Ajibade</Nm><PstlAdr><AdrLine>16 Francis St, E15 1JG</AdrLine><Ctry/></PstlAdr></Dbtr><DbtrAcct><Id><PrtryAcct><Id>04000494495095</Id></PrtryAcct></Id></DbtrAcct><Cdtr><Nm>Anna Carluccio</Nm></Cdtr><CdtrAcct><Id><PrtryAcct><Id>23008200447963</Id></PrtryAcct></Id></CdtrAcct></RltdPties><RmtInf><Strd><AddtlRmtInf>NO REF</AddtlRmtInf></Strd><Strd><AddtlRmtInf>Taiwo Ajibade//</AddtlRmtInf></Strd></RmtInf><RltdDts><TxDtTm>2018-09-15T17:27:33</TxDtTm></RltdDts><AddtlTxInf>PFJGWQI72C8Z0LR7IO1020180915826040004</AddtlTxInf></TxDtls><AddtlNtryInf>COMPLETE//0000//003//CREDIT</AddtlNtryInf></Ntry></Ntfctn></BkToCstmrDbtCdtNtfctnV01></Document>