<?xml version="1.0" encoding="UTF-8"?><Document xmlns:xsi="http://www.w3.org/2001/XMLSchema-instance" xmlns="urn:iso:std:iso:20022:tech:xsd:camt.054.001.01"><BkToCstmrDbtCdtNtfctnV01><GrpHdr><MsgId>80309K//12547</MsgId><CreDtTm>2018-09-07T14:00:00</CreDtTm></GrpHdr><Ntfctn><Id>80309K//12547//1</Id><CreDtTm>2018-09-07T14:00:00</CreDtTm><Acct><Id><PrtryAcct><Id>20594233939774</Id></PrtryAcct></Id><Ccy>GBP</Ccy></Acct><TxsSummry><TtlNtries><NbOfNtries>10</NbOfNtries><Sum>5953.60</Sum></TtlNtries><TtlCdtNtries><NbOfNtries>10</NbOfNtries><Sum>5953.60</Sum></TtlCdtNtries><TtlDbtNtries><NbOfNtries>0</NbOfNtries><Sum>0.00</Sum></TtlDbtNtries></TxsSummry><Ntry><Amt Ccy="GBP">79.60</Amt><CdtDbtInd>CRDT</CdtDbtInd><Sts>BOOK</Sts><BookgDt><Dt>2018-09-07</Dt></BookgDt><BkTxCd><Prtry><Cd>SIP UKBA CR 40269</Cd></Prtry></BkTxCd><TxDtls><Refs><EndToEndId>NOREF</EndToEndId><TxId>224620642331709001</TxId><Prtry><Tp>STO REF</Tp><Ref>0000</Ref></Prtry></Refs><RltdPties><Dbtr><Nm>Rental Insights</Nm></Dbtr><DbtrAcct><Id><PrtryAcct><Id>40402211753835</Id></PrtryAcct></Id></DbtrAcct><Cdtr><Nm>WAYNE COYLE</Nm></Cdtr><CdtrAcct><Id><PrtryAcct><Id>23008200300391</Id></PrtryAcct></Id></CdtrAcct><Prtry><Tp>WAGES AND EXPENSES</Tp><Pty/></Prtry></RltdPties><RmtInf><Strd><AddtlRmtInf>NO REF</AddtlRmtInf></Strd><Strd><AddtlRmtInf>Rental Insights//WAGES AND EXPENSES</AddtlRmtInf></Strd></RmtInf><RltdDts><TxDtTm>2018-09-07T13:32:46</TxDtTm></RltdDts><AddtlTxInf>2246206423317090011020180907826404022</AddtlTxInf></TxDtls><AddtlNtryInf>COMPLETE//0000//002//CREDIT</AddtlNtryInf></Ntry><Ntry><Amt Ccy="GBP">3000.00</Amt><CdtDbtInd>CRDT</CdtDbtInd><Sts>BOOK</Sts><BookgDt><Dt>2018-09-07</Dt></BookgDt><BkTxCd><Prtry><Cd>SIP UKBA CR 40269</Cd></Prtry></BkTxCd><TxDtls><Refs><EndToEndId>NOREF</EndToEndId><TxId>43133538222319000N</TxId><Prtry><Tp>STO REF</Tp><Ref>0000</Ref></Prtry></Refs><RltdPties><Dbtr><Nm>13001829</Nm></Dbtr><DbtrAcct><Id><PrtryAcct><Id>60000139281612</Id></PrtryAcct></Id></DbtrAcct><Cdtr><Nm>SOLUTIONS FOR ALL</Nm></Cdtr><CdtrAcct><Id><PrtryAcct><Id>23008200040618</Id></PrtryAcct></Id></CdtrAcct><Prtry><Tp>SOLUTIONS FOR ALL</Tp><Pty/></Prtry></RltdPties><RmtInf><Strd><AddtlRmtInf>SOLUTIONS FOR ALL</AddtlRmtInf></Strd><Strd><AddtlRmtInf>13001829//SOLUTIONS FOR ALL</AddtlRmtInf></Strd></RmtInf><RltdDts><TxDtTm>2018-09-07T13:35:38</TxDtTm></RltdDts><AddtlTxInf>43133538222319000N1020180907826600001</AddtlTxInf></TxDtls><AddtlNtryInf>COMPLETE//0000//002//CREDIT</AddtlNtryInf></Ntry><Ntry><Amt Ccy="GBP">10.00</Amt><CdtDbtInd>CRDT</CdtDbtInd><Sts>BOOK</Sts><BookgDt><Dt>2018-09-07</Dt></BookgDt><BkTxCd><Prtry><Cd>SIP UKBA CR 40269</Cd></Prtry></BkTxCd><TxDtls><Refs><EndToEndId>NOREF</EndToEndId><TxId>054259930431709001</TxId><Prtry><Tp>STO REF</Tp><Ref>0000</Ref></Prtry></Refs><RltdPties><Dbtr><Nm>MATAFADI A</Nm></Dbtr><DbtrAcct><Id><PrtryAcct><Id>40100061785028</Id></PrtryAcct></Id></DbtrAcct><Cdtr><Nm>Matafadi Albert</Nm></Cdtr><CdtrAcct><Id><PrtryAcct><Id>23008200299523</Id></PrtryAcct></Id></CdtrAcct><Prtry><Tp>Mine</Tp><Pty/></Prtry></RltdPties><RmtInf><Strd><AddtlRmtInf>NO REF</AddtlRmtInf></Strd><Strd><AddtlRmtInf>MATAFADI A//Mine</AddtlRmtInf></Strd></RmtInf><RltdDts><TxDtTm>2018-09-07T13:40:40</TxDtTm></RltdDts><AddtlTxInf>0542599304317090011020180907826401000</AddtlTxInf></TxDtls><AddtlNtryInf>COMPLETE//0000//002//CREDIT</AddtlNtryInf></Ntry><Ntry><Amt Ccy="GBP">500.00</Amt><CdtDbtInd>CRDT</CdtDbtInd><Sts>BOOK</Sts><BookgDt><Dt>2018-09-07</Dt></BookgDt><BkTxCd><Prtry><Cd>SIP UKBA CR 40269</Cd></Prtry></BkTxCd><TxDtls><Refs><EndToEndId>NOREF</EndToEndId><TxId>300000000390525156</TxId></Refs><RltdPties><Dbtr><Nm>D Boyd</Nm></Dbtr><DbtrAcct><Id><PrtryAcct><Id>30930500047477</Id></PrtryAcct></Id></DbtrAcct><Cdtr><Nm>Dawn Brunton</Nm></Cdtr><CdtrAcct><Id><PrtryAcct><Id>23008200354257</Id></PrtryAcct></Id></CdtrAcct></RltdPties><RmtInf><Strd><AddtlRmtInf>NO REF</AddtlRmtInf></Strd><Strd><AddtlRmtInf>D Boyd//</AddtlRmtInf></Strd></RmtInf><RltdDts><TxDtTm>2018-09-07T13:40:44</TxDtTm></RltdDts><AddtlTxInf>3000000003905251561020180907826309305</AddtlTxInf></TxDtls><AddtlNtryInf>COMPLETE//0000//002//CREDIT</AddtlNtryInf></Ntry><Ntry><Amt Ccy="GBP">976.00</Amt><CdtDbtInd>CRDT</CdtDbtInd><Sts>BOOK</Sts><BookgDt><Dt>2018-09-07</Dt></BookgDt><BkTxCd><Prtry><Cd>SIP UKBA CR 40269</Cd></Prtry></BkTxCd><TxDtls><Refs><EndToEndId>NOREF</EndToEndId><TxId>12134635326886000R</TxId><Prtry><Tp>STO REF</Tp><Ref>0000</Ref></Prtry></Refs><RltdPties><Dbtr><Nm>DARREN JEFFREY CARTER</Nm><PstlAdr><AdrLine>1 ALDRIN WAY;</AdrLine><AdrLine>LEIGH-ON-SEA;</AdrLine><AdrLine>ESSEX UNIT     SS9 5UA</AdrLine><Ctry/></PstlAdr></Dbtr><DbtrAcct><Id><PrtryAcct><Id>16201514161114</Id></PrtryAcct></Id></DbtrAcct><Cdtr><Nm>OVRFLO CREATIVE</Nm></Cdtr><CdtrAcct><Id><PrtryAcct><Id>23008200221889</Id></PrtryAcct></Id></CdtrAcct><Prtry><Tp>OVRFLO CREATIVE</Tp><Pty/></Prtry></RltdPties><RmtInf><Strd><AddtlRmtInf>OVRFLO CREATIVE</AddtlRmtInf></Strd><Strd><AddtlRmtInf>DARREN JEFFREY CAR//OVRFLO CREATIVE</AddtlRmtInf></Strd></RmtInf><RltdDts><TxDtTm>2018-09-07T13:46:35</TxDtTm></RltdDts><AddtlTxInf>12134635326886000R1020180907826162015</AddtlTxInf></TxDtls><AddtlNtryInf>COMPLETE//0000//002//CREDIT</AddtlNtryInf></Ntry><Ntry><Amt Ccy="GBP">720.00</Amt><CdtDbtInd>CRDT</CdtDbtInd><Sts>BOOK</Sts><BookgDt><Dt>2018-09-07</Dt></BookgDt><BkTxCd><Prtry><Cd>SIP UKBA CR 40269</Cd></Prtry></BkTxCd><TxDtls><Refs><EndToEndId>29 31</EndToEndId><TxId>BX1809071879919600</TxId></Refs><RltdPties><Dbtr><Nm>INFRA SKILLS LTD</Nm></Dbtr><DbtrAcct><Id><PrtryAcct><Id>20084453864456</Id></PrtryAcct></Id></DbtrAcct><Cdtr><Nm>FREQUENCY CONSULTANCY</Nm></Cdtr><CdtrAcct><Id><PrtryAcct><Id>23008200032016</Id></PrtryAcct></Id></CdtrAcct><Prtry><Tp>29 31</Tp><Pty/></Prtry></RltdPties><RmtInf><Strd><RfrdDocInf><RfrdDocTp><Prtry>002</Prtry></RfrdDocTp></RfrdDocInf><AddtlRmtInf>NO REF</AddtlRmtInf></Strd><Strd><AddtlRmtInf>INFRA SKILLS LTD//29 31</AddtlRmtInf></Strd></RmtInf><RltdDts><TxDtTm>2018-09-07T13:47:16</TxDtTm></RltdDts><AddtlTxInf>BX18090718799196001020180907826200026</AddtlTxInf></TxDtls><AddtlNtryInf>COMPLETE//0000//002//CREDIT</AddtlNtryInf></Ntry><Ntry><Amt Ccy="GBP">30.00</Amt><CdtDbtInd>CRDT</CdtDbtInd><Sts>BOOK</Sts><BookgDt><Dt>2018-09-07</Dt></BookgDt><BkTxCd><Prtry><Cd>SIP UKBA CR 40269</Cd></Prtry></BkTxCd><TxDtls><Refs><EndToEndId>NOREF</EndToEndId><TxId>121042627431709001</TxId><Prtry><Tp>STO REF</Tp><Ref>0000</Ref></Prtry></Refs><RltdPties><Dbtr><Nm>CAMPBELL N</Nm></Dbtr><DbtrAcct><Id><PrtryAcct><Id>40471101802275</Id></PrtryAcct></Id></DbtrAcct><Cdtr><Nm>Ms C H Cunningham</Nm></Cdtr><CdtrAcct><Id><PrtryAcct><Id>23008200301083</Id></PrtryAcct></Id></CdtrAcct><Prtry><Tp>money</Tp><Pty/></Prtry></RltdPties><RmtInf><Strd><AddtlRmtInf>NO REF</AddtlRmtInf></Strd><Strd><AddtlRmtInf>CAMPBELL N//money</AddtlRmtInf></Strd></RmtInf><RltdDts><TxDtTm>2018-09-07T13:47:26</TxDtTm></RltdDts><AddtlTxInf>1210426274317090011020180907826404711</AddtlTxInf></TxDtls><AddtlNtryInf>COMPLETE//0000//002//CREDIT</AddtlNtryInf></Ntry><Ntry><Amt Ccy="GBP">50.00</Amt><CdtDbtInd>CRDT</CdtDbtInd><Sts>BOOK</Sts><BookgDt><Dt>2018-09-07</Dt></BookgDt><BkTxCd><Prtry><Cd>SIP UKBA CR 40269</Cd></Prtry></BkTxCd><TxDtls><Refs><EndToEndId>00151353632BBDNKXZ</EndToEndId><TxId>00151353632BBDNKXZ</TxId></Refs><RltdPties><Dbtr><Nm>GRAHAM BRISTON</Nm></Dbtr><DbtrAcct><Id><PrtryAcct><Id>09012838236474</Id></PrtryAcct></Id></DbtrAcct><Cdtr><Nm>R P ROUSE</Nm></Cdtr><CdtrAcct><Id><PrtryAcct><Id>23008200158413</Id></PrtryAcct></Id></CdtrAcct><Prtry><Tp>SANTANDER</Tp><Pty/></Prtry></RltdPties><RmtInf><Strd><AddtlRmtInf>NO REF</AddtlRmtInf></Strd><Strd><AddtlRmtInf>GRAHAM BRISTON//SANTANDER</AddtlRmtInf></Strd></RmtInf><RltdDts><TxDtTm>2018-09-07T13:48:16</TxDtTm></RltdDts><AddtlTxInf>00151353632BBDNKXZ1020180907826090128</AddtlTxInf></TxDtls><AddtlNtryInf>COMPLETE//0000//002//CREDIT</AddtlNtryInf></Ntry><Ntry><Amt Ccy="GBP">8.00</Amt><CdtDbtInd>CRDT</CdtDbtInd><Sts>BOOK</Sts><BookgDt><Dt>2018-09-07</Dt></BookgDt><BkTxCd><Prtry><Cd>SIP UKBA CR 40269</Cd></Prtry></BkTxCd><TxDtls><Refs><EndToEndId>00153425632BVXQHYY</EndToEndId><TxId>00153425632BVXQHYY</TxId></Refs><RltdPties><Dbtr><Nm>JOHN CROMPTON</Nm></Dbtr><DbtrAcct><Id><PrtryAcct><Id>09012893990988</Id></PrtryAcct></Id></DbtrAcct><Cdtr><Nm>ARRO</Nm></Cdtr><CdtrAcct><Id><PrtryAcct><Id>23008200234333</Id></PrtryAcct></Id></CdtrAcct><Prtry><Tp>ashton</Tp><Pty/></Prtry></RltdPties><RmtInf><Strd><AddtlRmtInf>NO REF</AddtlRmtInf></Strd><Strd><AddtlRmtInf>JOHN CROMPTON//ashton</AddtlRmtInf></Strd></RmtInf><RltdDts><TxDtTm>2018-09-07T13:50:37</TxDtTm></RltdDts><AddtlTxInf>00153425632BVXQHYY1020180907826090128</AddtlTxInf></TxDtls><AddtlNtryInf>COMPLETE//0000//002//CREDIT</AddtlNtryInf></Ntry><Ntry><Amt Ccy="GBP">580.00</Amt><CdtDbtInd>CRDT</CdtDbtInd><Sts>BOOK</Sts><BookgDt><Dt>2018-09-07</Dt></BookgDt><BkTxCd><Prtry><Cd>SIP UKBA CR 40269</Cd></Prtry></BkTxCd><TxDtls><Refs><EndToEndId>NOREF</EndToEndId><TxId>400000000391681791</TxId></Refs><RltdPties><Dbtr><Nm>JRM Painters &amp; Dec</Nm></Dbtr><DbtrAcct><Id><PrtryAcct><Id>30913503264923</Id></PrtryAcct></Id></DbtrAcct><Cdtr><Nm>W COUSINS</Nm></Cdtr><CdtrAcct><Id><PrtryAcct><Id>23008200375107</Id></PrtryAcct></Id></CdtrAcct><Prtry><Tp>JRM</Tp><Pty/></Prtry></RltdPties><RmtInf><Strd><AddtlRmtInf>NO REF</AddtlRmtInf></Strd><Strd><AddtlRmtInf>JRM Painters &amp; Dec//JRM</AddtlRmtInf></Strd></RmtInf><RltdDts><TxDtTm>2018-09-07T13:59:01</TxDtTm></RltdDts><AddtlTxInf>4000000003916817911020180907826309135</AddtlTxInf></TxDtls><AddtlNtryInf>COMPLETE//0000//002//CREDIT</AddtlNtryInf></Ntry></Ntfctn></BkToCstmrDbtCdtNtfctnV01></Document>