<?xml version="1.0" encoding="UTF-8"?><Document xmlns:xsi="http://www.w3.org/2001/XMLSchema-instance" xmlns="urn:iso:std:iso:20022:tech:xsd:camt.054.001.01"><BkToCstmrDbtCdtNtfctnV01><GrpHdr><MsgId>80309K//13458</MsgId><CreDtTm>2018-09-28T18:30:00</CreDtTm></GrpHdr><Ntfctn><Id>80309K//13458//1</Id><CreDtTm>2018-09-28T18:30:00</CreDtTm><Acct><Id><PrtryAcct><Id>20594233939774</Id></PrtryAcct></Id><Ccy>GBP</Ccy></Acct><TxsSummry><TtlNtries><NbOfNtries>10</NbOfNtries><Sum>959.25</Sum></TtlNtries><TtlCdtNtries><NbOfNtries>10</NbOfNtries><Sum>959.25</Sum></TtlCdtNtries><TtlDbtNtries><NbOfNtries>0</NbOfNtries><Sum>0.00</Sum></TtlDbtNtries></TxsSummry><Ntry><Amt Ccy="GBP">10.00</Amt><CdtDbtInd>CRDT</CdtDbtInd><Sts>BOOK</Sts><BookgDt><Dt>2018-09-28</Dt></BookgDt><BkTxCd><Prtry><Cd>SIP UKBA CR 40269</Cd></Prtry></BkTxCd><TxDtls><Refs><EndToEndId>NOREF</EndToEndId><TxId>RP4679962553211000</TxId></Refs><RltdPties><Dbtr><Nm>STUART MJ</Nm></Dbtr><DbtrAcct><Id><PrtryAcct><Id>20852623308251</Id></PrtryAcct></Id></DbtrAcct><Cdtr><Nm>MR KURTIS RAM</Nm></Cdtr><CdtrAcct><Id><PrtryAcct><Id>23008200085481</Id></PrtryAcct></Id></CdtrAcct><Prtry><Tp>KURTIS</Tp><Pty/></Prtry></RltdPties><RmtInf><Strd><AddtlRmtInf>NO REF</AddtlRmtInf></Strd><Strd><AddtlRmtInf>STUART MJ//KURTIS</AddtlRmtInf></Strd></RmtInf><RltdDts><TxDtTm>2018-09-28T18:05:19</TxDtTm></RltdDts><AddtlTxInf>RP46799625532110001020180928826200026</AddtlTxInf></TxDtls><AddtlNtryInf>COMPLETE//0000//003//CREDIT</AddtlNtryInf></Ntry><Ntry><Amt Ccy="GBP">40.00</Amt><CdtDbtInd>CRDT</CdtDbtInd><Sts>BOOK</Sts><BookgDt><Dt>2018-09-28</Dt></BookgDt><BkTxCd><Prtry><Cd>SIP UKBA CR 40269</Cd></Prtry></BkTxCd><TxDtls><Refs><EndToEndId>NOREF</EndToEndId><TxId>698910417081829001</TxId><Prtry><Tp>STO REF</Tp><Ref>0000</Ref></Prtry></Refs><RltdPties><Dbtr><Nm>SAMUELSON-LEE TL</Nm></Dbtr><DbtrAcct><Id><PrtryAcct><Id>40476092325764</Id></PrtryAcct></Id></DbtrAcct><Cdtr><Nm>D MORLEY</Nm></Cdtr><CdtrAcct><Id><PrtryAcct><Id>23008200338976</Id></PrtryAcct></Id></CdtrAcct><Prtry><Tp>NAN</Tp><Pty/></Prtry></RltdPties><RmtInf><Strd><AddtlRmtInf>NO REF</AddtlRmtInf></Strd><Strd><AddtlRmtInf>SAMUELSON-LEE TL//NAN</AddtlRmtInf></Strd></RmtInf><RltdDts><TxDtTm>2018-09-28T18:07:14</TxDtTm></RltdDts><AddtlTxInf>6989104170818290011020180928826404760</AddtlTxInf></TxDtls><AddtlNtryInf>COMPLETE//0000//003//CREDIT</AddtlNtryInf></Ntry><Ntry><Amt Ccy="GBP">500.00</Amt><CdtDbtInd>CRDT</CdtDbtInd><Sts>BOOK</Sts><BookgDt><Dt>2018-09-28</Dt></BookgDt><BkTxCd><Prtry><Cd>SIP UKBA CR 40269</Cd></Prtry></BkTxCd><TxDtls><Refs><EndToEndId>NOREF</EndToEndId><TxId>200000000391443893</TxId></Refs><RltdPties><Dbtr><Nm>A Gordon-Hines</Nm></Dbtr><DbtrAcct><Id><PrtryAcct><Id>11100200632785</Id></PrtryAcct></Id></DbtrAcct><Cdtr><Nm>M S SERVICES</Nm></Cdtr><CdtrAcct><Id><PrtryAcct><Id>23008200043242</Id></PrtryAcct></Id></CdtrAcct><Prtry><Tp>GORDON</Tp><Pty/></Prtry></RltdPties><RmtInf><Strd><AddtlRmtInf>NO REF</AddtlRmtInf></Strd><Strd><AddtlRmtInf>A Gordon-Hines//GORDON</AddtlRmtInf></Strd></RmtInf><RltdDts><TxDtTm>2018-09-28T18:10:42</TxDtTm></RltdDts><AddtlTxInf>2000000003914438931020180928826111002</AddtlTxInf></TxDtls><AddtlNtryInf>COMPLETE//0000//003//CREDIT</AddtlNtryInf></Ntry><Ntry><Amt Ccy="GBP">34.25</Amt><CdtDbtInd>CRDT</CdtDbtInd><Sts>BOOK</Sts><BookgDt><Dt>2018-09-28</Dt></BookgDt><BkTxCd><Prtry><Cd>SIP UKBA CR 40269</Cd></Prtry></BkTxCd><TxDtls><Refs><EndToEndId>NOREF</EndToEndId><TxId>658813633181829001</TxId><Prtry><Tp>STO REF</Tp><Ref>0000</Ref></Prtry></Refs><RltdPties><Dbtr><Nm>Carr N &amp; L</Nm></Dbtr><DbtrAcct><Id><PrtryAcct><Id>40302402510707</Id></PrtryAcct></Id></DbtrAcct><Cdtr><Nm>Moo To You</Nm></Cdtr><CdtrAcct><Id><PrtryAcct><Id>23008200039585</Id></PrtryAcct></Id></CdtrAcct><Prtry><Tp>15 Goulton Cres</Tp><Pty/></Prtry></RltdPties><RmtInf><Strd><AddtlRmtInf>NO REF</AddtlRmtInf></Strd><Strd><AddtlRmtInf>Carr N &amp; L//15 Goulton Cres</AddtlRmtInf></Strd></RmtInf><RltdDts><TxDtTm>2018-09-28T18:13:36</TxDtTm></RltdDts><AddtlTxInf>6588136331818290011020180928826403024</AddtlTxInf></TxDtls><AddtlNtryInf>COMPLETE//0000//003//CREDIT</AddtlNtryInf></Ntry><Ntry><Amt Ccy="GBP">100.00</Amt><CdtDbtInd>CRDT</CdtDbtInd><Sts>BOOK</Sts><BookgDt><Dt>2018-09-28</Dt></BookgDt><BkTxCd><Prtry><Cd>SIP UKBA CR 40269</Cd></Prtry></BkTxCd><TxDtls><Refs><EndToEndId>00156388632BBCHSSV</EndToEndId><TxId>00156388632BBCHSSV</TxId></Refs><RltdPties><Dbtr><Nm>CHARLENE MARCH</Nm></Dbtr><DbtrAcct><Id><PrtryAcct><Id>09012922981800</Id></PrtryAcct></Id></DbtrAcct><Cdtr><Nm>sherry</Nm></Cdtr><CdtrAcct><Id><PrtryAcct><Id>23008200175444</Id></PrtryAcct></Id></CdtrAcct><Prtry><Tp>friday</Tp><Pty/></Prtry></RltdPties><RmtInf><Strd><AddtlRmtInf>NO REF</AddtlRmtInf></Strd><Strd><AddtlRmtInf>CHARLENE MARCH//friday</AddtlRmtInf></Strd></RmtInf><RltdDts><TxDtTm>2018-09-28T18:14:22</TxDtTm></RltdDts><AddtlTxInf>00156388632BBCHSSV1020180928826090129</AddtlTxInf></TxDtls><AddtlNtryInf>COMPLETE//0000//003//CREDIT</AddtlNtryInf></Ntry><Ntry><Amt Ccy="GBP">10.00</Amt><CdtDbtInd>CRDT</CdtDbtInd><Sts>BOOK</Sts><BookgDt><Dt>2018-09-28</Dt></BookgDt><BkTxCd><Prtry><Cd>SIP UKBA CR 40269</Cd></Prtry></BkTxCd><TxDtls><Refs><EndToEndId>NOREF</EndToEndId><TxId>400000000397912444</TxId></Refs><RltdPties><Dbtr><Nm>C Bray</Nm></Dbtr><DbtrAcct><Id><PrtryAcct><Id>77121231115060</Id></PrtryAcct></Id></DbtrAcct><Cdtr><Nm>SEXY</Nm></Cdtr><CdtrAcct><Id><PrtryAcct><Id>23008200195387</Id></PrtryAcct></Id></CdtrAcct><Prtry><Tp>LOVE YOU</Tp><Pty/></Prtry></RltdPties><RmtInf><Strd><AddtlRmtInf>NO REF</AddtlRmtInf></Strd><Strd><AddtlRmtInf>C Bray//LOVE YOU</AddtlRmtInf></Strd></RmtInf><RltdDts><TxDtTm>2018-09-28T18:14:41</TxDtTm></RltdDts><AddtlTxInf>4000000003979124441020180928826771212</AddtlTxInf></TxDtls><AddtlNtryInf>COMPLETE//0000//003//CREDIT</AddtlNtryInf></Ntry><Ntry><Amt Ccy="GBP">175.00</Amt><CdtDbtInd>CRDT</CdtDbtInd><Sts>BOOK</Sts><BookgDt><Dt>2018-09-28</Dt></BookgDt><BkTxCd><Prtry><Cd>SIP UKBA CR 40269</Cd></Prtry></BkTxCd><TxDtls><Refs><EndToEndId>00156527632BMBBYMZ</EndToEndId><TxId>00156527632BMBBYMZ</TxId></Refs><RltdPties><Dbtr><Nm>MOHAMMED KABIR</Nm></Dbtr><DbtrAcct><Id><PrtryAcct><Id>09012875905881</Id></PrtryAcct></Id></DbtrAcct><Cdtr><Nm>mr waqar ibrahim</Nm></Cdtr><CdtrAcct><Id><PrtryAcct><Id>23008200469182</Id></PrtryAcct></Id></CdtrAcct><Prtry><Tp>dept</Tp><Pty/></Prtry></RltdPties><RmtInf><Strd><AddtlRmtInf>NO REF</AddtlRmtInf></Strd><Strd><AddtlRmtInf>MOHAMMED KABIR//dept</AddtlRmtInf></Strd></RmtInf><RltdDts><TxDtTm>2018-09-28T18:14:47</TxDtTm></RltdDts><AddtlTxInf>00156527632BMBBYMZ1020180928826090128</AddtlTxInf></TxDtls><AddtlNtryInf>COMPLETE//0000//003//CREDIT</AddtlNtryInf></Ntry><Ntry><Amt Ccy="GBP">60.00</Amt><CdtDbtInd>CRDT</CdtDbtInd><Sts>BOOK</Sts><BookgDt><Dt>2018-09-28</Dt></BookgDt><BkTxCd><Prtry><Cd>SIP UKBA CR 40269</Cd></Prtry></BkTxCd><TxDtls><Refs><EndToEndId>NOREF</EndToEndId><TxId>200000000391447719</TxId></Refs><RltdPties><Dbtr><Nm>O Power</Nm></Dbtr><DbtrAcct><Id><PrtryAcct><Id>30989165926960</Id></PrtryAcct></Id></DbtrAcct><Cdtr><Nm>MR TADHG POWER</Nm></Cdtr><CdtrAcct><Id><PrtryAcct><Id>23008200293606</Id></PrtryAcct></Id></CdtrAcct><Prtry><Tp>LUNCH</Tp><Pty/></Prtry></RltdPties><RmtInf><Strd><AddtlRmtInf>NO REF</AddtlRmtInf></Strd><Strd><AddtlRmtInf>O Power//LUNCH</AddtlRmtInf></Strd></RmtInf><RltdDts><TxDtTm>2018-09-28T18:19:45</TxDtTm></RltdDts><AddtlTxInf>2000000003914477191020180928826309891</AddtlTxInf></TxDtls><AddtlNtryInf>COMPLETE//0000//003//CREDIT</AddtlNtryInf></Ntry><Ntry><Amt Ccy="GBP">10.00</Amt><CdtDbtInd>CRDT</CdtDbtInd><Sts>BOOK</Sts><BookgDt><Dt>2018-09-28</Dt></BookgDt><BkTxCd><Prtry><Cd>SIP UKBA CR 40269</Cd></Prtry></BkTxCd><TxDtls><Refs><EndToEndId>NOREF</EndToEndId><TxId>600000000392831550</TxId></Refs><RltdPties><Dbtr><Nm>P Auer</Nm></Dbtr><DbtrAcct><Id><PrtryAcct><Id>11647704978767</Id></PrtryAcct></Id></DbtrAcct><Cdtr><Nm>PAUL SKINNER</Nm></Cdtr><CdtrAcct><Id><PrtryAcct><Id>23008200464658</Id></PrtryAcct></Id></CdtrAcct><Prtry><Tp>PAULA</Tp><Pty/></Prtry></RltdPties><RmtInf><Strd><AddtlRmtInf>NO REF</AddtlRmtInf></Strd><Strd><AddtlRmtInf>P Auer//PAULA</AddtlRmtInf></Strd></RmtInf><RltdDts><TxDtTm>2018-09-28T18:21:21</TxDtTm></RltdDts><AddtlTxInf>6000000003928315501020180928826116477</AddtlTxInf></TxDtls><AddtlNtryInf>COMPLETE//0000//003//CREDIT</AddtlNtryInf></Ntry><Ntry><Amt Ccy="GBP">20.00</Amt><CdtDbtInd>CRDT</CdtDbtInd><Sts>BOOK</Sts><BookgDt><Dt>2018-09-28</Dt></BookgDt><BkTxCd><Prtry><Cd>SIP UKBA CR 40269</Cd></Prtry></BkTxCd><TxDtls><Refs><EndToEndId>X</EndToEndId><TxId>04182944942601000R</TxId><Prtry><Tp>STO REF</Tp><Ref>0000</Ref></Prtry></Refs><RltdPties><Dbtr><Nm>WYNE JJ</Nm></Dbtr><DbtrAcct><Id><PrtryAcct><Id>83173100273223</Id></PrtryAcct></Id></DbtrAcct><Cdtr><Nm>JASON</Nm></Cdtr><CdtrAcct><Id><PrtryAcct><Id>23008200463966</Id></PrtryAcct></Id></CdtrAcct><Prtry><Tp>X</Tp><Pty/></Prtry></RltdPties><RmtInf><Strd><AddtlRmtInf>WYNE JJ           X                 VIA MOBILE - LVP</AddtlRmtInf></Strd><Strd><AddtlRmtInf>WYNE JJ//X</AddtlRmtInf></Strd></RmtInf><RltdDts><TxDtTm>2018-09-28T18:29:45</TxDtTm></RltdDts><AddtlTxInf>04182944942601000R1020180928826831731</AddtlTxInf></TxDtls><AddtlNtryInf>COMPLETE//0000//003//CREDIT</AddtlNtryInf></Ntry></Ntfctn></BkToCstmrDbtCdtNtfctnV01></Document>