<?xml version="1.0" encoding="UTF-8"?><Document xmlns:xsi="http://www.w3.org/2001/XMLSchema-instance" xmlns="urn:iso:std:iso:20022:tech:xsd:camt.054.001.01"><BkToCstmrDbtCdtNtfctnV01><GrpHdr><MsgId>80309K//13047</MsgId><CreDtTm>2018-09-19T10:00:00</CreDtTm></GrpHdr><Ntfctn><Id>80309K//13047//1</Id><CreDtTm>2018-09-19T10:00:00</CreDtTm><Acct><Id><PrtryAcct><Id>20594233939774</Id></PrtryAcct></Id><Ccy>GBP</Ccy></Acct><TxsSummry><TtlNtries><NbOfNtries>3</NbOfNtries><Sum>155.40</Sum></TtlNtries><TtlCdtNtries><NbOfNtries>3</NbOfNtries><Sum>155.40</Sum></TtlCdtNtries><TtlDbtNtries><NbOfNtries>0</NbOfNtries><Sum>0.00</Sum></TtlDbtNtries></TxsSummry><Ntry><Amt Ccy="GBP">20.90</Amt><CdtDbtInd>CRDT</CdtDbtInd><Sts>BOOK</Sts><BookgDt><Dt>2018-09-19</Dt></BookgDt><BkTxCd><Prtry><Cd>SIP UKBA CR 40269</Cd></Prtry></BkTxCd><TxDtls><Refs><EndToEndId>NOREF</EndToEndId><TxId>600000000389667600</TxId></Refs><RltdPties><Dbtr><Nm>L Wiggan</Nm></Dbtr><DbtrAcct><Id><PrtryAcct><Id>11086301717718</Id></PrtryAcct></Id></DbtrAcct><Cdtr><Nm>LORNAWIGGAN</Nm></Cdtr><CdtrAcct><Id><PrtryAcct><Id>23008200133361</Id></PrtryAcct></Id></CdtrAcct><Prtry><Tp>HOLIDAY SPENDS</Tp><Pty/></Prtry></RltdPties><RmtInf><Strd><AddtlRmtInf>NO REF</AddtlRmtInf></Strd><Strd><AddtlRmtInf>L Wiggan//HOLIDAY SPENDS</AddtlRmtInf></Strd></RmtInf><RltdDts><TxDtTm>2018-09-19T09:31:22</TxDtTm></RltdDts><AddtlTxInf>6000000003896676001020180919826110863</AddtlTxInf></TxDtls><AddtlNtryInf>COMPLETE//0000//001//CREDIT</AddtlNtryInf></Ntry><Ntry><Amt Ccy="GBP">119.50</Amt><CdtDbtInd>CRDT</CdtDbtInd><Sts>BOOK</Sts><BookgDt><Dt>2018-09-19</Dt></BookgDt><BkTxCd><Prtry><Cd>SIP UKBA CR 40269</Cd></Prtry></BkTxCd><TxDtls><Refs><EndToEndId>PPWD00000000AOGRYU</EndToEndId><TxId>PPWD00000000AOGRYU</TxId></Refs><RltdPties><Dbtr><Nm>PayPal</Nm><PstlAdr><AdrLine>2211 N 1st Street San Jose CA 95131</AdrLine><Ctry/></PstlAdr></Dbtr><DbtrAcct><Id><PrtryAcct><Id>23526278959595</Id></PrtryAcct></Id></DbtrAcct><Cdtr><Nm>Danut Cirdei</Nm><PstlAdr><AdrLine>21 Felbridge Avenue</AdrLine><Ctry/></PstlAdr></Cdtr><CdtrAcct><Id><PrtryAcct><Id>23008200451826</Id></PrtryAcct></Id></CdtrAcct><Prtry><Tp>PPWDL5QC22AL7GWM2Y</Tp><Pty/></Prtry></RltdPties><RmtInf><Strd><RfrdDocInf><RfrdDocTp><Prtry>002</Prtry></RfrdDocTp></RfrdDocInf><AddtlRmtInf>NO REF</AddtlRmtInf></Strd><Strd><AddtlRmtInf>PayPal//PPWDL5QC22AL7GWM2Y</AddtlRmtInf></Strd></RmtInf><RltdDts><TxDtTm>2018-09-19T09:36:49</TxDtTm></RltdDts><AddtlTxInf>PPWD00000000AOGRYU1020180919826235262</AddtlTxInf></TxDtls><AddtlNtryInf>COMPLETE//0000//001//CREDIT</AddtlNtryInf></Ntry><Ntry><Amt Ccy="GBP">15.00</Amt><CdtDbtInd>CRDT</CdtDbtInd><Sts>BOOK</Sts><BookgDt><Dt>2018-09-19</Dt></BookgDt><BkTxCd><Prtry><Cd>SIP UKBA CR 40269</Cd></Prtry></BkTxCd><TxDtls><Refs><EndToEndId>NOREF</EndToEndId><TxId>500000000389957213</TxId></Refs><RltdPties><Dbtr><Nm>S Drzewiecki</Nm></Dbtr><DbtrAcct><Id><PrtryAcct><Id>30904345637868</Id></PrtryAcct></Id></DbtrAcct><Cdtr><Nm>KASIA</Nm></Cdtr><CdtrAcct><Id><PrtryAcct><Id>23008200024890</Id></PrtryAcct></Id></CdtrAcct><Prtry><Tp>FOR KASIA</Tp><Pty/></Prtry></RltdPties><RmtInf><Strd><AddtlRmtInf>NO REF</AddtlRmtInf></Strd><Strd><AddtlRmtInf>S Drzewiecki//FOR KASIA</AddtlRmtInf></Strd></RmtInf><RltdDts><TxDtTm>2018-09-19T09:54:49</TxDtTm></RltdDts><AddtlTxInf>5000000003899572131020180919826309043</AddtlTxInf></TxDtls><AddtlNtryInf>COMPLETE//0000//001//CREDIT</AddtlNtryInf></Ntry></Ntfctn></BkToCstmrDbtCdtNtfctnV01></Document>