<?xml version="1.0" encoding="UTF-8"?><Document xmlns:xsi="http://www.w3.org/2001/XMLSchema-instance" xmlns="urn:iso:std:iso:20022:tech:xsd:camt.054.001.01"><BkToCstmrDbtCdtNtfctnV01><GrpHdr><MsgId>80309K//12965</MsgId><CreDtTm>2018-09-17T12:00:00</CreDtTm></GrpHdr><Ntfctn><Id>80309K//12965//1</Id><CreDtTm>2018-09-17T12:00:00</CreDtTm><Acct><Id><PrtryAcct><Id>20594233939774</Id></PrtryAcct></Id><Ccy>GBP</Ccy></Acct><TxsSummry><TtlNtries><NbOfNtries>10</NbOfNtries><Sum>1565.42</Sum></TtlNtries><TtlCdtNtries><NbOfNtries>10</NbOfNtries><Sum>1565.42</Sum></TtlCdtNtries><TtlDbtNtries><NbOfNtries>0</NbOfNtries><Sum>0.00</Sum></TtlDbtNtries></TxsSummry><Ntry><Amt Ccy="GBP">12.00</Amt><CdtDbtInd>CRDT</CdtDbtInd><Sts>BOOK</Sts><BookgDt><Dt>2018-09-17</Dt></BookgDt><BkTxCd><Prtry><Cd>SIP UKBA CR 40269</Cd></Prtry></BkTxCd><TxDtls><Refs><EndToEndId>NOREF</EndToEndId><TxId>400000000394239894</TxId></Refs><RltdPties><Dbtr><Nm>I Avram</Nm></Dbtr><DbtrAcct><Id><PrtryAcct><Id>30978623997368</Id></PrtryAcct></Id></DbtrAcct><Cdtr><Nm>V L BALTEI</Nm></Cdtr><CdtrAcct><Id><PrtryAcct><Id>23008200118251</Id></PrtryAcct></Id></CdtrAcct><Prtry><Tp>ALINA</Tp><Pty/></Prtry></RltdPties><RmtInf><Strd><AddtlRmtInf>NO REF</AddtlRmtInf></Strd><Strd><AddtlRmtInf>I Avram//ALINA</AddtlRmtInf></Strd></RmtInf><RltdDts><TxDtTm>2018-09-17T11:33:31</TxDtTm></RltdDts><AddtlTxInf>4000000003942398941020180917826309786</AddtlTxInf></TxDtls><AddtlNtryInf>COMPLETE//0000//001//CREDIT</AddtlNtryInf></Ntry><Ntry><Amt Ccy="GBP">5.00</Amt><CdtDbtInd>CRDT</CdtDbtInd><Sts>BOOK</Sts><BookgDt><Dt>2018-09-17</Dt></BookgDt><BkTxCd><Prtry><Cd>SIP UKBA CR 40269</Cd></Prtry></BkTxCd><TxDtls><Refs><EndToEndId>00153425632BWBTJVG</EndToEndId><TxId>00153425632BWBTJVG</TxId></Refs><RltdPties><Dbtr><Nm>JONATHAN REID</Nm></Dbtr><DbtrAcct><Id><PrtryAcct><Id>09012916013700</Id></PrtryAcct></Id></DbtrAcct><Cdtr><Nm>Emma Reid</Nm></Cdtr><CdtrAcct><Id><PrtryAcct><Id>23008200395283</Id></PrtryAcct></Id></CdtrAcct><Prtry><Tp>Payments</Tp><Pty/></Prtry></RltdPties><RmtInf><Strd><AddtlRmtInf>NO REF</AddtlRmtInf></Strd><Strd><AddtlRmtInf>JONATHAN REID//Payments</AddtlRmtInf></Strd></RmtInf><RltdDts><TxDtTm>2018-09-17T11:37:19</TxDtTm></RltdDts><AddtlTxInf>00153425632BWBTJVG1020180917826090129</AddtlTxInf></TxDtls><AddtlNtryInf>COMPLETE//0000//001//CREDIT</AddtlNtryInf></Ntry><Ntry><Amt Ccy="GBP">60.00</Amt><CdtDbtInd>CRDT</CdtDbtInd><Sts>BOOK</Sts><BookgDt><Dt>2018-09-17</Dt></BookgDt><BkTxCd><Prtry><Cd>SIP UKBA CR 40269</Cd></Prtry></BkTxCd><TxDtls><Refs><EndToEndId>PPWD00000000ANXSP2</EndToEndId><TxId>PPWD00000000ANXSP2</TxId></Refs><RltdPties><Dbtr><Nm>PayPal</Nm><PstlAdr><AdrLine>2211 N 1st Street San Jose CA 95131</AdrLine><Ctry/></PstlAdr></Dbtr><DbtrAcct><Id><PrtryAcct><Id>23526278959595</Id></PrtryAcct></Id></DbtrAcct><Cdtr><Nm>Nicholas Jones</Nm><PstlAdr><AdrLine>56, HAROLD STREET</AdrLine><Ctry/></PstlAdr></Cdtr><CdtrAcct><Id><PrtryAcct><Id>23008200351123</Id></PrtryAcct></Id></CdtrAcct><Prtry><Tp>PPWDL4D422AL5QHQQQ</Tp><Pty/></Prtry></RltdPties><RmtInf><Strd><RfrdDocInf><RfrdDocTp><Prtry>002</Prtry></RfrdDocTp></RfrdDocInf><AddtlRmtInf>NO REF</AddtlRmtInf></Strd><Strd><AddtlRmtInf>PayPal//PPWDL4D422AL5QHQQQ</AddtlRmtInf></Strd></RmtInf><RltdDts><TxDtTm>2018-09-17T11:41:38</TxDtTm></RltdDts><AddtlTxInf>PPWD00000000ANXSP21020180917826235262</AddtlTxInf></TxDtls><AddtlNtryInf>COMPLETE//0000//001//CREDIT</AddtlNtryInf></Ntry><Ntry><Amt Ccy="GBP">440.00</Amt><CdtDbtInd>CRDT</CdtDbtInd><Sts>BOOK</Sts><BookgDt><Dt>2018-09-17</Dt></BookgDt><BkTxCd><Prtry><Cd>SIP UKBA CR 40269</Cd></Prtry></BkTxCd><TxDtls><Refs><EndToEndId>NOREF</EndToEndId><TxId>RP4679961573054900</TxId></Refs><RltdPties><Dbtr><Nm>MUBANGUKA P  BPO</Nm></Dbtr><DbtrAcct><Id><PrtryAcct><Id>20906990190187</Id></PrtryAcct></Id></DbtrAcct><Cdtr><Nm>TRAVEL CENTRE</Nm></Cdtr><CdtrAcct><Id><PrtryAcct><Id>23008200223308</Id></PrtryAcct></Id></CdtrAcct><Prtry><Tp>PAUL MUBANGUKA</Tp><Pty/></Prtry></RltdPties><RmtInf><Strd><AddtlRmtInf>NO REF</AddtlRmtInf></Strd><Strd><AddtlRmtInf>MUBANGUKA P  BPO//PAUL MUBANGUKA</AddtlRmtInf></Strd></RmtInf><RltdDts><TxDtTm>2018-09-17T11:43:18</TxDtTm></RltdDts><AddtlTxInf>RP46799615730549001020180917826200026</AddtlTxInf></TxDtls><AddtlNtryInf>COMPLETE//0000//001//CREDIT</AddtlNtryInf></Ntry><Ntry><Amt Ccy="GBP">275.00</Amt><CdtDbtInd>CRDT</CdtDbtInd><Sts>BOOK</Sts><BookgDt><Dt>2018-09-17</Dt></BookgDt><BkTxCd><Prtry><Cd>SIP UKBA CR 40269</Cd></Prtry></BkTxCd><TxDtls><Refs><EndToEndId>NOREF</EndToEndId><TxId>300000000393097395</TxId></Refs><RltdPties><Dbtr><Nm>T Onafowokan</Nm></Dbtr><DbtrAcct><Id><PrtryAcct><Id>77915628008062</Id></PrtryAcct></Id></DbtrAcct><Cdtr><Nm>Robert Mayes</Nm></Cdtr><CdtrAcct><Id><PrtryAcct><Id>23008200355841</Id></PrtryAcct></Id></CdtrAcct><Prtry><Tp>Tajudeen</Tp><Pty/></Prtry></RltdPties><RmtInf><Strd><AddtlRmtInf>NO REF</AddtlRmtInf></Strd><Strd><AddtlRmtInf>T Onafowokan//Tajudeen</AddtlRmtInf></Strd></RmtInf><RltdDts><TxDtTm>2018-09-17T11:51:01</TxDtTm></RltdDts><AddtlTxInf>3000000003930973951020180917826779156</AddtlTxInf></TxDtls><AddtlNtryInf>COMPLETE//0000//001//CREDIT</AddtlNtryInf></Ntry><Ntry><Amt Ccy="GBP">90.00</Amt><CdtDbtInd>CRDT</CdtDbtInd><Sts>BOOK</Sts><BookgDt><Dt>2018-09-17</Dt></BookgDt><BkTxCd><Prtry><Cd>SIP UKBA CR 40269</Cd></Prtry></BkTxCd><TxDtls><Refs><EndToEndId>NOREF</EndToEndId><TxId>600000000389163223</TxId></Refs><RltdPties><Dbtr><Nm>L Anucha</Nm></Dbtr><DbtrAcct><Id><PrtryAcct><Id>11082701491475</Id></PrtryAcct></Id></DbtrAcct><Cdtr><Nm>EXPORT SOLUTIONS</Nm></Cdtr><CdtrAcct><Id><PrtryAcct><Id>23008200044254</Id></PrtryAcct></Id></CdtrAcct><Prtry><Tp>LEGAL</Tp><Pty/></Prtry></RltdPties><RmtInf><Strd><AddtlRmtInf>NO REF</AddtlRmtInf></Strd><Strd><AddtlRmtInf>L Anucha//LEGAL</AddtlRmtInf></Strd></RmtInf><RltdDts><TxDtTm>2018-09-17T11:51:13</TxDtTm></RltdDts><AddtlTxInf>6000000003891632231020180917826110827</AddtlTxInf></TxDtls><AddtlNtryInf>COMPLETE//0000//001//CREDIT</AddtlNtryInf></Ntry><Ntry><Amt Ccy="GBP">20.00</Amt><CdtDbtInd>CRDT</CdtDbtInd><Sts>BOOK</Sts><BookgDt><Dt>2018-09-17</Dt></BookgDt><BkTxCd><Prtry><Cd>DCA UKBA CR 40269</Cd></Prtry></BkTxCd><TxDtls><Refs><EndToEndId>NOREF</EndToEndId><TxId>000000013582500601</TxId><Prtry><Tp>STO REF</Tp><Ref>8974</Ref></Prtry></Refs><RltdPties><Dbtr><Nm>A PIGULEVICIUTE</Nm></Dbtr><DbtrAcct><Id><PrtryAcct><Id>20035373152596</Id></PrtryAcct></Id></DbtrAcct><Cdtr><Nm>G. CEIKAUSKAS</Nm></Cdtr><CdtrAcct><Id><PrtryAcct><Id>23008200390016</Id></PrtryAcct></Id></CdtrAcct><Prtry><Tp>GINTARAS CEIKAUSKA</Tp><Pty/></Prtry></RltdPties><RmtInf><Strd><AddtlRmtInf>NO REF</AddtlRmtInf></Strd><Strd><AddtlRmtInf>A PIGULEVICIUTE//GINTARAS CEIKAUSKA</AddtlRmtInf></Strd></RmtInf><RltdDts><TxDtTm>2018-09-17T11:52:10</TxDtTm></RltdDts><AddtlTxInf>0000000135825006015020180917826200353</AddtlTxInf></TxDtls><AddtlNtryInf>COMPLETE//0000//001//CREDIT</AddtlNtryInf></Ntry><Ntry><Amt Ccy="GBP">342.42</Amt><CdtDbtInd>CRDT</CdtDbtInd><Sts>BOOK</Sts><BookgDt><Dt>2018-09-17</Dt></BookgDt><BkTxCd><Prtry><Cd>SIP UKBA CR 40269</Cd></Prtry></BkTxCd><TxDtls><Refs><EndToEndId>PPWD00000000ANXZGG</EndToEndId><TxId>PPWD00000000ANXZGG</TxId></Refs><RltdPties><Dbtr><Nm>PayPal</Nm><PstlAdr><AdrLine>2211 N 1st Street San Jose CA 95131</AdrLine><Ctry/></PstlAdr></Dbtr><DbtrAcct><Id><PrtryAcct><Id>23526278959595</Id></PrtryAcct></Id></DbtrAcct><Cdtr><Nm>Alexander Baigrie</Nm><PstlAdr><AdrLine>31 Millburn Crescent</AdrLine><Ctry/></PstlAdr></Cdtr><CdtrAcct><Id><PrtryAcct><Id>23008200446110</Id></PrtryAcct></Id></CdtrAcct><Prtry><Tp>PPWDL56BJ2AL5QRKTA</Tp><Pty/></Prtry></RltdPties><RmtInf><Strd><RfrdDocInf><RfrdDocTp><Prtry>002</Prtry></RfrdDocTp></RfrdDocInf><AddtlRmtInf>NO REF</AddtlRmtInf></Strd><Strd><AddtlRmtInf>PayPal//PPWDL56BJ2AL5QRKTA</AddtlRmtInf></Strd></RmtInf><RltdDts><TxDtTm>2018-09-17T11:58:08</TxDtTm></RltdDts><AddtlTxInf>PPWD00000000ANXZGG1020180917826235262</AddtlTxInf></TxDtls><AddtlNtryInf>COMPLETE//0000//001//CREDIT</AddtlNtryInf></Ntry><Ntry><Amt Ccy="GBP">314.00</Amt><CdtDbtInd>CRDT</CdtDbtInd><Sts>BOOK</Sts><BookgDt><Dt>2018-09-17</Dt></BookgDt><BkTxCd><Prtry><Cd>SIP UKBA CR 40269</Cd></Prtry></BkTxCd><TxDtls><Refs><EndToEndId>NOREF</EndToEndId><TxId>RP4659984717038800</TxId></Refs><RltdPties><Dbtr><Nm>MOHAMED HUSEIN N</Nm></Dbtr><DbtrAcct><Id><PrtryAcct><Id>20089853766136</Id></PrtryAcct></Id></DbtrAcct><Cdtr><Nm>YORKSHIRE</Nm></Cdtr><CdtrAcct><Id><PrtryAcct><Id>23008200444932</Id></PrtryAcct></Id></CdtrAcct><Prtry><Tp>NASRO</Tp><Pty/></Prtry></RltdPties><RmtInf><Strd><AddtlRmtInf>NO REF</AddtlRmtInf></Strd><Strd><AddtlRmtInf>MOHAMED HUSEIN N//NASRO</AddtlRmtInf></Strd></RmtInf><RltdDts><TxDtTm>2018-09-17T11:59:05</TxDtTm></RltdDts><AddtlTxInf>RP46599847170388001020180917826200026</AddtlTxInf></TxDtls><AddtlNtryInf>COMPLETE//0000//001//CREDIT</AddtlNtryInf></Ntry><Ntry><Amt Ccy="GBP">7.00</Amt><CdtDbtInd>CRDT</CdtDbtInd><Sts>BOOK</Sts><BookgDt><Dt>2018-09-17</Dt></BookgDt><BkTxCd><Prtry><Cd>SIP UKBA CR 40269</Cd></Prtry></BkTxCd><TxDtls><Refs><EndToEndId>000000FT1826084R89</EndToEndId><TxId>000000FT1826084R89</TxId></Refs><RltdPties><Dbtr><Nm>FATIMAH AJOKE QUADRI</Nm><PstlAdr><AdrLine>FLAT 2 DOWNS COURT, AMHURST ROAD;L;</AdrLine><AdrLine>ONDON</AdrLine><Ctry/></PstlAdr></Dbtr><DbtrAcct><Id><PrtryAcct><Id>23058022593943</Id></PrtryAcct></Id></DbtrAcct><Cdtr><Nm>Arro</Nm><PstlAdr><AdrLine>WIRECARD;WIRECARD CARD SOLUTIONS</AdrLine><Ctry/></PstlAdr></Cdtr><CdtrAcct><Id><PrtryAcct><Id>23008200092375</Id></PrtryAcct></Id></CdtrAcct><Prtry><Tp>Refund</Tp><Pty/></Prtry></RltdPties><RmtInf><Strd><AddtlRmtInf>NO REF</AddtlRmtInf></Strd><Strd><AddtlRmtInf>FATIMAH AJOKE QUAD//Refund</AddtlRmtInf></Strd></RmtInf><RltdDts><TxDtTm>2018-09-17T11:59:27</TxDtTm></RltdDts><AddtlTxInf>000000FT1826084R891020180917826230580</AddtlTxInf></TxDtls><AddtlNtryInf>COMPLETE//0000//001//CREDIT</AddtlNtryInf></Ntry></Ntfctn></BkToCstmrDbtCdtNtfctnV01></Document>