<?xml version="1.0" encoding="UTF-8"?><Document xmlns:xsi="http://www.w3.org/2001/XMLSchema-instance" xmlns="urn:iso:std:iso:20022:tech:xsd:camt.054.001.01"><BkToCstmrDbtCdtNtfctnV01><GrpHdr><MsgId>80309K//13465</MsgId><CreDtTm>2018-09-28T22:00:00</CreDtTm></GrpHdr><Ntfctn><Id>80309K//13465//1</Id><CreDtTm>2018-09-28T22:00:00</CreDtTm><Acct><Id><PrtryAcct><Id>20594233939774</Id></PrtryAcct></Id><Ccy>GBP</Ccy></Acct><TxsSummry><TtlNtries><NbOfNtries>4</NbOfNtries><Sum>147.13</Sum></TtlNtries><TtlCdtNtries><NbOfNtries>4</NbOfNtries><Sum>147.13</Sum></TtlCdtNtries><TtlDbtNtries><NbOfNtries>0</NbOfNtries><Sum>0.00</Sum></TtlDbtNtries></TxsSummry><Ntry><Amt Ccy="GBP">20.00</Amt><CdtDbtInd>CRDT</CdtDbtInd><Sts>BOOK</Sts><BookgDt><Dt>2018-10-01</Dt></BookgDt><BkTxCd><Prtry><Cd>SIP UKBA CR 40269</Cd></Prtry></BkTxCd><TxDtls><Refs><EndToEndId>NOREF</EndToEndId><TxId>500000000393181223</TxId></Refs><RltdPties><Dbtr><Nm>P Auer</Nm></Dbtr><DbtrAcct><Id><PrtryAcct><Id>11647704978767</Id></PrtryAcct></Id></DbtrAcct><Cdtr><Nm>PAUL SKINNER</Nm></Cdtr><CdtrAcct><Id><PrtryAcct><Id>23008200464658</Id></PrtryAcct></Id></CdtrAcct><Prtry><Tp>PAULA</Tp><Pty/></Prtry></RltdPties><RmtInf><Strd><AddtlRmtInf>NO REF</AddtlRmtInf></Strd><Strd><AddtlRmtInf>P Auer//PAULA</AddtlRmtInf></Strd></RmtInf><RltdDts><TxDtTm>2018-09-28T21:39:17</TxDtTm></RltdDts><AddtlTxInf>5000000003931812231020180928826116477</AddtlTxInf></TxDtls><AddtlNtryInf>COMPLETE//0000//003//CREDIT</AddtlNtryInf></Ntry><Ntry><Amt Ccy="GBP">100.00</Amt><CdtDbtInd>CRDT</CdtDbtInd><Sts>BOOK</Sts><BookgDt><Dt>2018-10-01</Dt></BookgDt><BkTxCd><Prtry><Cd>SIP UKBA CR 40269</Cd></Prtry></BkTxCd><TxDtls><Refs><EndToEndId>NOREF</EndToEndId><TxId>RP4659985617028400</TxId></Refs><RltdPties><Dbtr><Nm>BRIGHT STARS LTD</Nm></Dbtr><DbtrAcct><Id><PrtryAcct><Id>20554173461130</Id></PrtryAcct></Id></DbtrAcct><Cdtr><Nm>MR ABUBAKAR ASHRAF</Nm></Cdtr><CdtrAcct><Id><PrtryAcct><Id>23008200401667</Id></PrtryAcct></Id></CdtrAcct><Prtry><Tp>NAHID AKHTAR</Tp><Pty/></Prtry></RltdPties><RmtInf><Strd><AddtlRmtInf>NO REF</AddtlRmtInf></Strd><Strd><AddtlRmtInf>BRIGHT STARS LTD//NAHID AKHTAR</AddtlRmtInf></Strd></RmtInf><RltdDts><TxDtTm>2018-09-28T21:40:01</TxDtTm></RltdDts><AddtlTxInf>RP46599856170284001020180928826200026</AddtlTxInf></TxDtls><AddtlNtryInf>COMPLETE//0000//003//CREDIT</AddtlNtryInf></Ntry><Ntry><Amt Ccy="GBP">14.24</Amt><CdtDbtInd>CRDT</CdtDbtInd><Sts>BOOK</Sts><BookgDt><Dt>2018-10-01</Dt></BookgDt><BkTxCd><Prtry><Cd>SIP UKBA CR 40269</Cd></Prtry></BkTxCd><TxDtls><Refs><EndToEndId>STARLING-QMY08V7YL6542OD1X4</EndToEndId><TxId>QMY08V7YL6542OD1X4</TxId></Refs><RltdPties><Dbtr><Nm>JASHAR BRAHIMETO</Nm></Dbtr><DbtrAcct><Id><PrtryAcct><Id>60837192799768</Id></PrtryAcct></Id></DbtrAcct><Cdtr><Nm>Jashar Brahimeto</Nm></Cdtr><CdtrAcct><Id><PrtryAcct><Id>23008200023505</Id></PrtryAcct></Id></CdtrAcct><Prtry><Tp>Paid with Starling</Tp><Pty/></Prtry></RltdPties><RmtInf><Strd><AddtlRmtInf>NO REF</AddtlRmtInf></Strd><Strd><AddtlRmtInf>JASHAR BRAHIMETO//Paid with Starling</AddtlRmtInf></Strd></RmtInf><RltdDts><TxDtTm>2018-09-28T21:48:56</TxDtTm></RltdDts><AddtlTxInf>QMY08V7YL6542OD1X41020180928826608371</AddtlTxInf></TxDtls><AddtlNtryInf>COMPLETE//0000//003//CREDIT</AddtlNtryInf></Ntry><Ntry><Amt Ccy="GBP">12.89</Amt><CdtDbtInd>CRDT</CdtDbtInd><Sts>BOOK</Sts><BookgDt><Dt>2018-10-01</Dt></BookgDt><BkTxCd><Prtry><Cd>SIP UKBA CR 40269</Cd></Prtry></BkTxCd><TxDtls><Refs><EndToEndId>NOREF</EndToEndId><TxId>400000000397985125</TxId></Refs><RltdPties><Dbtr><Nm>Heco Ltd</Nm></Dbtr><DbtrAcct><Id><PrtryAcct><Id>30989739861260</Id></PrtryAcct></Id></DbtrAcct><Cdtr><Nm>AF MIDLANDS</Nm></Cdtr><CdtrAcct><Id><PrtryAcct><Id>23008200034339</Id></PrtryAcct></Id></CdtrAcct><Prtry><Tp>CARBON TRADING</Tp><Pty/></Prtry></RltdPties><RmtInf><Strd><AddtlRmtInf>NO REF</AddtlRmtInf></Strd><Strd><AddtlRmtInf>Heco Ltd//CARBON TRADING</AddtlRmtInf></Strd></RmtInf><RltdDts><TxDtTm>2018-09-28T21:54:51</TxDtTm></RltdDts><AddtlTxInf>4000000003979851251020180928826309897</AddtlTxInf></TxDtls><AddtlNtryInf>COMPLETE//0000//003//CREDIT</AddtlNtryInf></Ntry></Ntfctn></BkToCstmrDbtCdtNtfctnV01></Document>