<?xml version="1.0" encoding="UTF-8"?><Document xmlns:xsi="http://www.w3.org/2001/XMLSchema-instance" xmlns="urn:iso:std:iso:20022:tech:xsd:camt.054.001.01"><BkToCstmrDbtCdtNtfctnV01><GrpHdr><MsgId>80309K//13374</MsgId><CreDtTm>2018-09-26T22:30:00</CreDtTm></GrpHdr><Ntfctn><Id>80309K//13374//1</Id><CreDtTm>2018-09-26T22:30:00</CreDtTm><Acct><Id><PrtryAcct><Id>20594233939774</Id></PrtryAcct></Id><Ccy>GBP</Ccy></Acct><TxsSummry><TtlNtries><NbOfNtries>5</NbOfNtries><Sum>642.36</Sum></TtlNtries><TtlCdtNtries><NbOfNtries>5</NbOfNtries><Sum>642.36</Sum></TtlCdtNtries><TtlDbtNtries><NbOfNtries>0</NbOfNtries><Sum>0.00</Sum></TtlDbtNtries></TxsSummry><Ntry><Amt Ccy="GBP">450.00</Amt><CdtDbtInd>CRDT</CdtDbtInd><Sts>BOOK</Sts><BookgDt><Dt>2018-09-27</Dt></BookgDt><BkTxCd><Prtry><Cd>SIP UKBA CR 40269</Cd></Prtry></BkTxCd><TxDtls><Refs><EndToEndId>NOREF</EndToEndId><TxId>180926220411719311</TxId></Refs><RltdPties><Dbtr><Nm>Md Rahman</Nm></Dbtr><DbtrAcct><Id><PrtryAcct><Id>77194627996568</Id></PrtryAcct></Id></DbtrAcct><Cdtr><Nm>Mr Yeasin Bhuiyan</Nm></Cdtr><CdtrAcct><Id><PrtryAcct><Id>23008200074390</Id></PrtryAcct></Id></CdtrAcct><Prtry><Tp>Shamim2</Tp><Pty/></Prtry></RltdPties><RmtInf><Strd><AddtlRmtInf>NO REF</AddtlRmtInf></Strd><Strd><AddtlRmtInf>Md Rahman//Shamim2</AddtlRmtInf></Strd></RmtInf><RltdDts><TxDtTm>2018-09-26T22:04:09</TxDtTm></RltdDts><AddtlTxInf>1809262204117193111020180926826771946</AddtlTxInf></TxDtls><AddtlNtryInf>COMPLETE//0000//003//CREDIT</AddtlNtryInf></Ntry><Ntry><Amt Ccy="GBP">110.00</Amt><CdtDbtInd>CRDT</CdtDbtInd><Sts>BOOK</Sts><BookgDt><Dt>2018-09-27</Dt></BookgDt><BkTxCd><Prtry><Cd>SIP UKBA CR 40269</Cd></Prtry></BkTxCd><TxDtls><Refs><EndToEndId>NOREF</EndToEndId><TxId>400000000396961801</TxId></Refs><RltdPties><Dbtr><Nm>J Kiiru</Nm></Dbtr><DbtrAcct><Id><PrtryAcct><Id>30643827609960</Id></PrtryAcct></Id></DbtrAcct><Cdtr><Nm>MISS ANN KIMANI</Nm></Cdtr><CdtrAcct><Id><PrtryAcct><Id>23008200293148</Id></PrtryAcct></Id></CdtrAcct><Prtry><Tp>TOTO</Tp><Pty/></Prtry></RltdPties><RmtInf><Strd><AddtlRmtInf>NO REF</AddtlRmtInf></Strd><Strd><AddtlRmtInf>J Kiiru//TOTO</AddtlRmtInf></Strd></RmtInf><RltdDts><TxDtTm>2018-09-26T22:06:16</TxDtTm></RltdDts><AddtlTxInf>4000000003969618011020180926826306438</AddtlTxInf></TxDtls><AddtlNtryInf>COMPLETE//0000//003//CREDIT</AddtlNtryInf></Ntry><Ntry><Amt Ccy="GBP">7.35</Amt><CdtDbtInd>CRDT</CdtDbtInd><Sts>BOOK</Sts><BookgDt><Dt>2018-09-27</Dt></BookgDt><BkTxCd><Prtry><Cd>SIP UKBA CR 40269</Cd></Prtry></BkTxCd><TxDtls><Refs><EndToEndId>00157224632BBBQHCV</EndToEndId><TxId>00157224632BBBQHCV</TxId></Refs><RltdPties><Dbtr><Nm>DANIEL MORTIMER</Nm></Dbtr><DbtrAcct><Id><PrtryAcct><Id>09012845412113</Id></PrtryAcct></Id></DbtrAcct><Cdtr><Nm>ARRO ACC</Nm></Cdtr><CdtrAcct><Id><PrtryAcct><Id>23008200426870</Id></PrtryAcct></Id></CdtrAcct><Prtry><Tp>Payment</Tp><Pty/></Prtry></RltdPties><RmtInf><Strd><AddtlRmtInf>NO REF</AddtlRmtInf></Strd><Strd><AddtlRmtInf>DANIEL MORTIMER//Payment</AddtlRmtInf></Strd></RmtInf><RltdDts><TxDtTm>2018-09-26T22:10:24</TxDtTm></RltdDts><AddtlTxInf>00157224632BBBQHCV1020180926826090128</AddtlTxInf></TxDtls><AddtlNtryInf>COMPLETE//0000//003//CREDIT</AddtlNtryInf></Ntry><Ntry><Amt Ccy="GBP">0.01</Amt><CdtDbtInd>CRDT</CdtDbtInd><Sts>BOOK</Sts><BookgDt><Dt>2018-09-27</Dt></BookgDt><BkTxCd><Prtry><Cd>SIP UKBA CR 40269</Cd></Prtry></BkTxCd><TxDtls><Refs><EndToEndId>PPRD00000000AQFQTK</EndToEndId><TxId>PPRD00000000AQFQTK</TxId></Refs><RltdPties><Dbtr><Nm>PAYPAL CODE 7136</Nm><PstlAdr><AdrLine>2211 N 1st Street San Jose CA 95131</AdrLine><Ctry/></PstlAdr></Dbtr><DbtrAcct><Id><PrtryAcct><Id>23526285010101</Id></PrtryAcct></Id></DbtrAcct><Cdtr><Nm>Richard ross</Nm><PstlAdr><AdrLine>22 Rhuvaal Road</AdrLine><Ctry/></PstlAdr></Cdtr><CdtrAcct><Id><PrtryAcct><Id>23008200469661</Id></PrtryAcct></Id></CdtrAcct><Prtry><Tp>PAYPAL CODE 7136</Tp><Pty/></Prtry></RltdPties><RmtInf><Strd><RfrdDocInf><RfrdDocTp><Prtry>002</Prtry></RfrdDocTp></RfrdDocInf><AddtlRmtInf>NO REF</AddtlRmtInf></Strd><Strd><AddtlRmtInf>PAYPAL CODE 7136//PAYPAL CODE 7136</AddtlRmtInf></Strd></RmtInf><RltdDts><TxDtTm>2018-09-26T22:20:47</TxDtTm></RltdDts><AddtlTxInf>PPRD00000000AQFQTK1020180926826235262</AddtlTxInf></TxDtls><AddtlNtryInf>COMPLETE//0000//003//CREDIT</AddtlNtryInf></Ntry><Ntry><Amt Ccy="GBP">75.00</Amt><CdtDbtInd>CRDT</CdtDbtInd><Sts>BOOK</Sts><BookgDt><Dt>2018-09-27</Dt></BookgDt><BkTxCd><Prtry><Cd>SIP UKBA CR 40269</Cd></Prtry></BkTxCd><TxDtls><Refs><EndToEndId>00152053632BPNKNVP</EndToEndId><TxId>00152053632BPNKNVP</TxId></Refs><RltdPties><Dbtr><Nm>OLUWAYEMISI OMOTAYO</Nm></Dbtr><DbtrAcct><Id><PrtryAcct><Id>09013154639087</Id></PrtryAcct></Id></DbtrAcct><Cdtr><Nm>olabanji bamidur</Nm></Cdtr><CdtrAcct><Id><PrtryAcct><Id>23008200095126</Id></PrtryAcct></Id></CdtrAcct><Prtry><Tp>Arro</Tp><Pty/></Prtry></RltdPties><RmtInf><Strd><AddtlRmtInf>NO REF</AddtlRmtInf></Strd><Strd><AddtlRmtInf>OLUWAYEMISI OMOTAY//Arro</AddtlRmtInf></Strd></RmtInf><RltdDts><TxDtTm>2018-09-26T22:25:48</TxDtTm></RltdDts><AddtlTxInf>00152053632BPNKNVP1020180926826090131</AddtlTxInf></TxDtls><AddtlNtryInf>COMPLETE//0000//003//CREDIT</AddtlNtryInf></Ntry></Ntfctn></BkToCstmrDbtCdtNtfctnV01></Document>