<?xml version="1.0" encoding="UTF-8"?><Document xmlns:xsi="http://www.w3.org/2001/XMLSchema-instance" xmlns="urn:iso:std:iso:20022:tech:xsd:camt.054.001.01"><BkToCstmrDbtCdtNtfctnV01><GrpHdr><MsgId>80309K//13192</MsgId><CreDtTm>2018-09-22T16:30:00</CreDtTm></GrpHdr><Ntfctn><Id>80309K//13192//1</Id><CreDtTm>2018-09-22T16:30:00</CreDtTm><Acct><Id><PrtryAcct><Id>20594233939774</Id></PrtryAcct></Id><Ccy>GBP</Ccy></Acct><TxsSummry><TtlNtries><NbOfNtries>4</NbOfNtries><Sum>330.97</Sum></TtlNtries><TtlCdtNtries><NbOfNtries>4</NbOfNtries><Sum>330.97</Sum></TtlCdtNtries><TtlDbtNtries><NbOfNtries>0</NbOfNtries><Sum>0.00</Sum></TtlDbtNtries></TxsSummry><Ntry><Amt Ccy="GBP">25.00</Amt><CdtDbtInd>CRDT</CdtDbtInd><Sts>BOOK</Sts><BookgDt><Dt>2018-09-24</Dt></BookgDt><BkTxCd><Prtry><Cd>SIP UKBA CR 40269</Cd></Prtry></BkTxCd><TxDtls><Refs><EndToEndId>THANKS WILL</EndToEndId><TxId>21160205274958000N</TxId><Prtry><Tp>STO REF</Tp><Ref>0000</Ref></Prtry></Refs><RltdPties><Dbtr><Nm>WATERS I</Nm></Dbtr><DbtrAcct><Id><PrtryAcct><Id>60230773174211</Id></PrtryAcct></Id></DbtrAcct><Cdtr><Nm>WILL ATKINSON</Nm></Cdtr><CdtrAcct><Id><PrtryAcct><Id>23008200433862</Id></PrtryAcct></Id></CdtrAcct><Prtry><Tp>THANKS WILL</Tp><Pty/></Prtry></RltdPties><RmtInf><Strd><AddtlRmtInf>WATERS I          THANKS WILL       VIA MOBILE - LVP</AddtlRmtInf></Strd><Strd><AddtlRmtInf>WATERS I//THANKS WILL</AddtlRmtInf></Strd></RmtInf><RltdDts><TxDtTm>2018-09-22T16:02:05</TxDtTm></RltdDts><AddtlTxInf>21160205274958000N1020180922826602307</AddtlTxInf></TxDtls><AddtlNtryInf>COMPLETE//0000//003//CREDIT</AddtlNtryInf></Ntry><Ntry><Amt Ccy="GBP">50.00</Amt><CdtDbtInd>CRDT</CdtDbtInd><Sts>BOOK</Sts><BookgDt><Dt>2018-09-24</Dt></BookgDt><BkTxCd><Prtry><Cd>SIP UKBA CR 40269</Cd></Prtry></BkTxCd><TxDtls><Refs><EndToEndId>NOREF</EndToEndId><TxId>600000000390682943</TxId></Refs><RltdPties><Dbtr><Nm>R Wilkinson</Nm></Dbtr><DbtrAcct><Id><PrtryAcct><Id>11009300816539</Id></PrtryAcct></Id></DbtrAcct><Cdtr><Nm>MRS R WILKINSON</Nm></Cdtr><CdtrAcct><Id><PrtryAcct><Id>23008200412774</Id></PrtryAcct></Id></CdtrAcct><Prtry><Tp>ME</Tp><Pty/></Prtry></RltdPties><RmtInf><Strd><AddtlRmtInf>NO REF</AddtlRmtInf></Strd><Strd><AddtlRmtInf>R Wilkinson//ME</AddtlRmtInf></Strd></RmtInf><RltdDts><TxDtTm>2018-09-22T16:03:33</TxDtTm></RltdDts><AddtlTxInf>6000000003906829431020180922826110093</AddtlTxInf></TxDtls><AddtlNtryInf>COMPLETE//0000//003//CREDIT</AddtlNtryInf></Ntry><Ntry><Amt Ccy="GBP">162.00</Amt><CdtDbtInd>CRDT</CdtDbtInd><Sts>BOOK</Sts><BookgDt><Dt>2018-09-24</Dt></BookgDt><BkTxCd><Prtry><Cd>SIP UKBA CR 40269</Cd></Prtry></BkTxCd><TxDtls><Refs><EndToEndId>00153425632BWDQMBW</EndToEndId><TxId>00153425632BWDQMBW</TxId></Refs><RltdPties><Dbtr><Nm>JADE HIGGINS</Nm></Dbtr><DbtrAcct><Id><PrtryAcct><Id>09012921822795</Id></PrtryAcct></Id></DbtrAcct><Cdtr><Nm>SHAUN HODKIN</Nm></Cdtr><CdtrAcct><Id><PrtryAcct><Id>23008200233821</Id></PrtryAcct></Id></CdtrAcct><Prtry><Tp>blackpool</Tp><Pty/></Prtry></RltdPties><RmtInf><Strd><AddtlRmtInf>NO REF</AddtlRmtInf></Strd><Strd><AddtlRmtInf>JADE HIGGINS//blackpool</AddtlRmtInf></Strd></RmtInf><RltdDts><TxDtTm>2018-09-22T16:21:26</TxDtTm></RltdDts><AddtlTxInf>00153425632BWDQMBW1020180922826090129</AddtlTxInf></TxDtls><AddtlNtryInf>COMPLETE//0000//003//CREDIT</AddtlNtryInf></Ntry><Ntry><Amt Ccy="GBP">93.97</Amt><CdtDbtInd>CRDT</CdtDbtInd><Sts>BOOK</Sts><BookgDt><Dt>2018-09-24</Dt></BookgDt><BkTxCd><Prtry><Cd>SIP UKBA CR 40269</Cd></Prtry></BkTxCd><TxDtls><Refs><EndToEndId>PPWD00000000APC8UM</EndToEndId><TxId>PPWD00000000APC8UM</TxId></Refs><RltdPties><Dbtr><Nm>PayPal</Nm><PstlAdr><AdrLine>2211 N 1st Street San Jose CA 95131</AdrLine><Ctry/></PstlAdr></Dbtr><DbtrAcct><Id><PrtryAcct><Id>23526278959595</Id></PrtryAcct></Id></DbtrAcct><Cdtr><Nm>mathew farnham</Nm><PstlAdr><AdrLine>507 coed y gores</AdrLine><Ctry/></PstlAdr></Cdtr><CdtrAcct><Id><PrtryAcct><Id>23008200042415</Id></PrtryAcct></Id></CdtrAcct><Prtry><Tp>PPWDL52BJ2ALACY9WG</Tp><Pty/></Prtry></RltdPties><RmtInf><Strd><RfrdDocInf><RfrdDocTp><Prtry>002</Prtry></RfrdDocTp></RfrdDocInf><AddtlRmtInf>NO REF</AddtlRmtInf></Strd><Strd><AddtlRmtInf>PayPal//PPWDL52BJ2ALACY9WG</AddtlRmtInf></Strd></RmtInf><RltdDts><TxDtTm>2018-09-22T16:24:16</TxDtTm></RltdDts><AddtlTxInf>PPWD00000000APC8UM1020180922826235262</AddtlTxInf></TxDtls><AddtlNtryInf>COMPLETE//0000//003//CREDIT</AddtlNtryInf></Ntry></Ntfctn></BkToCstmrDbtCdtNtfctnV01></Document>