<?xml version="1.0" encoding="UTF-8"?><Document xmlns:xsi="http://www.w3.org/2001/XMLSchema-instance" xmlns="urn:iso:std:iso:20022:tech:xsd:camt.054.001.01"><BkToCstmrDbtCdtNtfctnV01><GrpHdr><MsgId>80309K//12802</MsgId><CreDtTm>2018-09-13T16:00:00</CreDtTm></GrpHdr><Ntfctn><Id>80309K//12802//1</Id><CreDtTm>2018-09-13T16:00:00</CreDtTm><Acct><Id><PrtryAcct><Id>20594233939774</Id></PrtryAcct></Id><Ccy>GBP</Ccy></Acct><TxsSummry><TtlNtries><NbOfNtries>8</NbOfNtries><Sum>1594.98</Sum></TtlNtries><TtlCdtNtries><NbOfNtries>8</NbOfNtries><Sum>1594.98</Sum></TtlCdtNtries><TtlDbtNtries><NbOfNtries>0</NbOfNtries><Sum>0.00</Sum></TtlDbtNtries></TxsSummry><Ntry><Amt Ccy="GBP">480.00</Amt><CdtDbtInd>CRDT</CdtDbtInd><Sts>BOOK</Sts><BookgDt><Dt>2018-09-13</Dt></BookgDt><BkTxCd><Prtry><Cd>SIP UKBA CR 40269</Cd></Prtry></BkTxCd><TxDtls><Refs><EndToEndId>NOREF</EndToEndId><TxId>600000000388120212</TxId></Refs><RltdPties><Dbtr><Nm>S Zimuto</Nm></Dbtr><DbtrAcct><Id><PrtryAcct><Id>11083411211161</Id></PrtryAcct></Id></DbtrAcct><Cdtr><Nm>MIMI</Nm></Cdtr><CdtrAcct><Id><PrtryAcct><Id>23008200182550</Id></PrtryAcct></Id></CdtrAcct><Prtry><Tp>MONIES</Tp><Pty/></Prtry></RltdPties><RmtInf><Strd><AddtlRmtInf>NO REF</AddtlRmtInf></Strd><Strd><AddtlRmtInf>S Zimuto//MONIES</AddtlRmtInf></Strd></RmtInf><RltdDts><TxDtTm>2018-09-13T15:30:37</TxDtTm></RltdDts><AddtlTxInf>6000000003881202121020180913826110834</AddtlTxInf></TxDtls><AddtlNtryInf>COMPLETE//0000//002//CREDIT</AddtlNtryInf></Ntry><Ntry><Amt Ccy="GBP">462.00</Amt><CdtDbtInd>CRDT</CdtDbtInd><Sts>BOOK</Sts><BookgDt><Dt>2018-09-13</Dt></BookgDt><BkTxCd><Prtry><Cd>SIP UKBA CR 40269</Cd></Prtry></BkTxCd><TxDtls><Refs><EndToEndId>NOREF</EndToEndId><TxId>31153241144235000N</TxId><Prtry><Tp>STO REF</Tp><Ref>0000</Ref></Prtry></Refs><RltdPties><Dbtr><Nm>C.C.D RECRUITMENT LTD</Nm><PstlAdr><AdrLine>APS COTTONS CENTRE SE1 2QG</AdrLine><Ctry/></PstlAdr></Dbtr><DbtrAcct><Id><PrtryAcct><Id>08719984234903</Id></PrtryAcct></Id></DbtrAcct><Cdtr><Nm>VICTOR</Nm></Cdtr><CdtrAcct><Id><PrtryAcct><Id>23008200215124</Id></PrtryAcct></Id></CdtrAcct><Prtry><Tp>CCD RECRUITMENT</Tp><Pty/></Prtry></RltdPties><RmtInf><Strd><AddtlRmtInf>CCD RECRUITMENT</AddtlRmtInf></Strd><Strd><AddtlRmtInf>C.C.D RECRUITMENT //CCD RECRUITMENT</AddtlRmtInf></Strd></RmtInf><RltdDts><TxDtTm>2018-09-13T15:32:41</TxDtTm></RltdDts><AddtlTxInf>31153241144235000N1020180913826087199</AddtlTxInf></TxDtls><AddtlNtryInf>COMPLETE//0000//002//CREDIT</AddtlNtryInf></Ntry><Ntry><Amt Ccy="GBP">100.00</Amt><CdtDbtInd>CRDT</CdtDbtInd><Sts>BOOK</Sts><BookgDt><Dt>2018-09-13</Dt></BookgDt><BkTxCd><Prtry><Cd>SIP UKBA CR 40269</Cd></Prtry></BkTxCd><TxDtls><Refs><EndToEndId>NOREF</EndToEndId><TxId>52476904045155F5SW</TxId><Prtry><Tp>STO REF</Tp><Ref>0000</Ref></Prtry></Refs><RltdPties><Dbtr><Nm>SKRILL LIMITED</Nm><PstlAdr><AdrLine>LONDON</AdrLine><Ctry/></PstlAdr></Dbtr><DbtrAcct><Id><PrtryAcct><Id>40486563717002</Id></PrtryAcct></Id></DbtrAcct><Cdtr><Nm>JACK SAMUEL MARTIN</Nm></Cdtr><CdtrAcct><Id><PrtryAcct><Id>23008200385646</Id></PrtryAcct></Id></CdtrAcct><Prtry><Tp>TRN2485348581</Tp><Pty/></Prtry></RltdPties><RmtInf><Strd><AddtlRmtInf>NO REF</AddtlRmtInf></Strd><Strd><AddtlRmtInf>SKRILL LIMITED//TRN2485348581</AddtlRmtInf></Strd></RmtInf><RltdDts><TxDtTm>2018-09-13T15:41:07</TxDtTm></RltdDts><AddtlTxInf>52476904045155F5SW1020180913826400530</AddtlTxInf></TxDtls><AddtlNtryInf>COMPLETE//0000//002//CREDIT</AddtlNtryInf></Ntry><Ntry><Amt Ccy="GBP">236.49</Amt><CdtDbtInd>CRDT</CdtDbtInd><Sts>BOOK</Sts><BookgDt><Dt>2018-09-13</Dt></BookgDt><BkTxCd><Prtry><Cd>FDP UKBA CR 40269</Cd></Prtry></BkTxCd><TxDtls><Refs><EndToEndId>NOREF</EndToEndId><TxId>1920532174513216FU</TxId><Prtry><Tp>STO REF</Tp><Ref>0000</Ref></Prtry></Refs><RltdPties><Dbtr><PstlAdr><AdrLine>CGLS ACCOUNTANCY LIMITED;2ND FLOOR;</AdrLine><AdrLine>, PRINCESS MARY HOUSE;4 BLUECOATS;</AdrLine><AdrLine>AVENUE;HERTFORD, HERTS, SG14 1PB</AdrLine><Ctry/></PstlAdr></Dbtr><DbtrAcct><Id><PrtryAcct><Id>40231071852795</Id></PrtryAcct></Id></DbtrAcct><Cdtr><Nm>MS KIM EDWARDS</Nm><PstlAdr><AdrLine>27 UPPER ADARE STREET;PONTYCYMER;</AdrLine><AdrLine>CF32 8LP</AdrLine><Ctry/></PstlAdr></Cdtr><CdtrAcct><Id><PrtryAcct><Id>23008200334650</Id></PrtryAcct></Id></CdtrAcct><Prtry><Tp>SALARY</Tp><Pty/></Prtry></RltdPties><RmtInf><Strd><AddtlRmtInf>NO REF</AddtlRmtInf></Strd><Strd><AddtlRmtInf>402310 71852795//SALARY</AddtlRmtInf></Strd></RmtInf><RltdDts><TxDtTm>2018-09-13T15:47:13</TxDtTm></RltdDts><AddtlTxInf>1920532174513216FU4020180913826402310</AddtlTxInf></TxDtls><AddtlNtryInf>COMPLETE//0000//002//CREDIT</AddtlNtryInf></Ntry><Ntry><Amt Ccy="GBP">159.47</Amt><CdtDbtInd>CRDT</CdtDbtInd><Sts>BOOK</Sts><BookgDt><Dt>2018-09-13</Dt></BookgDt><BkTxCd><Prtry><Cd>SIP UKBA CR 40269</Cd></Prtry></BkTxCd><TxDtls><Refs><EndToEndId>NOREF</EndToEndId><TxId>RP4659984462022000</TxId></Refs><RltdPties><Dbtr><Nm>USEDCAR4LESS LTD</Nm></Dbtr><DbtrAcct><Id><PrtryAcct><Id>20184713818381</Id></PrtryAcct></Id></DbtrAcct><Cdtr><Nm>HILL SIDE GARAGE B</Nm></Cdtr><CdtrAcct><Id><PrtryAcct><Id>23008200043324</Id></PrtryAcct></Id></CdtrAcct><Prtry><Tp>PY12DNV</Tp><Pty/></Prtry></RltdPties><RmtInf><Strd><AddtlRmtInf>NO REF</AddtlRmtInf></Strd><Strd><AddtlRmtInf>USEDCAR4LESS LTD//PY12DNV</AddtlRmtInf></Strd></RmtInf><RltdDts><TxDtTm>2018-09-13T15:47:59</TxDtTm></RltdDts><AddtlTxInf>RP46599844620220001020180913826200026</AddtlTxInf></TxDtls><AddtlNtryInf>COMPLETE//0000//002//CREDIT</AddtlNtryInf></Ntry><Ntry><Amt Ccy="GBP">21.00</Amt><CdtDbtInd>CRDT</CdtDbtInd><Sts>BOOK</Sts><BookgDt><Dt>2018-09-13</Dt></BookgDt><BkTxCd><Prtry><Cd>SIP UKBA CR 40269</Cd></Prtry></BkTxCd><TxDtls><Refs><EndToEndId>MALIKA</EndToEndId><TxId>57154808083336000N</TxId><Prtry><Tp>STO REF</Tp><Ref>0000</Ref></Prtry></Refs><RltdPties><Dbtr><Nm>ALI M</Nm></Dbtr><DbtrAcct><Id><PrtryAcct><Id>60212955630928</Id></PrtryAcct></Id></DbtrAcct><Cdtr><Nm>YASINE BAZINE</Nm></Cdtr><CdtrAcct><Id><PrtryAcct><Id>23008200159806</Id></PrtryAcct></Id></CdtrAcct><Prtry><Tp>MALIKA</Tp><Pty/></Prtry></RltdPties><RmtInf><Strd><AddtlRmtInf>ALI M             MALIKA            VIA MOBILE - PYMT</AddtlRmtInf></Strd><Strd><AddtlRmtInf>ALI M//MALIKA</AddtlRmtInf></Strd></RmtInf><RltdDts><TxDtTm>2018-09-13T15:48:08</TxDtTm></RltdDts><AddtlTxInf>57154808083336000N1020180913826602129</AddtlTxInf></TxDtls><AddtlNtryInf>COMPLETE//0000//002//CREDIT</AddtlNtryInf></Ntry><Ntry><Amt Ccy="GBP">126.02</Amt><CdtDbtInd>CRDT</CdtDbtInd><Sts>BOOK</Sts><BookgDt><Dt>2018-09-13</Dt></BookgDt><BkTxCd><Prtry><Cd>SIP UKBA CR 40269</Cd></Prtry></BkTxCd><TxDtls><Refs><EndToEndId>NOREF</EndToEndId><TxId>RP4659984462077500</TxId></Refs><RltdPties><Dbtr><Nm>USEDCAR4LESS LTD</Nm></Dbtr><DbtrAcct><Id><PrtryAcct><Id>20184713818381</Id></PrtryAcct></Id></DbtrAcct><Cdtr><Nm>HILL SIDE GARAGE B</Nm></Cdtr><CdtrAcct><Id><PrtryAcct><Id>23008200043324</Id></PrtryAcct></Id></CdtrAcct><Prtry><Tp>VW POLO</Tp><Pty/></Prtry></RltdPties><RmtInf><Strd><AddtlRmtInf>NO REF</AddtlRmtInf></Strd><Strd><AddtlRmtInf>USEDCAR4LESS LTD//VW POLO</AddtlRmtInf></Strd></RmtInf><RltdDts><TxDtTm>2018-09-13T15:48:48</TxDtTm></RltdDts><AddtlTxInf>RP46599844620775001020180913826200026</AddtlTxInf></TxDtls><AddtlNtryInf>COMPLETE//0000//002//CREDIT</AddtlNtryInf></Ntry><Ntry><Amt Ccy="GBP">10.00</Amt><CdtDbtInd>CRDT</CdtDbtInd><Sts>BOOK</Sts><BookgDt><Dt>2018-09-13</Dt></BookgDt><BkTxCd><Prtry><Cd>SIP UKBA CR 40269</Cd></Prtry></BkTxCd><TxDtls><Refs><EndToEndId>00151092632BBJJJRC</EndToEndId><TxId>00151092632BBJJJRC</TxId></Refs><RltdPties><Dbtr><Nm>HAZEL CORE</Nm></Dbtr><DbtrAcct><Id><PrtryAcct><Id>09012834385390</Id></PrtryAcct></Id></DbtrAcct><Cdtr><Nm>ARRO CARD</Nm></Cdtr><CdtrAcct><Id><PrtryAcct><Id>23008200014496</Id></PrtryAcct></Id></CdtrAcct><Prtry><Tp>phone bill</Tp><Pty/></Prtry></RltdPties><RmtInf><Strd><AddtlRmtInf>NO REF</AddtlRmtInf></Strd><Strd><AddtlRmtInf>HAZEL CORE//phone bill</AddtlRmtInf></Strd></RmtInf><RltdDts><TxDtTm>2018-09-13T15:55:42</TxDtTm></RltdDts><AddtlTxInf>00151092632BBJJJRC1020180913826090128</AddtlTxInf></TxDtls><AddtlNtryInf>COMPLETE//0000//002//CREDIT</AddtlNtryInf></Ntry></Ntfctn></BkToCstmrDbtCdtNtfctnV01></Document>