<?xml version="1.0" encoding="UTF-8"?><Document xmlns:xsi="http://www.w3.org/2001/XMLSchema-instance" xmlns="urn:iso:std:iso:20022:tech:xsd:camt.054.001.01"><BkToCstmrDbtCdtNtfctnV01><GrpHdr><MsgId>80309K//13487</MsgId><CreDtTm>2018-09-29T12:30:00</CreDtTm></GrpHdr><Ntfctn><Id>80309K//13487//1</Id><CreDtTm>2018-09-29T12:30:00</CreDtTm><Acct><Id><PrtryAcct><Id>20594233939774</Id></PrtryAcct></Id><Ccy>GBP</Ccy></Acct><TxsSummry><TtlNtries><NbOfNtries>7</NbOfNtries><Sum>1609.62</Sum></TtlNtries><TtlCdtNtries><NbOfNtries>7</NbOfNtries><Sum>1609.62</Sum></TtlCdtNtries><TtlDbtNtries><NbOfNtries>0</NbOfNtries><Sum>0.00</Sum></TtlDbtNtries></TxsSummry><Ntry><Amt Ccy="GBP">250.00</Amt><CdtDbtInd>CRDT</CdtDbtInd><Sts>BOOK</Sts><BookgDt><Dt>2018-10-01</Dt></BookgDt><BkTxCd><Prtry><Cd>SIP UKBA CR 40269</Cd></Prtry></BkTxCd><TxDtls><Refs><EndToEndId>NOREF</EndToEndId><TxId>400000000398088088</TxId></Refs><RltdPties><Dbtr><Nm>D Joseph</Nm></Dbtr><DbtrAcct><Id><PrtryAcct><Id>11027000020343</Id></PrtryAcct></Id></DbtrAcct><Cdtr><Nm>CHRIS MACEY</Nm></Cdtr><CdtrAcct><Id><PrtryAcct><Id>23008200459566</Id></PrtryAcct></Id></CdtrAcct><Prtry><Tp>MACEY</Tp><Pty/></Prtry></RltdPties><RmtInf><Strd><AddtlRmtInf>NO REF</AddtlRmtInf></Strd><Strd><AddtlRmtInf>D Joseph//MACEY</AddtlRmtInf></Strd></RmtInf><RltdDts><TxDtTm>2018-09-29T12:03:47</TxDtTm></RltdDts><AddtlTxInf>4000000003980880881020180929826110270</AddtlTxInf></TxDtls><AddtlNtryInf>COMPLETE//0000//003//CREDIT</AddtlNtryInf></Ntry><Ntry><Amt Ccy="GBP">250.00</Amt><CdtDbtInd>CRDT</CdtDbtInd><Sts>BOOK</Sts><BookgDt><Dt>2018-10-01</Dt></BookgDt><BkTxCd><Prtry><Cd>SIP UKBA CR 40269</Cd></Prtry></BkTxCd><TxDtls><Refs><EndToEndId>NOREF</EndToEndId><TxId>400000000398088290</TxId></Refs><RltdPties><Dbtr><Nm>D Joseph</Nm></Dbtr><DbtrAcct><Id><PrtryAcct><Id>11027000020343</Id></PrtryAcct></Id></DbtrAcct><Cdtr><Nm>CHRIS MACEY</Nm></Cdtr><CdtrAcct><Id><PrtryAcct><Id>23008200459566</Id></PrtryAcct></Id></CdtrAcct><Prtry><Tp>MACEY</Tp><Pty/></Prtry></RltdPties><RmtInf><Strd><AddtlRmtInf>NO REF</AddtlRmtInf></Strd><Strd><AddtlRmtInf>D Joseph//MACEY</AddtlRmtInf></Strd></RmtInf><RltdDts><TxDtTm>2018-09-29T12:04:27</TxDtTm></RltdDts><AddtlTxInf>4000000003980882901020180929826110270</AddtlTxInf></TxDtls><AddtlNtryInf>COMPLETE//0000//003//CREDIT</AddtlNtryInf></Ntry><Ntry><Amt Ccy="GBP">8.00</Amt><CdtDbtInd>CRDT</CdtDbtInd><Sts>BOOK</Sts><BookgDt><Dt>2018-10-01</Dt></BookgDt><BkTxCd><Prtry><Cd>DCA UKBA CR 40269</Cd></Prtry></BkTxCd><TxDtls><Refs><EndToEndId>NOREF</EndToEndId><TxId>000000013707652601</TxId><Prtry><Tp>STO REF</Tp><Ref>0000</Ref></Prtry></Refs><RltdPties><Dbtr><Nm>23327202951858</Nm></Dbtr><DbtrAcct><Id><PrtryAcct><Id>20594263428524</Id></PrtryAcct></Id></DbtrAcct><Cdtr><Nm>MONIKA MULLER</Nm></Cdtr><CdtrAcct><Id><PrtryAcct><Id>23008200465768</Id></PrtryAcct></Id></CdtrAcct><Prtry><Tp>GIFT</Tp><Pty/></Prtry></RltdPties><RmtInf><Strd><AddtlRmtInf>NO REF</AddtlRmtInf></Strd><Strd><AddtlRmtInf>23327202951858//GIFT</AddtlRmtInf></Strd></RmtInf><RltdDts><TxDtTm>2018-09-29T12:12:22</TxDtTm></RltdDts><AddtlTxInf>0000000137076526015020180929826205942</AddtlTxInf></TxDtls><AddtlNtryInf>COMPLETE//0000//003//CREDIT</AddtlNtryInf></Ntry><Ntry><Amt Ccy="GBP">8.50</Amt><CdtDbtInd>CRDT</CdtDbtInd><Sts>BOOK</Sts><BookgDt><Dt>2018-10-01</Dt></BookgDt><BkTxCd><Prtry><Cd>DCA UKBA CR 40269</Cd></Prtry></BkTxCd><TxDtls><Refs><EndToEndId>NOREF</EndToEndId><TxId>000000013707650001</TxId><Prtry><Tp>STO REF</Tp><Ref>0000</Ref></Prtry></Refs><RltdPties><Dbtr><Nm>23327200301938</Nm></Dbtr><DbtrAcct><Id><PrtryAcct><Id>20594263428524</Id></PrtryAcct></Id></DbtrAcct><Cdtr><Nm>PAUL CARTER</Nm></Cdtr><CdtrAcct><Id><PrtryAcct><Id>23008200060519</Id></PrtryAcct></Id></CdtrAcct><Prtry><Tp>HOLIDAY</Tp><Pty/></Prtry></RltdPties><RmtInf><Strd><AddtlRmtInf>NO REF</AddtlRmtInf></Strd><Strd><AddtlRmtInf>23327200301938//HOLIDAY</AddtlRmtInf></Strd></RmtInf><RltdDts><TxDtTm>2018-09-29T12:12:22</TxDtTm></RltdDts><AddtlTxInf>0000000137076500015020180929826205942</AddtlTxInf></TxDtls><AddtlNtryInf>COMPLETE//0000//003//CREDIT</AddtlNtryInf></Ntry><Ntry><Amt Ccy="GBP">47.00</Amt><CdtDbtInd>CRDT</CdtDbtInd><Sts>BOOK</Sts><BookgDt><Dt>2018-10-01</Dt></BookgDt><BkTxCd><Prtry><Cd>SIP UKBA CR 40269</Cd></Prtry></BkTxCd><TxDtls><Refs><EndToEndId>NOREF</EndToEndId><TxId>570919616121929001</TxId><Prtry><Tp>STO REF</Tp><Ref>0000</Ref></Prtry></Refs><RltdPties><Dbtr><Nm>OPRIS</Nm></Dbtr><DbtrAcct><Id><PrtryAcct><Id>40160854355199</Id></PrtryAcct></Id></DbtrAcct><Cdtr><Nm>VALLCARE</Nm></Cdtr><CdtrAcct><Id><PrtryAcct><Id>23008200037344</Id></PrtryAcct></Id></CdtrAcct><Prtry><Tp>Rent</Tp><Pty/></Prtry></RltdPties><RmtInf><Strd><AddtlRmtInf>NO REF</AddtlRmtInf></Strd><Strd><AddtlRmtInf>OPRIS//Rent</AddtlRmtInf></Strd></RmtInf><RltdDts><TxDtTm>2018-09-29T12:16:17</TxDtTm></RltdDts><AddtlTxInf>5709196161219290011020180929826401608</AddtlTxInf></TxDtls><AddtlNtryInf>COMPLETE//0000//003//CREDIT</AddtlNtryInf></Ntry><Ntry><Amt Ccy="GBP">392.12</Amt><CdtDbtInd>CRDT</CdtDbtInd><Sts>BOOK</Sts><BookgDt><Dt>2018-10-01</Dt></BookgDt><BkTxCd><Prtry><Cd>SIP UKBA CR 40269</Cd></Prtry></BkTxCd><TxDtls><Refs><EndToEndId>PPWD00000000AR1YP2</EndToEndId><TxId>PPWD00000000AR1YP2</TxId></Refs><RltdPties><Dbtr><Nm>PayPal</Nm><PstlAdr><AdrLine>2211 N 1st Street San Jose CA 95131</AdrLine><Ctry/></PstlAdr></Dbtr><DbtrAcct><Id><PrtryAcct><Id>23526278959595</Id></PrtryAcct></Id></DbtrAcct><Cdtr><Nm>Paul Cutler</Nm><PstlAdr><AdrLine>88 Teignmouth Road</AdrLine><Ctry/></PstlAdr></Cdtr><CdtrAcct><Id><PrtryAcct><Id>23008200465980</Id></PrtryAcct></Id></CdtrAcct><Prtry><Tp>PPWDL42A22ALG95BSG</Tp><Pty/></Prtry></RltdPties><RmtInf><Strd><RfrdDocInf><RfrdDocTp><Prtry>002</Prtry></RfrdDocTp></RfrdDocInf><AddtlRmtInf>NO REF</AddtlRmtInf></Strd><Strd><AddtlRmtInf>PayPal//PPWDL42A22ALG95BSG</AddtlRmtInf></Strd></RmtInf><RltdDts><TxDtTm>2018-09-29T12:16:30</TxDtTm></RltdDts><AddtlTxInf>PPWD00000000AR1YP21020180929826235262</AddtlTxInf></TxDtls><AddtlNtryInf>COMPLETE//0000//003//CREDIT</AddtlNtryInf></Ntry><Ntry><Amt Ccy="GBP">654.00</Amt><CdtDbtInd>CRDT</CdtDbtInd><Sts>BOOK</Sts><BookgDt><Dt>2018-10-01</Dt></BookgDt><BkTxCd><Prtry><Cd>SIP UKBA CR 40269</Cd></Prtry></BkTxCd><TxDtls><Refs><EndToEndId>NOREF</EndToEndId><TxId>RP4679962615524800</TxId></Refs><RltdPties><Dbtr><Nm>GWANGWAZO Z I M</Nm></Dbtr><DbtrAcct><Id><PrtryAcct><Id>20442243987450</Id></PrtryAcct></Id></DbtrAcct><Cdtr><Nm>RELIABLE SHOP LTD</Nm></Cdtr><CdtrAcct><Id><PrtryAcct><Id>23008200035589</Id></PrtryAcct></Id></CdtrAcct><Prtry><Tp>ZAINAB</Tp><Pty/></Prtry></RltdPties><RmtInf><Strd><AddtlRmtInf>NO REF</AddtlRmtInf></Strd><Strd><AddtlRmtInf>GWANGWAZO Z I M//ZAINAB</AddtlRmtInf></Strd></RmtInf><RltdDts><TxDtTm>2018-09-29T12:21:43</TxDtTm></RltdDts><AddtlTxInf>RP46799626155248001020180929826200026</AddtlTxInf></TxDtls><AddtlNtryInf>COMPLETE//0000//003//CREDIT</AddtlNtryInf></Ntry></Ntfctn></BkToCstmrDbtCdtNtfctnV01></Document>