<?xml version="1.0" encoding="UTF-8"?><Document xmlns:xsi="http://www.w3.org/2001/XMLSchema-instance" xmlns="urn:iso:std:iso:20022:tech:xsd:camt.054.001.01"><BkToCstmrDbtCdtNtfctnV01><GrpHdr><MsgId>80309K//12536</MsgId><CreDtTm>2018-09-07T08:30:00</CreDtTm></GrpHdr><Ntfctn><Id>80309K//12536//1</Id><CreDtTm>2018-09-07T08:30:00</CreDtTm><Acct><Id><PrtryAcct><Id>20594233939774</Id></PrtryAcct></Id><Ccy>GBP</Ccy></Acct><TxsSummry><TtlNtries><NbOfNtries>11</NbOfNtries><Sum>2698.16</Sum></TtlNtries><TtlCdtNtries><NbOfNtries>11</NbOfNtries><Sum>2698.16</Sum></TtlCdtNtries><TtlDbtNtries><NbOfNtries>0</NbOfNtries><Sum>0.00</Sum></TtlDbtNtries></TxsSummry><Ntry><Amt Ccy="GBP">150.00</Amt><CdtDbtInd>CRDT</CdtDbtInd><Sts>BOOK</Sts><BookgDt><Dt>2018-09-07</Dt></BookgDt><BkTxCd><Prtry><Cd>SIP UKBA CR 40269</Cd></Prtry></BkTxCd><TxDtls><Refs><EndToEndId>STEVE</EndToEndId><TxId>63080741185096000N</TxId><Prtry><Tp>STO REF</Tp><Ref>0000</Ref></Prtry></Refs><RltdPties><Dbtr><Nm>OULTON SR</Nm></Dbtr><DbtrAcct><Id><PrtryAcct><Id>55811686072625</Id></PrtryAcct></Id></DbtrAcct><Cdtr><Nm>JORDAN WINTER</Nm></Cdtr><CdtrAcct><Id><PrtryAcct><Id>23008200011907</Id></PrtryAcct></Id></CdtrAcct><Prtry><Tp>STEVE</Tp><Pty/></Prtry></RltdPties><RmtInf><Strd><AddtlRmtInf>OULTON SR         STEVE             VIA MOBILE - LVP</AddtlRmtInf></Strd><Strd><AddtlRmtInf>OULTON SR//STEVE</AddtlRmtInf></Strd></RmtInf><RltdDts><TxDtTm>2018-09-07T08:07:41</TxDtTm></RltdDts><AddtlTxInf>63080741185096000N1020180907826558116</AddtlTxInf></TxDtls><AddtlNtryInf>COMPLETE//0000//001//CREDIT</AddtlNtryInf></Ntry><Ntry><Amt Ccy="GBP">40.00</Amt><CdtDbtInd>CRDT</CdtDbtInd><Sts>BOOK</Sts><BookgDt><Dt>2018-09-07</Dt></BookgDt><BkTxCd><Prtry><Cd>SIP UKBA CR 40269</Cd></Prtry></BkTxCd><TxDtls><Refs><EndToEndId>NOREF</EndToEndId><TxId>143020710180709001</TxId><Prtry><Tp>STO REF</Tp><Ref>0000</Ref></Prtry></Refs><RltdPties><Dbtr><Nm>PHIPPS C J</Nm></Dbtr><DbtrAcct><Id><PrtryAcct><Id>40280831323423</Id></PrtryAcct></Id></DbtrAcct><Cdtr><Nm>DAGMARA DOBIJA</Nm></Cdtr><CdtrAcct><Id><PrtryAcct><Id>23008200085166</Id></PrtryAcct></Id></CdtrAcct><Prtry><Tp>FROM CHRIS</Tp><Pty/></Prtry></RltdPties><RmtInf><Strd><AddtlRmtInf>NO REF</AddtlRmtInf></Strd><Strd><AddtlRmtInf>PHIPPS C J//FROM CHRIS</AddtlRmtInf></Strd></RmtInf><RltdDts><TxDtTm>2018-09-07T08:10:17</TxDtTm></RltdDts><AddtlTxInf>1430207101807090011020180907826402808</AddtlTxInf></TxDtls><AddtlNtryInf>COMPLETE//0000//001//CREDIT</AddtlNtryInf></Ntry><Ntry><Amt Ccy="GBP">600.00</Amt><CdtDbtInd>CRDT</CdtDbtInd><Sts>BOOK</Sts><BookgDt><Dt>2018-09-07</Dt></BookgDt><BkTxCd><Prtry><Cd>SIP UKBA CR 40269</Cd></Prtry></BkTxCd><TxDtls><Refs><EndToEndId>ME</EndToEndId><TxId>46081123128816000R</TxId><Prtry><Tp>STO REF</Tp><Ref>0000</Ref></Prtry></Refs><RltdPties><Dbtr><Nm>COX TAC</Nm></Dbtr><DbtrAcct><Id><PrtryAcct><Id>16191510135075</Id></PrtryAcct></Id></DbtrAcct><Cdtr><Nm>TOBY</Nm></Cdtr><CdtrAcct><Id><PrtryAcct><Id>23008200018476</Id></PrtryAcct></Id></CdtrAcct><Prtry><Tp>ME</Tp><Pty/></Prtry></RltdPties><RmtInf><Strd><AddtlRmtInf>COX TAC           ME                VIA MOBILE - PYMT</AddtlRmtInf></Strd><Strd><AddtlRmtInf>COX TAC//ME</AddtlRmtInf></Strd></RmtInf><RltdDts><TxDtTm>2018-09-07T08:11:23</TxDtTm></RltdDts><AddtlTxInf>46081123128816000R1020180907826161915</AddtlTxInf></TxDtls><AddtlNtryInf>COMPLETE//0000//001//CREDIT</AddtlNtryInf></Ntry><Ntry><Amt Ccy="GBP">120.00</Amt><CdtDbtInd>CRDT</CdtDbtInd><Sts>BOOK</Sts><BookgDt><Dt>2018-09-07</Dt></BookgDt><BkTxCd><Prtry><Cd>FDP UKBA CR 40269</Cd></Prtry></BkTxCd><TxDtls><Refs><EndToEndId>NOREF</EndToEndId><TxId>582744740512609001</TxId><Prtry><Tp>STO REF</Tp><Ref>0000</Ref></Prtry></Refs><RltdPties><Dbtr><Nm>BRAVI C</Nm></Dbtr><DbtrAcct><Id><PrtryAcct><Id>40100060458775</Id></PrtryAcct></Id></DbtrAcct><Cdtr><Nm>Dominika Augusty</Nm></Cdtr><CdtrAcct><Id><PrtryAcct><Id>23008200432953</Id></PrtryAcct></Id></CdtrAcct><Prtry><Tp>tickets</Tp><Pty/></Prtry></RltdPties><RmtInf><Strd><AddtlRmtInf>NO REF</AddtlRmtInf></Strd><Strd><AddtlRmtInf>BRAVI C//tickets</AddtlRmtInf></Strd></RmtInf><RltdDts><TxDtTm>2018-09-07T08:17:44</TxDtTm></RltdDts><AddtlTxInf>5827447405126090014020180907826401000</AddtlTxInf></TxDtls><AddtlNtryInf>COMPLETE//0000//001//CREDIT</AddtlNtryInf></Ntry><Ntry><Amt Ccy="GBP">314.16</Amt><CdtDbtInd>CRDT</CdtDbtInd><Sts>BOOK</Sts><BookgDt><Dt>2018-09-07</Dt></BookgDt><BkTxCd><Prtry><Cd>FDP UKBA CR 40269</Cd></Prtry></BkTxCd><TxDtls><Refs><EndToEndId>NOREF</EndToEndId><TxId>675375004122609001</TxId><Prtry><Tp>STO REF</Tp><Ref>0000</Ref></Prtry></Refs><RltdPties><Dbtr><Nm>ELANFOREST</Nm></Dbtr><DbtrAcct><Id><PrtryAcct><Id>40250232642689</Id></PrtryAcct></Id></DbtrAcct><Cdtr><Nm>GABRIELLE I ALLEN</Nm></Cdtr><CdtrAcct><Id><PrtryAcct><Id>23008200193202</Id></PrtryAcct></Id></CdtrAcct><Prtry><Tp>AUG WAGES</Tp><Pty/></Prtry></RltdPties><RmtInf><Strd><AddtlRmtInf>NO REF</AddtlRmtInf></Strd><Strd><AddtlRmtInf>ELANFOREST//AUG WAGES</AddtlRmtInf></Strd></RmtInf><RltdDts><TxDtTm>2018-09-07T08:18:36</TxDtTm></RltdDts><AddtlTxInf>6753750041226090014020180907826402502</AddtlTxInf></TxDtls><AddtlNtryInf>COMPLETE//0000//001//CREDIT</AddtlNtryInf></Ntry><Ntry><Amt Ccy="GBP">3.00</Amt><CdtDbtInd>CRDT</CdtDbtInd><Sts>BOOK</Sts><BookgDt><Dt>2018-09-07</Dt></BookgDt><BkTxCd><Prtry><Cd>DCA UKBA CR 40269</Cd></Prtry></BkTxCd><TxDtls><Refs><EndToEndId>NOREF</EndToEndId><TxId>000000013499464901</TxId><Prtry><Tp>STO REF</Tp><Ref>1009</Ref></Prtry></Refs><RltdPties><Dbtr><Nm>KHADIATOU CISSE</Nm></Dbtr><DbtrAcct><Id><PrtryAcct><Id>20035373152596</Id></PrtryAcct></Id></DbtrAcct><Cdtr><Nm>KHADIATOU CISSE</Nm></Cdtr><CdtrAcct><Id><PrtryAcct><Id>23008200382879</Id></PrtryAcct></Id></CdtrAcct><Prtry><Tp>KHADIATOU CISSE</Tp><Pty/></Prtry></RltdPties><RmtInf><Strd><AddtlRmtInf>NO REF</AddtlRmtInf></Strd><Strd><AddtlRmtInf>KHADIATOU CISSE//KHADIATOU CISSE</AddtlRmtInf></Strd></RmtInf><RltdDts><TxDtTm>2018-09-07T08:22:00</TxDtTm></RltdDts><AddtlTxInf>0000000134994649015020180907826200353</AddtlTxInf></TxDtls><AddtlNtryInf>COMPLETE//0000//001//CREDIT</AddtlNtryInf></Ntry><Ntry><Amt Ccy="GBP">78.00</Amt><CdtDbtInd>CRDT</CdtDbtInd><Sts>BOOK</Sts><BookgDt><Dt>2018-09-07</Dt></BookgDt><BkTxCd><Prtry><Cd>SIP UKBA CR 40269</Cd></Prtry></BkTxCd><TxDtls><Refs><EndToEndId>NOREF</EndToEndId><TxId>RP4679960815433900</TxId></Refs><RltdPties><Dbtr><Nm>BURGOS AGUIRRE B</Nm></Dbtr><DbtrAcct><Id><PrtryAcct><Id>20466073708470</Id></PrtryAcct></Id></DbtrAcct><Cdtr><Nm>ARRO MONEY</Nm></Cdtr><CdtrAcct><Id><PrtryAcct><Id>23008200073383</Id></PrtryAcct></Id></CdtrAcct><Prtry><Tp>SAVINGS</Tp><Pty/></Prtry></RltdPties><RmtInf><Strd><AddtlRmtInf>NO REF</AddtlRmtInf></Strd><Strd><AddtlRmtInf>BURGOS AGUIRRE B//SAVINGS</AddtlRmtInf></Strd></RmtInf><RltdDts><TxDtTm>2018-09-07T08:23:35</TxDtTm></RltdDts><AddtlTxInf>RP46799608154339001020180907826200026</AddtlTxInf></TxDtls><AddtlNtryInf>COMPLETE//0000//001//CREDIT</AddtlNtryInf></Ntry><Ntry><Amt Ccy="GBP">10.00</Amt><CdtDbtInd>CRDT</CdtDbtInd><Sts>BOOK</Sts><BookgDt><Dt>2018-09-07</Dt></BookgDt><BkTxCd><Prtry><Cd>SIP UKBA CR 40269</Cd></Prtry></BkTxCd><TxDtls><Refs><EndToEndId>NOREF</EndToEndId><TxId>15082350759504000N</TxId><Prtry><Tp>STO REF</Tp><Ref>0000</Ref></Prtry></Refs><RltdPties><Dbtr><Nm>YANQUN TANG</Nm><PstlAdr><AdrLine>APS COTTONS CENTRE SE1 2QG</AdrLine><Ctry/></PstlAdr></Dbtr><DbtrAcct><Id><PrtryAcct><Id>08719902753505</Id></PrtryAcct></Id></DbtrAcct><Cdtr><Nm>MR HONGBIN YANG</Nm></Cdtr><CdtrAcct><Id><PrtryAcct><Id>23008200191947</Id></PrtryAcct></Id></CdtrAcct><Prtry><Tp>YANG</Tp><Pty/></Prtry></RltdPties><RmtInf><Strd><AddtlRmtInf>YANG</AddtlRmtInf></Strd><Strd><AddtlRmtInf>YANQUN TANG//YANG</AddtlRmtInf></Strd></RmtInf><RltdDts><TxDtTm>2018-09-07T08:23:51</TxDtTm></RltdDts><AddtlTxInf>15082350759504000N1020180907826087199</AddtlTxInf></TxDtls><AddtlNtryInf>COMPLETE//0000//001//CREDIT</AddtlNtryInf></Ntry><Ntry><Amt Ccy="GBP">636.00</Amt><CdtDbtInd>CRDT</CdtDbtInd><Sts>BOOK</Sts><BookgDt><Dt>2018-09-07</Dt></BookgDt><BkTxCd><Prtry><Cd>FDP UKBA CR 40269</Cd></Prtry></BkTxCd><TxDtls><Refs><EndToEndId>NOREF</EndToEndId><TxId>700119604371609001</TxId><Prtry><Tp>STO REF</Tp><Ref>0000</Ref></Prtry></Refs><RltdPties><Dbtr><Nm>S&amp;U CARE LIM</Nm></Dbtr><DbtrAcct><Id><PrtryAcct><Id>40403521590057</Id></PrtryAcct></Id></DbtrAcct><Cdtr><Nm>CORINA V ZED</Nm></Cdtr><CdtrAcct><Id><PrtryAcct><Id>23008200037344</Id></PrtryAcct></Id></CdtrAcct><Prtry><Tp>CAREUK247</Tp><Pty/></Prtry></RltdPties><RmtInf><Strd><AddtlRmtInf>NO REF</AddtlRmtInf></Strd><Strd><AddtlRmtInf>S&amp;U CARE LIM//CAREUK247</AddtlRmtInf></Strd></RmtInf><RltdDts><TxDtTm>2018-09-07T08:28:29</TxDtTm></RltdDts><AddtlTxInf>7001196043716090014020180907826404035</AddtlTxInf></TxDtls><AddtlNtryInf>COMPLETE//0000//001//CREDIT</AddtlNtryInf></Ntry><Ntry><Amt Ccy="GBP">696.00</Amt><CdtDbtInd>CRDT</CdtDbtInd><Sts>BOOK</Sts><BookgDt><Dt>2018-09-07</Dt></BookgDt><BkTxCd><Prtry><Cd>FDP UKBA CR 40269</Cd></Prtry></BkTxCd><TxDtls><Refs><EndToEndId>NOREF</EndToEndId><TxId>525533724271609001</TxId><Prtry><Tp>STO REF</Tp><Ref>0000</Ref></Prtry></Refs><RltdPties><Dbtr><Nm>S&amp;U CARE LIM</Nm></Dbtr><DbtrAcct><Id><PrtryAcct><Id>40403521590057</Id></PrtryAcct></Id></DbtrAcct><Cdtr><Nm>DORU POPESCU</Nm></Cdtr><CdtrAcct><Id><PrtryAcct><Id>23008200037529</Id></PrtryAcct></Id></CdtrAcct><Prtry><Tp>CAREUK247</Tp><Pty/></Prtry></RltdPties><RmtInf><Strd><AddtlRmtInf>NO REF</AddtlRmtInf></Strd><Strd><AddtlRmtInf>S&amp;U CARE LIM//CAREUK247</AddtlRmtInf></Strd></RmtInf><RltdDts><TxDtTm>2018-09-07T08:28:29</TxDtTm></RltdDts><AddtlTxInf>5255337242716090014020180907826404035</AddtlTxInf></TxDtls><AddtlNtryInf>COMPLETE//0000//001//CREDIT</AddtlNtryInf></Ntry><Ntry><Amt Ccy="GBP">51.00</Amt><CdtDbtInd>CRDT</CdtDbtInd><Sts>BOOK</Sts><BookgDt><Dt>2018-09-07</Dt></BookgDt><BkTxCd><Prtry><Cd>SIP UKBA CR 40269</Cd></Prtry></BkTxCd><TxDtls><Refs><EndToEndId>00150075632BHGQZVD</EndToEndId><TxId>00150075632BHGQZVD</TxId></Refs><RltdPties><Dbtr><Nm>BRIDGET ADAMS</Nm></Dbtr><DbtrAcct><Id><PrtryAcct><Id>09012772634624</Id></PrtryAcct></Id></DbtrAcct><Cdtr><Nm>RICHARD LLOYD</Nm></Cdtr><CdtrAcct><Id><PrtryAcct><Id>23008200161023</Id></PrtryAcct></Id></CdtrAcct><Prtry><Tp>RICHARD</Tp><Pty/></Prtry></RltdPties><RmtInf><Strd><AddtlRmtInf>NO REF</AddtlRmtInf></Strd><Strd><AddtlRmtInf>BRIDGET ADAMS//RICHARD</AddtlRmtInf></Strd></RmtInf><RltdDts><TxDtTm>2018-09-07T08:29:24</TxDtTm></RltdDts><AddtlTxInf>00150075632BHGQZVD1020180907826090127</AddtlTxInf></TxDtls><AddtlNtryInf>COMPLETE//0000//001//CREDIT</AddtlNtryInf></Ntry></Ntfctn></BkToCstmrDbtCdtNtfctnV01></Document>