<?xml version="1.0" encoding="UTF-8"?><Document xmlns:xsi="http://www.w3.org/2001/XMLSchema-instance" xmlns="urn:iso:std:iso:20022:tech:xsd:camt.054.001.01"><BkToCstmrDbtCdtNtfctnV01><GrpHdr><MsgId>80309K//12846</MsgId><CreDtTm>2018-09-14T14:30:00</CreDtTm></GrpHdr><Ntfctn><Id>80309K//12846//1</Id><CreDtTm>2018-09-14T14:30:00</CreDtTm><Acct><Id><PrtryAcct><Id>20594233939774</Id></PrtryAcct></Id><Ccy>GBP</Ccy></Acct><TxsSummry><TtlNtries><NbOfNtries>19</NbOfNtries><Sum>4122.86</Sum></TtlNtries><TtlCdtNtries><NbOfNtries>19</NbOfNtries><Sum>4122.86</Sum></TtlCdtNtries><TtlDbtNtries><NbOfNtries>0</NbOfNtries><Sum>0.00</Sum></TtlDbtNtries></TxsSummry><Ntry><Amt Ccy="GBP">5.00</Amt><CdtDbtInd>CRDT</CdtDbtInd><Sts>BOOK</Sts><BookgDt><Dt>2018-09-14</Dt></BookgDt><BkTxCd><Prtry><Cd>SIP UKBA CR 40269</Cd></Prtry></BkTxCd><TxDtls><Refs><EndToEndId>owen smith</EndToEndId><TxId>TW0000000040024062</TxId></Refs><RltdPties><Dbtr><Nm>Owen Andrew Smith TW</Nm></Dbtr><DbtrAcct><Id><PrtryAcct><Id>23147070128403</Id></PrtryAcct></Id></DbtrAcct><Cdtr><Nm>Owen A Smith</Nm></Cdtr><CdtrAcct><Id><PrtryAcct><Id>23008200423386</Id></PrtryAcct></Id></CdtrAcct><Prtry><Tp>owen smith</Tp><Pty/></Prtry></RltdPties><RmtInf><Strd><AddtlRmtInf>NO REF</AddtlRmtInf></Strd><Strd><AddtlRmtInf>Owen Andrew Smith //owen smith</AddtlRmtInf></Strd></RmtInf><RltdDts><TxDtTm>2018-09-14T14:00:05</TxDtTm></RltdDts><AddtlTxInf>TW00000000400240621020180914826231470</AddtlTxInf></TxDtls><AddtlNtryInf>COMPLETE//0000//002//CREDIT</AddtlNtryInf></Ntry><Ntry><Amt Ccy="GBP">225.00</Amt><CdtDbtInd>CRDT</CdtDbtInd><Sts>BOOK</Sts><BookgDt><Dt>2018-09-14</Dt></BookgDt><BkTxCd><Prtry><Cd>SIP UKBA CR 40269</Cd></Prtry></BkTxCd><TxDtls><Refs><EndToEndId>NOREF</EndToEndId><TxId>FP18257O19460628</TxId></Refs><RltdPties><Dbtr><Nm>Anyichie Andrew</Nm></Dbtr><DbtrAcct><Id><PrtryAcct><Id>07024632063783</Id></PrtryAcct></Id></DbtrAcct><Cdtr><Nm>OLAWALE BETIKU</Nm></Cdtr><CdtrAcct><Id><PrtryAcct><Id>23008200037283</Id></PrtryAcct></Id></CdtrAcct><Prtry><Tp>OMALIKO</Tp><Pty/></Prtry></RltdPties><RmtInf><Strd><AddtlRmtInf>NO REF</AddtlRmtInf></Strd><Strd><AddtlRmtInf>Anyichie Andrew//OMALIKO</AddtlRmtInf></Strd></RmtInf><RltdDts><TxDtTm>2018-09-14T14:01:02</TxDtTm></RltdDts><AddtlTxInf>FP18257O19460628  1020180914826070246</AddtlTxInf></TxDtls><AddtlNtryInf>COMPLETE//0000//002//CREDIT</AddtlNtryInf></Ntry><Ntry><Amt Ccy="GBP">15.00</Amt><CdtDbtInd>CRDT</CdtDbtInd><Sts>BOOK</Sts><BookgDt><Dt>2018-09-14</Dt></BookgDt><BkTxCd><Prtry><Cd>SIP UKBA CR 40269</Cd></Prtry></BkTxCd><TxDtls><Refs><EndToEndId>NOREF</EndToEndId><TxId>FP18257O19462133</TxId></Refs><RltdPties><Dbtr><Nm>Wharton Terrence</Nm></Dbtr><DbtrAcct><Id><PrtryAcct><Id>07445611405168</Id></PrtryAcct></Id></DbtrAcct><Cdtr><Nm>TW</Nm></Cdtr><CdtrAcct><Id><PrtryAcct><Id>23008200162397</Id></PrtryAcct></Id></CdtrAcct><Prtry><Tp>ME</Tp><Pty/></Prtry></RltdPties><RmtInf><Strd><AddtlRmtInf>NO REF</AddtlRmtInf></Strd><Strd><AddtlRmtInf>Wharton Terrence//ME</AddtlRmtInf></Strd></RmtInf><RltdDts><TxDtTm>2018-09-14T14:02:35</TxDtTm></RltdDts><AddtlTxInf>FP18257O19462133  1020180914826074456</AddtlTxInf></TxDtls><AddtlNtryInf>COMPLETE//0000//002//CREDIT</AddtlNtryInf></Ntry><Ntry><Amt Ccy="GBP">15.00</Amt><CdtDbtInd>CRDT</CdtDbtInd><Sts>BOOK</Sts><BookgDt><Dt>2018-09-14</Dt></BookgDt><BkTxCd><Prtry><Cd>SIP UKBA CR 40269</Cd></Prtry></BkTxCd><TxDtls><Refs><EndToEndId>NOREF</EndToEndId><TxId>FP18257O19462180</TxId></Refs><RltdPties><Dbtr><Nm>Taylor Kurtis</Nm></Dbtr><DbtrAcct><Id><PrtryAcct><Id>07024647496716</Id></PrtryAcct></Id></DbtrAcct><Cdtr><Nm>MISS SOPHIA OVERIL</Nm></Cdtr><CdtrAcct><Id><PrtryAcct><Id>23008200297681</Id></PrtryAcct></Id></CdtrAcct><Prtry><Tp>BRAD</Tp><Pty/></Prtry></RltdPties><RmtInf><Strd><AddtlRmtInf>NO REF</AddtlRmtInf></Strd><Strd><AddtlRmtInf>Taylor Kurtis//BRAD</AddtlRmtInf></Strd></RmtInf><RltdDts><TxDtTm>2018-09-14T14:02:37</TxDtTm></RltdDts><AddtlTxInf>FP18257O19462180  1020180914826070246</AddtlTxInf></TxDtls><AddtlNtryInf>COMPLETE//0000//002//CREDIT</AddtlNtryInf></Ntry><Ntry><Amt Ccy="GBP">42.90</Amt><CdtDbtInd>CRDT</CdtDbtInd><Sts>BOOK</Sts><BookgDt><Dt>2018-09-14</Dt></BookgDt><BkTxCd><Prtry><Cd>SIP UKBA CR 40269</Cd></Prtry></BkTxCd><TxDtls><Refs><EndToEndId>NOREF</EndToEndId><TxId>398294952041419001</TxId><Prtry><Tp>STO REF</Tp><Ref>0000</Ref></Prtry></Refs><RltdPties><Dbtr><Nm>FROGBIKES LI</Nm></Dbtr><DbtrAcct><Id><PrtryAcct><Id>40203491460277</Id></PrtryAcct></Id></DbtrAcct><Cdtr><Nm>EXPRESS PROTOTYPE</Nm></Cdtr><CdtrAcct><Id><PrtryAcct><Id>23008200038732</Id></PrtryAcct></Id></CdtrAcct><Prtry><Tp>FROG BIKES</Tp><Pty/></Prtry></RltdPties><RmtInf><Strd><AddtlRmtInf>NO REF</AddtlRmtInf></Strd><Strd><AddtlRmtInf>FROGBIKES LI//FROG BIKES</AddtlRmtInf></Strd></RmtInf><RltdDts><TxDtTm>2018-09-14T14:02:59</TxDtTm></RltdDts><AddtlTxInf>3982949520414190011020180914826402034</AddtlTxInf></TxDtls><AddtlNtryInf>COMPLETE//0000//002//CREDIT</AddtlNtryInf></Ntry><Ntry><Amt Ccy="GBP">109.00</Amt><CdtDbtInd>CRDT</CdtDbtInd><Sts>BOOK</Sts><BookgDt><Dt>2018-09-14</Dt></BookgDt><BkTxCd><Prtry><Cd>SIP UKBA CR 40269</Cd></Prtry></BkTxCd><TxDtls><Refs><EndToEndId>NOREF</EndToEndId><TxId>500000000388759014</TxId></Refs><RltdPties><Dbtr><Nm>D Odoom</Nm></Dbtr><DbtrAcct><Id><PrtryAcct><Id>30949763943668</Id></PrtryAcct></Id></DbtrAcct><Cdtr><Nm>PLUGGY</Nm></Cdtr><CdtrAcct><Id><PrtryAcct><Id>23008200421902</Id></PrtryAcct></Id></CdtrAcct><Prtry><Tp>DIANA OPPONG</Tp><Pty/></Prtry></RltdPties><RmtInf><Strd><AddtlRmtInf>NO REF</AddtlRmtInf></Strd><Strd><AddtlRmtInf>D Odoom//DIANA OPPONG</AddtlRmtInf></Strd></RmtInf><RltdDts><TxDtTm>2018-09-14T14:09:14</TxDtTm></RltdDts><AddtlTxInf>5000000003887590141020180914826309497</AddtlTxInf></TxDtls><AddtlNtryInf>COMPLETE//0000//002//CREDIT</AddtlNtryInf></Ntry><Ntry><Amt Ccy="GBP">200.00</Amt><CdtDbtInd>CRDT</CdtDbtInd><Sts>BOOK</Sts><BookgDt><Dt>2018-09-14</Dt></BookgDt><BkTxCd><Prtry><Cd>SIP UKBA CR 40269</Cd></Prtry></BkTxCd><TxDtls><Refs><EndToEndId>PPWD00000000ANAMWU</EndToEndId><TxId>PPWD00000000ANAMWU</TxId></Refs><RltdPties><Dbtr><Nm>PayPal</Nm><PstlAdr><AdrLine>2211 N 1st Street San Jose CA 95131</AdrLine><Ctry/></PstlAdr></Dbtr><DbtrAcct><Id><PrtryAcct><Id>23526278959595</Id></PrtryAcct></Id></DbtrAcct><Cdtr><Nm>Richard Christopher McVitty</Nm><PstlAdr><AdrLine>20 Colburn Avenue</AdrLine><Ctry/></PstlAdr></Cdtr><CdtrAcct><Id><PrtryAcct><Id>23008200223901</Id></PrtryAcct></Id></CdtrAcct><Prtry><Tp>PPWDL4W7J2AL2LTXXG</Tp><Pty/></Prtry></RltdPties><RmtInf><Strd><RfrdDocInf><RfrdDocTp><Prtry>002</Prtry></RfrdDocTp></RfrdDocInf><AddtlRmtInf>NO REF</AddtlRmtInf></Strd><Strd><AddtlRmtInf>PayPal//PPWDL4W7J2AL2LTXXG</AddtlRmtInf></Strd></RmtInf><RltdDts><TxDtTm>2018-09-14T14:09:28</TxDtTm></RltdDts><AddtlTxInf>PPWD00000000ANAMWU1020180914826235262</AddtlTxInf></TxDtls><AddtlNtryInf>COMPLETE//0000//002//CREDIT</AddtlNtryInf></Ntry><Ntry><Amt Ccy="GBP">5.00</Amt><CdtDbtInd>CRDT</CdtDbtInd><Sts>BOOK</Sts><BookgDt><Dt>2018-09-14</Dt></BookgDt><BkTxCd><Prtry><Cd>SIP UKBA CR 40269</Cd></Prtry></BkTxCd><TxDtls><Refs><EndToEndId>NOREF</EndToEndId><TxId>RP4679961381783600</TxId></Refs><RltdPties><Dbtr><Nm>ADEBAYO O</Nm></Dbtr><DbtrAcct><Id><PrtryAcct><Id>20542593314898</Id></PrtryAcct></Id></DbtrAcct><Cdtr><Nm>D TAYLOR</Nm></Cdtr><CdtrAcct><Id><PrtryAcct><Id>23008200446012</Id></PrtryAcct></Id></CdtrAcct><Prtry><Tp>DAVID</Tp><Pty/></Prtry></RltdPties><RmtInf><Strd><AddtlRmtInf>NO REF</AddtlRmtInf></Strd><Strd><AddtlRmtInf>ADEBAYO O//DAVID</AddtlRmtInf></Strd></RmtInf><RltdDts><TxDtTm>2018-09-14T14:10:11</TxDtTm></RltdDts><AddtlTxInf>RP46799613817836001020180914826200026</AddtlTxInf></TxDtls><AddtlNtryInf>COMPLETE//0000//002//CREDIT</AddtlNtryInf></Ntry><Ntry><Amt Ccy="GBP">170.00</Amt><CdtDbtInd>CRDT</CdtDbtInd><Sts>BOOK</Sts><BookgDt><Dt>2018-09-14</Dt></BookgDt><BkTxCd><Prtry><Cd>DCA UKBA CR 40269</Cd></Prtry></BkTxCd><TxDtls><Refs><EndToEndId>NOREF</EndToEndId><TxId>000000013567915101</TxId><Prtry><Tp>STO REF</Tp><Ref>0000</Ref></Prtry></Refs><RltdPties><Dbtr><Nm>23327202580052</Nm></Dbtr><DbtrAcct><Id><PrtryAcct><Id>20594263428524</Id></PrtryAcct></Id></DbtrAcct><Cdtr><Nm>ARITA KRIEVA</Nm></Cdtr><CdtrAcct><Id><PrtryAcct><Id>23008200174257</Id></PrtryAcct></Id></CdtrAcct><Prtry><Tp>RENT</Tp><Pty/></Prtry></RltdPties><RmtInf><Strd><AddtlRmtInf>NO REF</AddtlRmtInf></Strd><Strd><AddtlRmtInf>23327202580052//RENT</AddtlRmtInf></Strd></RmtInf><RltdDts><TxDtTm>2018-09-14T14:16:46</TxDtTm></RltdDts><AddtlTxInf>0000000135679151015020180914826205942</AddtlTxInf></TxDtls><AddtlNtryInf>COMPLETE//0000//002//CREDIT</AddtlNtryInf></Ntry><Ntry><Amt Ccy="GBP">20.00</Amt><CdtDbtInd>CRDT</CdtDbtInd><Sts>BOOK</Sts><BookgDt><Dt>2018-09-14</Dt></BookgDt><BkTxCd><Prtry><Cd>SIP UKBA CR 40269</Cd></Prtry></BkTxCd><TxDtls><Refs><EndToEndId>NOREF</EndToEndId><TxId>600000000388478523</TxId></Refs><RltdPties><Dbtr><Nm>B Subair</Nm></Dbtr><DbtrAcct><Id><PrtryAcct><Id>11027010212963</Id></PrtryAcct></Id></DbtrAcct><Cdtr><Nm>CHARLES</Nm></Cdtr><CdtrAcct><Id><PrtryAcct><Id>23008200212810</Id></PrtryAcct></Id></CdtrAcct><Prtry><Tp>CIROC</Tp><Pty/></Prtry></RltdPties><RmtInf><Strd><AddtlRmtInf>NO REF</AddtlRmtInf></Strd><Strd><AddtlRmtInf>B Subair//CIROC</AddtlRmtInf></Strd></RmtInf><RltdDts><TxDtTm>2018-09-14T14:18:32</TxDtTm></RltdDts><AddtlTxInf>6000000003884785231020180914826110270</AddtlTxInf></TxDtls><AddtlNtryInf>COMPLETE//0000//002//CREDIT</AddtlNtryInf></Ntry><Ntry><Amt Ccy="GBP">20.00</Amt><CdtDbtInd>CRDT</CdtDbtInd><Sts>BOOK</Sts><BookgDt><Dt>2018-09-14</Dt></BookgDt><BkTxCd><Prtry><Cd>SIP UKBA CR 40269</Cd></Prtry></BkTxCd><TxDtls><Refs><EndToEndId>NOREF</EndToEndId><TxId>RP4659984545479800</TxId></Refs><RltdPties><Dbtr><Nm>DYSON A</Nm></Dbtr><DbtrAcct><Id><PrtryAcct><Id>20778503628817</Id></PrtryAcct></Id></DbtrAcct><Cdtr><Nm>ANNETTE DYSON</Nm></Cdtr><CdtrAcct><Id><PrtryAcct><Id>23008200315885</Id></PrtryAcct></Id></CdtrAcct><Prtry><Tp>BOB</Tp><Pty/></Prtry></RltdPties><RmtInf><Strd><AddtlRmtInf>NO REF</AddtlRmtInf></Strd><Strd><AddtlRmtInf>DYSON A//BOB</AddtlRmtInf></Strd></RmtInf><RltdDts><TxDtTm>2018-09-14T14:19:08</TxDtTm></RltdDts><AddtlTxInf>RP46599845454798001020180914826200026</AddtlTxInf></TxDtls><AddtlNtryInf>COMPLETE//0000//002//CREDIT</AddtlNtryInf></Ntry><Ntry><Amt Ccy="GBP">100.00</Amt><CdtDbtInd>CRDT</CdtDbtInd><Sts>BOOK</Sts><BookgDt><Dt>2018-09-14</Dt></BookgDt><BkTxCd><Prtry><Cd>SIP UKBA CR 40269</Cd></Prtry></BkTxCd><TxDtls><Refs><EndToEndId>00157386632BBBJLTR</EndToEndId><TxId>00157386632BBBJLTR</TxId></Refs><RltdPties><Dbtr><Nm>ANIEL AHMED</Nm></Dbtr><DbtrAcct><Id><PrtryAcct><Id>09012801713759</Id></PrtryAcct></Id></DbtrAcct><Cdtr><Nm>ANIEL</Nm></Cdtr><CdtrAcct><Id><PrtryAcct><Id>23008200403803</Id></PrtryAcct></Id></CdtrAcct><Prtry><Tp>kappy</Tp><Pty/></Prtry></RltdPties><RmtInf><Strd><AddtlRmtInf>NO REF</AddtlRmtInf></Strd><Strd><AddtlRmtInf>ANIEL AHMED//kappy</AddtlRmtInf></Strd></RmtInf><RltdDts><TxDtTm>2018-09-14T14:19:11</TxDtTm></RltdDts><AddtlTxInf>00157386632BBBJLTR1020180914826090128</AddtlTxInf></TxDtls><AddtlNtryInf>COMPLETE//0000//002//CREDIT</AddtlNtryInf></Ntry><Ntry><Amt Ccy="GBP">8.00</Amt><CdtDbtInd>CRDT</CdtDbtInd><Sts>BOOK</Sts><BookgDt><Dt>2018-09-14</Dt></BookgDt><BkTxCd><Prtry><Cd>SIP UKBA CR 40269</Cd></Prtry></BkTxCd><TxDtls><Refs><EndToEndId>NOREF</EndToEndId><TxId>100000000387106162</TxId></Refs><RltdPties><Dbtr><Nm>E Donker</Nm></Dbtr><DbtrAcct><Id><PrtryAcct><Id>30155364864460</Id></PrtryAcct></Id></DbtrAcct><Cdtr><Nm>BOLA AKINWUNMI</Nm></Cdtr><CdtrAcct><Id><PrtryAcct><Id>23008200445825</Id></PrtryAcct></Id></CdtrAcct><Prtry><Tp>FOOD</Tp><Pty/></Prtry></RltdPties><RmtInf><Strd><AddtlRmtInf>NO REF</AddtlRmtInf></Strd><Strd><AddtlRmtInf>E Donker//FOOD</AddtlRmtInf></Strd></RmtInf><RltdDts><TxDtTm>2018-09-14T14:20:42</TxDtTm></RltdDts><AddtlTxInf>1000000003871061621020180914826301553</AddtlTxInf></TxDtls><AddtlNtryInf>COMPLETE//0000//002//CREDIT</AddtlNtryInf></Ntry><Ntry><Amt Ccy="GBP">1137.96</Amt><CdtDbtInd>CRDT</CdtDbtInd><Sts>BOOK</Sts><BookgDt><Dt>2018-09-14</Dt></BookgDt><BkTxCd><Prtry><Cd>SIP UKBA CR 40269</Cd></Prtry></BkTxCd><TxDtls><Refs><EndToEndId>NOREF</EndToEndId><TxId>RP4679961382952700</TxId></Refs><RltdPties><Dbtr><Nm>PHS SOLUTIO LTD</Nm></Dbtr><DbtrAcct><Id><PrtryAcct><Id>20304743443469</Id></PrtryAcct></Id></DbtrAcct><Cdtr><Nm>MATT LIDBETTER CON</Nm></Cdtr><CdtrAcct><Id><PrtryAcct><Id>23008200222957</Id></PrtryAcct></Id></CdtrAcct><Prtry><Tp>321</Tp><Pty/></Prtry></RltdPties><RmtInf><Strd><AddtlRmtInf>NO REF</AddtlRmtInf></Strd><Strd><AddtlRmtInf>PHS SOLUTIO LTD//321</AddtlRmtInf></Strd></RmtInf><RltdDts><TxDtTm>2018-09-14T14:21:00</TxDtTm></RltdDts><AddtlTxInf>RP46799613829527001020180914826200026</AddtlTxInf></TxDtls><AddtlNtryInf>COMPLETE//0000//002//CREDIT</AddtlNtryInf></Ntry><Ntry><Amt Ccy="GBP">30.00</Amt><CdtDbtInd>CRDT</CdtDbtInd><Sts>BOOK</Sts><BookgDt><Dt>2018-09-14</Dt></BookgDt><BkTxCd><Prtry><Cd>SIP UKBA CR 40269</Cd></Prtry></BkTxCd><TxDtls><Refs><EndToEndId>NOREF</EndToEndId><TxId>PGVJK08QM0T2H7FR84</TxId></Refs><RltdPties><Dbtr><Nm>Jaimal Mistry</Nm><PstlAdr><AdrLine>13 Sheridan St, WS2 9QU</AdrLine><Ctry/></PstlAdr></Dbtr><DbtrAcct><Id><PrtryAcct><Id>04000452867364</Id></PrtryAcct></Id></DbtrAcct><Cdtr><Nm>jai arrow</Nm></Cdtr><CdtrAcct><Id><PrtryAcct><Id>23008200344419</Id></PrtryAcct></Id></CdtrAcct><Prtry><Tp>jai</Tp><Pty/></Prtry></RltdPties><RmtInf><Strd><AddtlRmtInf>NO REF</AddtlRmtInf></Strd><Strd><AddtlRmtInf>Jaimal Mistry//jai</AddtlRmtInf></Strd></RmtInf><RltdDts><TxDtTm>2018-09-14T14:21:03</TxDtTm></RltdDts><AddtlTxInf>PGVJK08QM0T2H7FR841020180914826040004</AddtlTxInf></TxDtls><AddtlNtryInf>COMPLETE//0000//002//CREDIT</AddtlNtryInf></Ntry><Ntry><Amt Ccy="GBP">100.00</Amt><CdtDbtInd>CRDT</CdtDbtInd><Sts>BOOK</Sts><BookgDt><Dt>2018-09-14</Dt></BookgDt><BkTxCd><Prtry><Cd>SIP UKBA CR 40269</Cd></Prtry></BkTxCd><TxDtls><Refs><EndToEndId>NOREF</EndToEndId><TxId>300000000392412448</TxId></Refs><RltdPties><Dbtr><Nm>M Olatunji</Nm></Dbtr><DbtrAcct><Id><PrtryAcct><Id>11171311814166</Id></PrtryAcct></Id></DbtrAcct><Cdtr><Nm>TANNES LTD</Nm></Cdtr><CdtrAcct><Id><PrtryAcct><Id>23008200220991</Id></PrtryAcct></Id></CdtrAcct><Prtry><Tp>MICHAEL</Tp><Pty/></Prtry></RltdPties><RmtInf><Strd><AddtlRmtInf>NO REF</AddtlRmtInf></Strd><Strd><AddtlRmtInf>M Olatunji//MICHAEL</AddtlRmtInf></Strd></RmtInf><RltdDts><TxDtTm>2018-09-14T14:21:37</TxDtTm></RltdDts><AddtlTxInf>3000000003924124481020180914826111713</AddtlTxInf></TxDtls><AddtlNtryInf>COMPLETE//0000//002//CREDIT</AddtlNtryInf></Ntry><Ntry><Amt Ccy="GBP">350.00</Amt><CdtDbtInd>CRDT</CdtDbtInd><Sts>BOOK</Sts><BookgDt><Dt>2018-09-14</Dt></BookgDt><BkTxCd><Prtry><Cd>SIP UKBA CR 40269</Cd></Prtry></BkTxCd><TxDtls><Refs><EndToEndId>1009986628</EndToEndId><TxId>400000000393561854</TxId></Refs><RltdPties><Dbtr><Nm>THE WHITE OAKS CONSULTANCY LTD</Nm><PstlAdr><AdrLine>Form 1, Bartley Wood Business Park;</AdrLine><AdrLine>Bartley Way, Hook, Hampshire RG27 9</AdrLine><AdrLine>XA</AdrLine><Ctry/></PstlAdr></Dbtr><DbtrAcct><Id><PrtryAcct><Id>30932030786568</Id></PrtryAcct></Id></DbtrAcct><Cdtr><Nm>Business Hub Services</Nm></Cdtr><CdtrAcct><Id><PrtryAcct><Id>23008200042298</Id></PrtryAcct></Id></CdtrAcct><Prtry><Tp>INV-1086</Tp><Pty/></Prtry></RltdPties><RmtInf><Strd><AddtlRmtInf>NO REF</AddtlRmtInf></Strd><Strd><AddtlRmtInf>THE WHITE OAKS CON//INV-1086</AddtlRmtInf></Strd></RmtInf><RltdDts><TxDtTm>2018-09-14T14:24:39</TxDtTm></RltdDts><AddtlTxInf>4000000003935618541020180914826309320</AddtlTxInf></TxDtls><AddtlNtryInf>COMPLETE//0000//002//CREDIT</AddtlNtryInf></Ntry><Ntry><Amt Ccy="GBP">70.00</Amt><CdtDbtInd>CRDT</CdtDbtInd><Sts>BOOK</Sts><BookgDt><Dt>2018-09-14</Dt></BookgDt><BkTxCd><Prtry><Cd>SIP UKBA CR 40269</Cd></Prtry></BkTxCd><TxDtls><Refs><EndToEndId>NOREF</EndToEndId><TxId>RP4679961383354500</TxId></Refs><RltdPties><Dbtr><Nm>GLOW GREEN LTD</Nm></Dbtr><DbtrAcct><Id><PrtryAcct><Id>20113940544841</Id></PrtryAcct></Id></DbtrAcct><Cdtr><Nm>TRAINING SERVICES</Nm></Cdtr><CdtrAcct><Id><PrtryAcct><Id>23008200042298</Id></PrtryAcct></Id></CdtrAcct><Prtry><Tp>GLOW GREEN</Tp><Pty/></Prtry></RltdPties><RmtInf><Strd><AddtlRmtInf>NO REF</AddtlRmtInf></Strd><Strd><AddtlRmtInf>GLOW GREEN LTD//GLOW GREEN</AddtlRmtInf></Strd></RmtInf><RltdDts><TxDtTm>2018-09-14T14:24:50</TxDtTm></RltdDts><AddtlTxInf>RP46799613833545001020180914826200026</AddtlTxInf></TxDtls><AddtlNtryInf>COMPLETE//0000//002//CREDIT</AddtlNtryInf></Ntry><Ntry><Amt Ccy="GBP">1500.00</Amt><CdtDbtInd>CRDT</CdtDbtInd><Sts>BOOK</Sts><BookgDt><Dt>2018-09-14</Dt></BookgDt><BkTxCd><Prtry><Cd>SIP UKBA CR 40269</Cd></Prtry></BkTxCd><TxDtls><Refs><EndToEndId>NOREF</EndToEndId><TxId>50142909145119000N</TxId><Prtry><Tp>STO REF</Tp><Ref>0000</Ref></Prtry></Refs><RltdPties><Dbtr><Nm>MR ASAF KHAN</Nm></Dbtr><DbtrAcct><Id><PrtryAcct><Id>60191426542862</Id></PrtryAcct></Id></DbtrAcct><Cdtr><Nm>KEITH BIRKS</Nm></Cdtr><CdtrAcct><Id><PrtryAcct><Id>23008200443409</Id></PrtryAcct></Id></CdtrAcct><Prtry><Tp>IDIOT</Tp><Pty/></Prtry></RltdPties><RmtInf><Strd><AddtlRmtInf>IDIOT</AddtlRmtInf></Strd><Strd><AddtlRmtInf>MR ASAF KHAN//IDIOT</AddtlRmtInf></Strd></RmtInf><RltdDts><TxDtTm>2018-09-14T14:29:09</TxDtTm></RltdDts><AddtlTxInf>50142909145119000N1020180914826601914</AddtlTxInf></TxDtls><AddtlNtryInf>COMPLETE//0000//002//CREDIT</AddtlNtryInf></Ntry></Ntfctn></BkToCstmrDbtCdtNtfctnV01></Document>