<?xml version="1.0" encoding="UTF-8"?><Document xmlns:xsi="http://www.w3.org/2001/XMLSchema-instance" xmlns="urn:iso:std:iso:20022:tech:xsd:camt.054.001.01"><BkToCstmrDbtCdtNtfctnV01><GrpHdr><MsgId>80309K//12589</MsgId><CreDtTm>2018-09-08T13:30:00</CreDtTm></GrpHdr><Ntfctn><Id>80309K//12589//1</Id><CreDtTm>2018-09-08T13:30:00</CreDtTm><Acct><Id><PrtryAcct><Id>20594233939774</Id></PrtryAcct></Id><Ccy>GBP</Ccy></Acct><TxsSummry><TtlNtries><NbOfNtries>3</NbOfNtries><Sum>342.00</Sum></TtlNtries><TtlCdtNtries><NbOfNtries>3</NbOfNtries><Sum>342.00</Sum></TtlCdtNtries><TtlDbtNtries><NbOfNtries>0</NbOfNtries><Sum>0.00</Sum></TtlDbtNtries></TxsSummry><Ntry><Amt Ccy="GBP">190.00</Amt><CdtDbtInd>CRDT</CdtDbtInd><Sts>BOOK</Sts><BookgDt><Dt>2018-09-10</Dt></BookgDt><BkTxCd><Prtry><Cd>SIP UKBA CR 40269</Cd></Prtry></BkTxCd><TxDtls><Refs><EndToEndId>NOREF</EndToEndId><TxId>600000000386824372</TxId></Refs><RltdPties><Dbtr><Nm>A Gee-Camara</Nm></Dbtr><DbtrAcct><Id><PrtryAcct><Id>11045400979645</Id></PrtryAcct></Id></DbtrAcct><Cdtr><Nm>A CAMARA</Nm></Cdtr><CdtrAcct><Id><PrtryAcct><Id>23008200239944</Id></PrtryAcct></Id></CdtrAcct><Prtry><Tp>SAVE</Tp><Pty/></Prtry></RltdPties><RmtInf><Strd><AddtlRmtInf>NO REF</AddtlRmtInf></Strd><Strd><AddtlRmtInf>A Gee-Camara//SAVE</AddtlRmtInf></Strd></RmtInf><RltdDts><TxDtTm>2018-09-08T13:00:38</TxDtTm></RltdDts><AddtlTxInf>6000000003868243721020180908826110454</AddtlTxInf></TxDtls><AddtlNtryInf>COMPLETE//0000//003//CREDIT</AddtlNtryInf></Ntry><Ntry><Amt Ccy="GBP">52.00</Amt><CdtDbtInd>CRDT</CdtDbtInd><Sts>BOOK</Sts><BookgDt><Dt>2018-09-10</Dt></BookgDt><BkTxCd><Prtry><Cd>SIP UKBA CR 40269</Cd></Prtry></BkTxCd><TxDtls><Refs><EndToEndId>NOREF</EndToEndId><TxId>RP4679960929929600</TxId></Refs><RltdPties><Dbtr><Nm>BUCHANAN J</Nm></Dbtr><DbtrAcct><Id><PrtryAcct><Id>20270523764079</Id></PrtryAcct></Id></DbtrAcct><Cdtr><Nm>C SIMION</Nm></Cdtr><CdtrAcct><Id><PrtryAcct><Id>23008200435122</Id></PrtryAcct></Id></CdtrAcct><Prtry><Tp>C.S LTD</Tp><Pty/></Prtry></RltdPties><RmtInf><Strd><AddtlRmtInf>NO REF</AddtlRmtInf></Strd><Strd><AddtlRmtInf>BUCHANAN J//C.S LTD</AddtlRmtInf></Strd></RmtInf><RltdDts><TxDtTm>2018-09-08T13:09:49</TxDtTm></RltdDts><AddtlTxInf>RP46799609299296001020180908826200026</AddtlTxInf></TxDtls><AddtlNtryInf>COMPLETE//0000//003//CREDIT</AddtlNtryInf></Ntry><Ntry><Amt Ccy="GBP">100.00</Amt><CdtDbtInd>CRDT</CdtDbtInd><Sts>BOOK</Sts><BookgDt><Dt>2018-09-10</Dt></BookgDt><BkTxCd><Prtry><Cd>DCA UKBA CR 40269</Cd></Prtry></BkTxCd><TxDtls><Refs><EndToEndId>NOREF</EndToEndId><TxId>000000013513380601</TxId><Prtry><Tp>STO REF</Tp><Ref>1834</Ref></Prtry></Refs><RltdPties><Dbtr><Nm>LEON THOMAS</Nm></Dbtr><DbtrAcct><Id><PrtryAcct><Id>20035373152596</Id></PrtryAcct></Id></DbtrAcct><Cdtr><Nm>LC VAN RENTAL</Nm></Cdtr><CdtrAcct><Id><PrtryAcct><Id>23008200037360</Id></PrtryAcct></Id></CdtrAcct><Prtry><Tp>LC VAN RENTAL</Tp><Pty/></Prtry></RltdPties><RmtInf><Strd><AddtlRmtInf>NO REF</AddtlRmtInf></Strd><Strd><AddtlRmtInf>LEON THOMAS//LC VAN RENTAL</AddtlRmtInf></Strd></RmtInf><RltdDts><TxDtTm>2018-09-08T13:22:17</TxDtTm></RltdDts><AddtlTxInf>0000000135133806015020180908826200353</AddtlTxInf></TxDtls><AddtlNtryInf>COMPLETE//0000//003//CREDIT</AddtlNtryInf></Ntry></Ntfctn></BkToCstmrDbtCdtNtfctnV01></Document>