<?xml version="1.0" encoding="UTF-8"?><Document xmlns:xsi="http://www.w3.org/2001/XMLSchema-instance" xmlns="urn:iso:std:iso:20022:tech:xsd:camt.054.001.01"><BkToCstmrDbtCdtNtfctnV01><GrpHdr><MsgId>80309K//12895</MsgId><CreDtTm>2018-09-15T19:00:00</CreDtTm></GrpHdr><Ntfctn><Id>80309K//12895//1</Id><CreDtTm>2018-09-15T19:00:00</CreDtTm><Acct><Id><PrtryAcct><Id>20594233939774</Id></PrtryAcct></Id><Ccy>GBP</Ccy></Acct><TxsSummry><TtlNtries><NbOfNtries>2</NbOfNtries><Sum>30.00</Sum></TtlNtries><TtlCdtNtries><NbOfNtries>2</NbOfNtries><Sum>30.00</Sum></TtlCdtNtries><TtlDbtNtries><NbOfNtries>0</NbOfNtries><Sum>0.00</Sum></TtlDbtNtries></TxsSummry><Ntry><Amt Ccy="GBP">10.00</Amt><CdtDbtInd>CRDT</CdtDbtInd><Sts>BOOK</Sts><BookgDt><Dt>2018-09-17</Dt></BookgDt><BkTxCd><Prtry><Cd>SIP UKBA CR 40269</Cd></Prtry></BkTxCd><TxDtls><Refs><EndToEndId>NOREF</EndToEndId><TxId>200000000387383887</TxId></Refs><RltdPties><Dbtr><Nm>T McKatherine</Nm></Dbtr><DbtrAcct><Id><PrtryAcct><Id>11647709338264</Id></PrtryAcct></Id></DbtrAcct><Cdtr><Nm>TDR WINDOWS</Nm></Cdtr><CdtrAcct><Id><PrtryAcct><Id>23008200225203</Id></PrtryAcct></Id></CdtrAcct><Prtry><Tp>1862</Tp><Pty/></Prtry></RltdPties><RmtInf><Strd><AddtlRmtInf>NO REF</AddtlRmtInf></Strd><Strd><AddtlRmtInf>T McKatherine//1862</AddtlRmtInf></Strd></RmtInf><RltdDts><TxDtTm>2018-09-15T18:50:42</TxDtTm></RltdDts><AddtlTxInf>2000000003873838871020180915826116477</AddtlTxInf></TxDtls><AddtlNtryInf>COMPLETE//0000//003//CREDIT</AddtlNtryInf></Ntry><Ntry><Amt Ccy="GBP">20.00</Amt><CdtDbtInd>CRDT</CdtDbtInd><Sts>BOOK</Sts><BookgDt><Dt>2018-09-17</Dt></BookgDt><BkTxCd><Prtry><Cd>SIP UKBA CR 40269</Cd></Prtry></BkTxCd><TxDtls><Refs><EndToEndId>NOREF</EndToEndId><TxId>400000000393847426</TxId></Refs><RltdPties><Dbtr><Nm>I Shafiq</Nm></Dbtr><DbtrAcct><Id><PrtryAcct><Id>30908811564068</Id></PrtryAcct></Id></DbtrAcct><Cdtr><Nm>MIKE DUTTON</Nm></Cdtr><CdtrAcct><Id><PrtryAcct><Id>23008200421264</Id></PrtryAcct></Id></CdtrAcct><Prtry><Tp>IMRAN</Tp><Pty/></Prtry></RltdPties><RmtInf><Strd><AddtlRmtInf>NO REF</AddtlRmtInf></Strd><Strd><AddtlRmtInf>I Shafiq//IMRAN</AddtlRmtInf></Strd></RmtInf><RltdDts><TxDtTm>2018-09-15T18:53:13</TxDtTm></RltdDts><AddtlTxInf>4000000003938474261020180915826309088</AddtlTxInf></TxDtls><AddtlNtryInf>COMPLETE//0000//003//CREDIT</AddtlNtryInf></Ntry></Ntfctn></BkToCstmrDbtCdtNtfctnV01></Document>