<?xml version="1.0" encoding="UTF-8"?><Document xmlns:xsi="http://www.w3.org/2001/XMLSchema-instance" xmlns="urn:iso:std:iso:20022:tech:xsd:camt.054.001.01"><BkToCstmrDbtCdtNtfctnV01><GrpHdr><MsgId>80309K//12425</MsgId><CreDtTm>2018-09-04T21:00:00</CreDtTm></GrpHdr><Ntfctn><Id>80309K//12425//1</Id><CreDtTm>2018-09-04T21:00:00</CreDtTm><Acct><Id><PrtryAcct><Id>20594233939774</Id></PrtryAcct></Id><Ccy>GBP</Ccy></Acct><TxsSummry><TtlNtries><NbOfNtries>8</NbOfNtries><Sum>1632.00</Sum></TtlNtries><TtlCdtNtries><NbOfNtries>8</NbOfNtries><Sum>1632.00</Sum></TtlCdtNtries><TtlDbtNtries><NbOfNtries>0</NbOfNtries><Sum>0.00</Sum></TtlDbtNtries></TxsSummry><Ntry><Amt Ccy="GBP">600.00</Amt><CdtDbtInd>CRDT</CdtDbtInd><Sts>BOOK</Sts><BookgDt><Dt>2018-09-05</Dt></BookgDt><BkTxCd><Prtry><Cd>SIP UKBA CR 40269</Cd></Prtry></BkTxCd><TxDtls><Refs><EndToEndId>NOREF</EndToEndId><TxId>180904203037922842</TxId></Refs><RltdPties><Dbtr><Nm>Jaswant Singh</Nm></Dbtr><DbtrAcct><Id><PrtryAcct><Id>30978033854868</Id></PrtryAcct></Id></DbtrAcct><Cdtr><Nm>sandhu</Nm></Cdtr><CdtrAcct><Id><PrtryAcct><Id>23008200342051</Id></PrtryAcct></Id></CdtrAcct></RltdPties><RmtInf><Strd><AddtlRmtInf>NO REF</AddtlRmtInf></Strd><Strd><AddtlRmtInf>Jaswant Singh//</AddtlRmtInf></Strd></RmtInf><RltdDts><TxDtTm>2018-09-04T20:30:35</TxDtTm></RltdDts><AddtlTxInf>1809042030379228421020180904826309780</AddtlTxInf></TxDtls><AddtlNtryInf>COMPLETE//0000//003//CREDIT</AddtlNtryInf></Ntry><Ntry><Amt Ccy="GBP">250.00</Amt><CdtDbtInd>CRDT</CdtDbtInd><Sts>BOOK</Sts><BookgDt><Dt>2018-09-05</Dt></BookgDt><BkTxCd><Prtry><Cd>SIP UKBA CR 40269</Cd></Prtry></BkTxCd><TxDtls><Refs><EndToEndId>MILES CRAIGS</EndToEndId><TxId>08203138317312000N</TxId><Prtry><Tp>STO REF</Tp><Ref>0000</Ref></Prtry></Refs><RltdPties><Dbtr><Nm>CRAIGS M</Nm></Dbtr><DbtrAcct><Id><PrtryAcct><Id>55611168059507</Id></PrtryAcct></Id></DbtrAcct><Cdtr><Nm>HARRY WELSHMAN</Nm></Cdtr><CdtrAcct><Id><PrtryAcct><Id>23008200105564</Id></PrtryAcct></Id></CdtrAcct><Prtry><Tp>MILES CRAIGS</Tp><Pty/></Prtry></RltdPties><RmtInf><Strd><AddtlRmtInf>CRAIGS M          MILES CRAIGS      VIA MOBILE - LVP</AddtlRmtInf></Strd><Strd><AddtlRmtInf>CRAIGS M//MILES CRAIGS</AddtlRmtInf></Strd></RmtInf><RltdDts><TxDtTm>2018-09-04T20:31:38</TxDtTm></RltdDts><AddtlTxInf>08203138317312000N1020180904826556111</AddtlTxInf></TxDtls><AddtlNtryInf>COMPLETE//0000//003//CREDIT</AddtlNtryInf></Ntry><Ntry><Amt Ccy="GBP">550.00</Amt><CdtDbtInd>CRDT</CdtDbtInd><Sts>BOOK</Sts><BookgDt><Dt>2018-09-05</Dt></BookgDt><BkTxCd><Prtry><Cd>SIP UKBA CR 40269</Cd></Prtry></BkTxCd><TxDtls><Refs><EndToEndId>NOREF</EndToEndId><TxId>RP4679960614592700</TxId></Refs><RltdPties><Dbtr><Nm>CHEEMA BROTH LTD</Nm></Dbtr><DbtrAcct><Id><PrtryAcct><Id>20427313789225</Id></PrtryAcct></Id></DbtrAcct><Cdtr><Nm>INDERJEET SINGH</Nm></Cdtr><CdtrAcct><Id><PrtryAcct><Id>23008200342051</Id></PrtryAcct></Id></CdtrAcct><Prtry><Tp>PAY</Tp><Pty/></Prtry></RltdPties><RmtInf><Strd><AddtlRmtInf>NO REF</AddtlRmtInf></Strd><Strd><AddtlRmtInf>CHEEMA BROTH LTD//PAY</AddtlRmtInf></Strd></RmtInf><RltdDts><TxDtTm>2018-09-04T20:33:22</TxDtTm></RltdDts><AddtlTxInf>RP46799606145927001020180904826200026</AddtlTxInf></TxDtls><AddtlNtryInf>COMPLETE//0000//003//CREDIT</AddtlNtryInf></Ntry><Ntry><Amt Ccy="GBP">10.00</Amt><CdtDbtInd>CRDT</CdtDbtInd><Sts>BOOK</Sts><BookgDt><Dt>2018-09-05</Dt></BookgDt><BkTxCd><Prtry><Cd>SIP UKBA CR 40269</Cd></Prtry></BkTxCd><TxDtls><Refs><EndToEndId>NOREF</EndToEndId><TxId>000000000127261285</TxId></Refs><RltdPties><Dbtr><Nm>MR L A NEED</Nm></Dbtr><DbtrAcct><Id><PrtryAcct><Id>08910314185050</Id></PrtryAcct></Id></DbtrAcct><Cdtr><Nm>MR L NEED SAVING</Nm></Cdtr><CdtrAcct><Id><PrtryAcct><Id>23008200338418</Id></PrtryAcct></Id></CdtrAcct></RltdPties><RmtInf><Strd><AddtlRmtInf>NO REF</AddtlRmtInf></Strd><Strd><AddtlRmtInf>MR L A NEED//</AddtlRmtInf></Strd></RmtInf><RltdDts><TxDtTm>2018-09-04T20:36:53</TxDtTm></RltdDts><AddtlTxInf>0000000001272612851020180904826089103</AddtlTxInf></TxDtls><AddtlNtryInf>COMPLETE//0000//003//CREDIT</AddtlNtryInf></Ntry><Ntry><Amt Ccy="GBP">67.00</Amt><CdtDbtInd>CRDT</CdtDbtInd><Sts>BOOK</Sts><BookgDt><Dt>2018-09-05</Dt></BookgDt><BkTxCd><Prtry><Cd>SIP UKBA CR 40269</Cd></Prtry></BkTxCd><TxDtls><Refs><EndToEndId>NOREF</EndToEndId><TxId>RP4659983853541300</TxId></Refs><RltdPties><Dbtr><Nm>DIAWUO T F</Nm></Dbtr><DbtrAcct><Id><PrtryAcct><Id>20369823425231</Id></PrtryAcct></Id></DbtrAcct><Cdtr><Nm>JAYDA</Nm></Cdtr><CdtrAcct><Id><PrtryAcct><Id>23008200335625</Id></PrtryAcct></Id></CdtrAcct><Prtry><Tp>TRACY</Tp><Pty/></Prtry></RltdPties><RmtInf><Strd><AddtlRmtInf>NO REF</AddtlRmtInf></Strd><Strd><AddtlRmtInf>DIAWUO T F//TRACY</AddtlRmtInf></Strd></RmtInf><RltdDts><TxDtTm>2018-09-04T20:37:18</TxDtTm></RltdDts><AddtlTxInf>RP46599838535413001020180904826200026</AddtlTxInf></TxDtls><AddtlNtryInf>COMPLETE//0000//003//CREDIT</AddtlNtryInf></Ntry><Ntry><Amt Ccy="GBP">100.00</Amt><CdtDbtInd>CRDT</CdtDbtInd><Sts>BOOK</Sts><BookgDt><Dt>2018-09-05</Dt></BookgDt><BkTxCd><Prtry><Cd>SIP UKBA CR 40269</Cd></Prtry></BkTxCd><TxDtls><Refs><EndToEndId>NOREF</EndToEndId><TxId>RP4659983854093300</TxId></Refs><RltdPties><Dbtr><Nm>HUNNS R</Nm></Dbtr><DbtrAcct><Id><PrtryAcct><Id>20674013559602</Id></PrtryAcct></Id></DbtrAcct><Cdtr><Nm>S.HUGHES</Nm></Cdtr><CdtrAcct><Id><PrtryAcct><Id>23008200430630</Id></PrtryAcct></Id></CdtrAcct><Prtry><Tp>REBECCA HUNNS</Tp><Pty/></Prtry></RltdPties><RmtInf><Strd><AddtlRmtInf>NO REF</AddtlRmtInf></Strd><Strd><AddtlRmtInf>HUNNS R//REBECCA HUNNS</AddtlRmtInf></Strd></RmtInf><RltdDts><TxDtTm>2018-09-04T20:45:19</TxDtTm></RltdDts><AddtlTxInf>RP46599838540933001020180904826200026</AddtlTxInf></TxDtls><AddtlNtryInf>COMPLETE//0000//003//CREDIT</AddtlNtryInf></Ntry><Ntry><Amt Ccy="GBP">20.00</Amt><CdtDbtInd>CRDT</CdtDbtInd><Sts>BOOK</Sts><BookgDt><Dt>2018-09-05</Dt></BookgDt><BkTxCd><Prtry><Cd>SIP UKBA CR 40269</Cd></Prtry></BkTxCd><TxDtls><Refs><EndToEndId>NOREF</EndToEndId><TxId>772448156502409001</TxId><Prtry><Tp>STO REF</Tp><Ref>0000</Ref></Prtry></Refs><RltdPties><Dbtr><Nm>ASHU M E</Nm></Dbtr><DbtrAcct><Id><PrtryAcct><Id>40280644654048</Id></PrtryAcct></Id></DbtrAcct><Cdtr><Nm>Mfortaw Ashu</Nm></Cdtr><CdtrAcct><Id><PrtryAcct><Id>23008200385929</Id></PrtryAcct></Id></CdtrAcct><Prtry><Tp>Marybi</Tp><Pty/></Prtry></RltdPties><RmtInf><Strd><AddtlRmtInf>NO REF</AddtlRmtInf></Strd><Strd><AddtlRmtInf>ASHU M E//Marybi</AddtlRmtInf></Strd></RmtInf><RltdDts><TxDtTm>2018-09-04T20:56:52</TxDtTm></RltdDts><AddtlTxInf>7724481565024090011020180904826402806</AddtlTxInf></TxDtls><AddtlNtryInf>COMPLETE//0000//003//CREDIT</AddtlNtryInf></Ntry><Ntry><Amt Ccy="GBP">35.00</Amt><CdtDbtInd>CRDT</CdtDbtInd><Sts>BOOK</Sts><BookgDt><Dt>2018-09-05</Dt></BookgDt><BkTxCd><Prtry><Cd>SIP UKBA CR 40269</Cd></Prtry></BkTxCd><TxDtls><Refs><EndToEndId>NOREF</EndToEndId><TxId>RP4659983854875400</TxId></Refs><RltdPties><Dbtr><Nm>WHYTE S S</Nm></Dbtr><DbtrAcct><Id><PrtryAcct><Id>20714593225917</Id></PrtryAcct></Id></DbtrAcct><Cdtr><Nm>JACK COLEMAN</Nm></Cdtr><CdtrAcct><Id><PrtryAcct><Id>23008200430177</Id></PrtryAcct></Id></CdtrAcct><Prtry><Tp>FORBIDDEN TICKET</Tp><Pty/></Prtry></RltdPties><RmtInf><Strd><AddtlRmtInf>NO REF</AddtlRmtInf></Strd><Strd><AddtlRmtInf>WHYTE S S//FORBIDDEN TICKET</AddtlRmtInf></Strd></RmtInf><RltdDts><TxDtTm>2018-09-04T20:57:18</TxDtTm></RltdDts><AddtlTxInf>RP46599838548754001020180904826200026</AddtlTxInf></TxDtls><AddtlNtryInf>COMPLETE//0000//003//CREDIT</AddtlNtryInf></Ntry></Ntfctn></BkToCstmrDbtCdtNtfctnV01></Document>