<?xml version="1.0" encoding="UTF-8"?><Document xmlns:xsi="http://www.w3.org/2001/XMLSchema-instance" xmlns="urn:iso:std:iso:20022:tech:xsd:camt.054.001.01"><BkToCstmrDbtCdtNtfctnV01><GrpHdr><MsgId>80309K//13473</MsgId><CreDtTm>2018-09-29T02:00:00</CreDtTm></GrpHdr><Ntfctn><Id>80309K//13473//1</Id><CreDtTm>2018-09-29T02:00:00</CreDtTm><Acct><Id><PrtryAcct><Id>20594233939774</Id></PrtryAcct></Id><Ccy>GBP</Ccy></Acct><TxsSummry><TtlNtries><NbOfNtries>4</NbOfNtries><Sum>306.00</Sum></TtlNtries><TtlCdtNtries><NbOfNtries>4</NbOfNtries><Sum>306.00</Sum></TtlCdtNtries><TtlDbtNtries><NbOfNtries>0</NbOfNtries><Sum>0.00</Sum></TtlDbtNtries></TxsSummry><Ntry><Amt Ccy="GBP">20.00</Amt><CdtDbtInd>CRDT</CdtDbtInd><Sts>BOOK</Sts><BookgDt><Dt>2018-10-01</Dt></BookgDt><BkTxCd><Prtry><Cd>SIP UKBA CR 40269</Cd></Prtry></BkTxCd><TxDtls><Refs><EndToEndId>NOREF</EndToEndId><TxId>200000000391540588</TxId></Refs><RltdPties><Dbtr><Nm>L Holowczyk</Nm></Dbtr><DbtrAcct><Id><PrtryAcct><Id>77010145557068</Id></PrtryAcct></Id></DbtrAcct><Cdtr><Nm>ASHWOOD</Nm></Cdtr><CdtrAcct><Id><PrtryAcct><Id>23008200459087</Id></PrtryAcct></Id></CdtrAcct><Prtry><Tp>LEE</Tp><Pty/></Prtry></RltdPties><RmtInf><Strd><AddtlRmtInf>NO REF</AddtlRmtInf></Strd><Strd><AddtlRmtInf>L Holowczyk//LEE</AddtlRmtInf></Strd></RmtInf><RltdDts><TxDtTm>2018-09-29T01:30:33</TxDtTm></RltdDts><AddtlTxInf>2000000003915405881020180929826770101</AddtlTxInf></TxDtls><AddtlNtryInf>COMPLETE//0000//003//CREDIT</AddtlNtryInf></Ntry><Ntry><Amt Ccy="GBP">90.00</Amt><CdtDbtInd>CRDT</CdtDbtInd><Sts>BOOK</Sts><BookgDt><Dt>2018-10-01</Dt></BookgDt><BkTxCd><Prtry><Cd>SIP UKBA CR 40269</Cd></Prtry></BkTxCd><TxDtls><Refs><EndToEndId>NOREF</EndToEndId><TxId>RP4659985625025400</TxId></Refs><RltdPties><Dbtr><Nm>TIDDER T C</Nm></Dbtr><DbtrAcct><Id><PrtryAcct><Id>20734823419460</Id></PrtryAcct></Id></DbtrAcct><Cdtr><Nm>CM</Nm></Cdtr><CdtrAcct><Id><PrtryAcct><Id>23008200467380</Id></PrtryAcct></Id></CdtrAcct><Prtry><Tp>TT</Tp><Pty/></Prtry></RltdPties><RmtInf><Strd><AddtlRmtInf>NO REF</AddtlRmtInf></Strd><Strd><AddtlRmtInf>TIDDER T C//TT</AddtlRmtInf></Strd></RmtInf><RltdDts><TxDtTm>2018-09-29T01:31:24</TxDtTm></RltdDts><AddtlTxInf>RP46599856250254001020180929826200026</AddtlTxInf></TxDtls><AddtlNtryInf>COMPLETE//0000//003//CREDIT</AddtlNtryInf></Ntry><Ntry><Amt Ccy="GBP">156.00</Amt><CdtDbtInd>CRDT</CdtDbtInd><Sts>BOOK</Sts><BookgDt><Dt>2018-10-01</Dt></BookgDt><BkTxCd><Prtry><Cd>DCA UKBA CR 40269</Cd></Prtry></BkTxCd><TxDtls><Refs><EndToEndId>NOREF</EndToEndId><TxId>000000013706439901</TxId><Prtry><Tp>STO REF</Tp><Ref>5421</Ref></Prtry></Refs><RltdPties><Dbtr><Nm>M SULEV</Nm></Dbtr><DbtrAcct><Id><PrtryAcct><Id>20035373152596</Id></PrtryAcct></Id></DbtrAcct><Cdtr><Nm>MARIAN KAMLE</Nm></Cdtr><CdtrAcct><Id><PrtryAcct><Id>23008200413249</Id></PrtryAcct></Id></CdtrAcct><Prtry><Tp>MARIAN KAMLE</Tp><Pty/></Prtry></RltdPties><RmtInf><Strd><AddtlRmtInf>NO REF</AddtlRmtInf></Strd><Strd><AddtlRmtInf>M SULEV//MARIAN KAMLE</AddtlRmtInf></Strd></RmtInf><RltdDts><TxDtTm>2018-09-29T01:51:34</TxDtTm></RltdDts><AddtlTxInf>0000000137064399015020180929826200353</AddtlTxInf></TxDtls><AddtlNtryInf>COMPLETE//0000//003//CREDIT</AddtlNtryInf></Ntry><Ntry><Amt Ccy="GBP">40.00</Amt><CdtDbtInd>CRDT</CdtDbtInd><Sts>BOOK</Sts><BookgDt><Dt>2018-10-01</Dt></BookgDt><BkTxCd><Prtry><Cd>SIP UKBA CR 40269</Cd></Prtry></BkTxCd><TxDtls><Refs><EndToEndId>000000FT18271F8P44</EndToEndId><TxId>000000FT18271F8P44</TxId></Refs><RltdPties><Dbtr><Nm>JACK TERENCE JOSEPH STEVENS</Nm><PstlAdr><AdrLine>92 WALTHAM ROAD;ESSEX</AdrLine><Ctry/></PstlAdr></Dbtr><DbtrAcct><Id><PrtryAcct><Id>23058017384589</Id></PrtryAcct></Id></DbtrAcct><Cdtr><Nm>Jack Stevens</Nm><PstlAdr><AdrLine>WIRECARD;Newcastle Upon Tyne</AdrLine><Ctry/></PstlAdr></Cdtr><CdtrAcct><Id><PrtryAcct><Id>23008200350298</Id></PrtryAcct></Id></CdtrAcct><Prtry><Tp>owed</Tp><Pty/></Prtry></RltdPties><RmtInf><Strd><AddtlRmtInf>NO REF</AddtlRmtInf></Strd><Strd><AddtlRmtInf>JACK TERENCE JOSEP//owed</AddtlRmtInf></Strd></RmtInf><RltdDts><TxDtTm>2018-09-29T01:51:53</TxDtTm></RltdDts><AddtlTxInf>000000FT18271F8P441020180929826230580</AddtlTxInf></TxDtls><AddtlNtryInf>COMPLETE//0000//003//CREDIT</AddtlNtryInf></Ntry></Ntfctn></BkToCstmrDbtCdtNtfctnV01></Document>