<?xml version="1.0" encoding="UTF-8"?><Document xmlns:xsi="http://www.w3.org/2001/XMLSchema-instance" xmlns="urn:iso:std:iso:20022:tech:xsd:camt.054.001.01"><BkToCstmrDbtCdtNtfctnV01><GrpHdr><MsgId>80309K//12332</MsgId><CreDtTm>2018-09-02T20:00:00</CreDtTm></GrpHdr><Ntfctn><Id>80309K//12332//1</Id><CreDtTm>2018-09-02T20:00:00</CreDtTm><Acct><Id><PrtryAcct><Id>20594233939774</Id></PrtryAcct></Id><Ccy>GBP</Ccy></Acct><TxsSummry><TtlNtries><NbOfNtries>8</NbOfNtries><Sum>630.51</Sum></TtlNtries><TtlCdtNtries><NbOfNtries>8</NbOfNtries><Sum>630.51</Sum></TtlCdtNtries><TtlDbtNtries><NbOfNtries>0</NbOfNtries><Sum>0.00</Sum></TtlDbtNtries></TxsSummry><Ntry><Amt Ccy="GBP">53.00</Amt><CdtDbtInd>CRDT</CdtDbtInd><Sts>BOOK</Sts><BookgDt><Dt>2018-09-03</Dt></BookgDt><BkTxCd><Prtry><Cd>SIP UKBA CR 40269</Cd></Prtry></BkTxCd><TxDtls><Refs><EndToEndId>NOREF</EndToEndId><TxId>200000000383253315</TxId></Refs><RltdPties><Dbtr><Nm>K Amann</Nm></Dbtr><DbtrAcct><Id><PrtryAcct><Id>30652120192268</Id></PrtryAcct></Id></DbtrAcct><Cdtr><Nm>NATALIA SZAFRANSKA</Nm></Cdtr><CdtrAcct><Id><PrtryAcct><Id>23008200427247</Id></PrtryAcct></Id></CdtrAcct><Prtry><Tp>TABLETKI</Tp><Pty/></Prtry></RltdPties><RmtInf><Strd><AddtlRmtInf>NO REF</AddtlRmtInf></Strd><Strd><AddtlRmtInf>K Amann//TABLETKI</AddtlRmtInf></Strd></RmtInf><RltdDts><TxDtTm>2018-09-02T19:30:06</TxDtTm></RltdDts><AddtlTxInf>2000000003832533151020180902826306521</AddtlTxInf></TxDtls><AddtlNtryInf>COMPLETE//0000//003//CREDIT</AddtlNtryInf></Ntry><Ntry><Amt Ccy="GBP">299.02</Amt><CdtDbtInd>CRDT</CdtDbtInd><Sts>BOOK</Sts><BookgDt><Dt>2018-09-03</Dt></BookgDt><BkTxCd><Prtry><Cd>SIP UKBA CR 40269</Cd></Prtry></BkTxCd><TxDtls><Refs><EndToEndId>NOREF</EndToEndId><TxId>300000000388567064</TxId></Refs><RltdPties><Dbtr><Nm>New Forest Activit</Nm></Dbtr><DbtrAcct><Id><PrtryAcct><Id>30910830484660</Id></PrtryAcct></Id></DbtrAcct><Cdtr><Nm>ROBERT MACKAY</Nm></Cdtr><CdtrAcct><Id><PrtryAcct><Id>23008200151661</Id></PrtryAcct></Id></CdtrAcct><Prtry><Tp>ROB M WAGE BAL</Tp><Pty/></Prtry></RltdPties><RmtInf><Strd><AddtlRmtInf>NO REF</AddtlRmtInf></Strd><Strd><AddtlRmtInf>New Forest Activit//ROB M WAGE BAL</AddtlRmtInf></Strd></RmtInf><RltdDts><TxDtTm>2018-09-02T19:32:01</TxDtTm></RltdDts><AddtlTxInf>3000000003885670641020180902826309108</AddtlTxInf></TxDtls><AddtlNtryInf>COMPLETE//0000//003//CREDIT</AddtlNtryInf></Ntry><Ntry><Amt Ccy="GBP">100.00</Amt><CdtDbtInd>CRDT</CdtDbtInd><Sts>BOOK</Sts><BookgDt><Dt>2018-09-03</Dt></BookgDt><BkTxCd><Prtry><Cd>SIP UKBA CR 40269</Cd></Prtry></BkTxCd><TxDtls><Refs><EndToEndId>NOREF</EndToEndId><TxId>RP4659983682305100</TxId></Refs><RltdPties><Dbtr><Nm>ABIOSE O</Nm></Dbtr><DbtrAcct><Id><PrtryAcct><Id>20865410121851</Id></PrtryAcct></Id></DbtrAcct><Cdtr><Nm>PAUL LENSEY</Nm></Cdtr><CdtrAcct><Id><PrtryAcct><Id>23008200373125</Id></PrtryAcct></Id></CdtrAcct><Prtry><Tp>KITCHEN FITTER PAY</Tp><Pty/></Prtry></RltdPties><RmtInf><Strd><AddtlRmtInf>NO REF</AddtlRmtInf></Strd><Strd><AddtlRmtInf>ABIOSE O//KITCHEN FITTER PAY</AddtlRmtInf></Strd></RmtInf><RltdDts><TxDtTm>2018-09-02T19:37:09</TxDtTm></RltdDts><AddtlTxInf>RP46599836823051001020180902826200026</AddtlTxInf></TxDtls><AddtlNtryInf>COMPLETE//0000//003//CREDIT</AddtlNtryInf></Ntry><Ntry><Amt Ccy="GBP">0.70</Amt><CdtDbtInd>CRDT</CdtDbtInd><Sts>BOOK</Sts><BookgDt><Dt>2018-09-03</Dt></BookgDt><BkTxCd><Prtry><Cd>SIP UKBA CR 40269</Cd></Prtry></BkTxCd><TxDtls><Refs><EndToEndId>NOREF</EndToEndId><TxId>400000000389721389</TxId></Refs><RltdPties><Dbtr><Nm>J McPherson</Nm></Dbtr><DbtrAcct><Id><PrtryAcct><Id>11523702584966</Id></PrtryAcct></Id></DbtrAcct><Cdtr><Nm>JANE</Nm></Cdtr><CdtrAcct><Id><PrtryAcct><Id>23008200364119</Id></PrtryAcct></Id></CdtrAcct><Prtry><Tp>OWED</Tp><Pty/></Prtry></RltdPties><RmtInf><Strd><AddtlRmtInf>NO REF</AddtlRmtInf></Strd><Strd><AddtlRmtInf>J McPherson//OWED</AddtlRmtInf></Strd></RmtInf><RltdDts><TxDtTm>2018-09-02T19:39:42</TxDtTm></RltdDts><AddtlTxInf>4000000003897213891020180902826115237</AddtlTxInf></TxDtls><AddtlNtryInf>COMPLETE//0000//003//CREDIT</AddtlNtryInf></Ntry><Ntry><Amt Ccy="GBP">50.00</Amt><CdtDbtInd>CRDT</CdtDbtInd><Sts>BOOK</Sts><BookgDt><Dt>2018-09-03</Dt></BookgDt><BkTxCd><Prtry><Cd>SIP UKBA CR 40269</Cd></Prtry></BkTxCd><TxDtls><Refs><EndToEndId>NOREF</EndToEndId><TxId>100000000383262616</TxId></Refs><RltdPties><Dbtr><Nm>C Read</Nm></Dbtr><DbtrAcct><Id><PrtryAcct><Id>11020114673362</Id></PrtryAcct></Id></DbtrAcct><Cdtr><Nm>NICK</Nm></Cdtr><CdtrAcct><Id><PrtryAcct><Id>23008200241129</Id></PrtryAcct></Id></CdtrAcct></RltdPties><RmtInf><Strd><AddtlRmtInf>NO REF</AddtlRmtInf></Strd><Strd><AddtlRmtInf>C Read//</AddtlRmtInf></Strd></RmtInf><RltdDts><TxDtTm>2018-09-02T19:44:56</TxDtTm></RltdDts><AddtlTxInf>1000000003832626161020180902826110201</AddtlTxInf></TxDtls><AddtlNtryInf>COMPLETE//0000//003//CREDIT</AddtlNtryInf></Ntry><Ntry><Amt Ccy="GBP">20.00</Amt><CdtDbtInd>CRDT</CdtDbtInd><Sts>BOOK</Sts><BookgDt><Dt>2018-09-03</Dt></BookgDt><BkTxCd><Prtry><Cd>SIP UKBA CR 40269</Cd></Prtry></BkTxCd><TxDtls><Refs><EndToEndId>00152029632BBFPKNG</EndToEndId><TxId>00152029632BBFPKNG</TxId></Refs><RltdPties><Dbtr><Nm>RACHEL THORNTON</Nm></Dbtr><DbtrAcct><Id><PrtryAcct><Id>09012744431091</Id></PrtryAcct></Id></DbtrAcct><Cdtr><Nm>Mr Ryan Jeffrey</Nm></Cdtr><CdtrAcct><Id><PrtryAcct><Id>23008200351861</Id></PrtryAcct></Id></CdtrAcct><Prtry><Tp>Cash</Tp><Pty/></Prtry></RltdPties><RmtInf><Strd><AddtlRmtInf>NO REF</AddtlRmtInf></Strd><Strd><AddtlRmtInf>RACHEL THORNTON//Cash</AddtlRmtInf></Strd></RmtInf><RltdDts><TxDtTm>2018-09-02T19:46:21</TxDtTm></RltdDts><AddtlTxInf>00152029632BBFPKNG1020180902826090127</AddtlTxInf></TxDtls><AddtlNtryInf>COMPLETE//0000//003//CREDIT</AddtlNtryInf></Ntry><Ntry><Amt Ccy="GBP">52.79</Amt><CdtDbtInd>CRDT</CdtDbtInd><Sts>BOOK</Sts><BookgDt><Dt>2018-09-03</Dt></BookgDt><BkTxCd><Prtry><Cd>SIP UKBA CR 40269</Cd></Prtry></BkTxCd><TxDtls><Refs><EndToEndId>NOREF</EndToEndId><TxId>300000000388570912</TxId></Refs><RltdPties><Dbtr><Nm>D Leszczynska</Nm></Dbtr><DbtrAcct><Id><PrtryAcct><Id>11001811559963</Id></PrtryAcct></Id></DbtrAcct><Cdtr><Nm>SZAFRANSKA NATALIA</Nm></Cdtr><CdtrAcct><Id><PrtryAcct><Id>23008200427247</Id></PrtryAcct></Id></CdtrAcct></RltdPties><RmtInf><Strd><AddtlRmtInf>NO REF</AddtlRmtInf></Strd><Strd><AddtlRmtInf>D Leszczynska//</AddtlRmtInf></Strd></RmtInf><RltdDts><TxDtTm>2018-09-02T19:50:40</TxDtTm></RltdDts><AddtlTxInf>3000000003885709121020180902826110018</AddtlTxInf></TxDtls><AddtlNtryInf>COMPLETE//0000//003//CREDIT</AddtlNtryInf></Ntry><Ntry><Amt Ccy="GBP">55.00</Amt><CdtDbtInd>CRDT</CdtDbtInd><Sts>BOOK</Sts><BookgDt><Dt>2018-09-03</Dt></BookgDt><BkTxCd><Prtry><Cd>SIP UKBA CR 40269</Cd></Prtry></BkTxCd><TxDtls><Refs><EndToEndId>NOREF</EndToEndId><TxId>400000000389723806</TxId></Refs><RltdPties><Dbtr><Nm>M Wroblewska</Nm></Dbtr><DbtrAcct><Id><PrtryAcct><Id>30882214487960</Id></PrtryAcct></Id></DbtrAcct><Cdtr><Nm>NATALIA SZAFRANSKA</Nm></Cdtr><CdtrAcct><Id><PrtryAcct><Id>23008200427247</Id></PrtryAcct></Id></CdtrAcct><Prtry><Tp>MAJA GRABOWSKA</Tp><Pty/></Prtry></RltdPties><RmtInf><Strd><AddtlRmtInf>NO REF</AddtlRmtInf></Strd><Strd><AddtlRmtInf>M Wroblewska//MAJA GRABOWSKA</AddtlRmtInf></Strd></RmtInf><RltdDts><TxDtTm>2018-09-02T19:51:00</TxDtTm></RltdDts><AddtlTxInf>4000000003897238061020180902826308822</AddtlTxInf></TxDtls><AddtlNtryInf>COMPLETE//0000//003//CREDIT</AddtlNtryInf></Ntry></Ntfctn></BkToCstmrDbtCdtNtfctnV01></Document>