<?xml version="1.0" encoding="UTF-8"?><Document xmlns:xsi="http://www.w3.org/2001/XMLSchema-instance" xmlns="urn:iso:std:iso:20022:tech:xsd:camt.054.001.01"><BkToCstmrDbtCdtNtfctnV01><GrpHdr><MsgId>80309K//12281</MsgId><CreDtTm>2018-09-01T15:30:00</CreDtTm></GrpHdr><Ntfctn><Id>80309K//12281//1</Id><CreDtTm>2018-09-01T15:30:00</CreDtTm><Acct><Id><PrtryAcct><Id>20594233939774</Id></PrtryAcct></Id><Ccy>GBP</Ccy></Acct><TxsSummry><TtlNtries><NbOfNtries>10</NbOfNtries><Sum>940.02</Sum></TtlNtries><TtlCdtNtries><NbOfNtries>10</NbOfNtries><Sum>940.02</Sum></TtlCdtNtries><TtlDbtNtries><NbOfNtries>0</NbOfNtries><Sum>0.00</Sum></TtlDbtNtries></TxsSummry><Ntry><Amt Ccy="GBP">0.01</Amt><CdtDbtInd>CRDT</CdtDbtInd><Sts>BOOK</Sts><BookgDt><Dt>2018-09-03</Dt></BookgDt><BkTxCd><Prtry><Cd>SIP UKBA CR 40269</Cd></Prtry></BkTxCd><TxDtls><Refs><EndToEndId>PPRD00000000AK01A8</EndToEndId><TxId>PPRD00000000AK01A8</TxId></Refs><RltdPties><Dbtr><Nm>PAYPAL CODE 9235</Nm><PstlAdr><AdrLine>2211 N 1st Street San Jose CA 95131</AdrLine><Ctry/></PstlAdr></Dbtr><DbtrAcct><Id><PrtryAcct><Id>23526285010101</Id></PrtryAcct></Id></DbtrAcct><Cdtr><Nm>Wilfred Overson</Nm><PstlAdr><AdrLine>10 Tennyson Avenue</AdrLine><Ctry/></PstlAdr></Cdtr><CdtrAcct><Id><PrtryAcct><Id>23008200424814</Id></PrtryAcct></Id></CdtrAcct><Prtry><Tp>PAYPAL CODE 9235</Tp><Pty/></Prtry></RltdPties><RmtInf><Strd><RfrdDocInf><RfrdDocTp><Prtry>002</Prtry></RfrdDocTp></RfrdDocInf><AddtlRmtInf>NO REF</AddtlRmtInf></Strd><Strd><AddtlRmtInf>PAYPAL CODE 9235//PAYPAL CODE 9235</AddtlRmtInf></Strd></RmtInf><RltdDts><TxDtTm>2018-09-01T15:04:07</TxDtTm></RltdDts><AddtlTxInf>PPRD00000000AK01A81020180901826235262</AddtlTxInf></TxDtls><AddtlNtryInf>COMPLETE//0000//003//CREDIT</AddtlNtryInf></Ntry><Ntry><Amt Ccy="GBP">1.00</Amt><CdtDbtInd>CRDT</CdtDbtInd><Sts>BOOK</Sts><BookgDt><Dt>2018-09-03</Dt></BookgDt><BkTxCd><Prtry><Cd>SIP UKBA CR 40269</Cd></Prtry></BkTxCd><TxDtls><Refs><EndToEndId>NOREF</EndToEndId><TxId>100000000383034215</TxId></Refs><RltdPties><Dbtr><Nm>S Ahmed</Nm></Dbtr><DbtrAcct><Id><PrtryAcct><Id>30954280710368</Id></PrtryAcct></Id></DbtrAcct><Cdtr><Nm>SHAK A</Nm></Cdtr><CdtrAcct><Id><PrtryAcct><Id>23008200420257</Id></PrtryAcct></Id></CdtrAcct><Prtry><Tp>OWN</Tp><Pty/></Prtry></RltdPties><RmtInf><Strd><AddtlRmtInf>NO REF</AddtlRmtInf></Strd><Strd><AddtlRmtInf>S Ahmed//OWN</AddtlRmtInf></Strd></RmtInf><RltdDts><TxDtTm>2018-09-01T15:04:21</TxDtTm></RltdDts><AddtlTxInf>1000000003830342151020180901826309542</AddtlTxInf></TxDtls><AddtlNtryInf>COMPLETE//0000//003//CREDIT</AddtlNtryInf></Ntry><Ntry><Amt Ccy="GBP">60.00</Amt><CdtDbtInd>CRDT</CdtDbtInd><Sts>BOOK</Sts><BookgDt><Dt>2018-09-03</Dt></BookgDt><BkTxCd><Prtry><Cd>SIP UKBA CR 40269</Cd></Prtry></BkTxCd><TxDtls><Refs><EndToEndId>PPWD00000000AK01H6</EndToEndId><TxId>PPWD00000000AK01H6</TxId></Refs><RltdPties><Dbtr><Nm>PayPal</Nm><PstlAdr><AdrLine>2211 N 1st Street San Jose CA 95131</AdrLine><Ctry/></PstlAdr></Dbtr><DbtrAcct><Id><PrtryAcct><Id>23526278959595</Id></PrtryAcct></Id></DbtrAcct><Cdtr><Nm>Poorandai Phillips</Nm><PstlAdr><AdrLine>44 Whytecliffe Road South</AdrLine><Ctry/></PstlAdr></Cdtr><CdtrAcct><Id><PrtryAcct><Id>23008200419500</Id></PrtryAcct></Id></CdtrAcct><Prtry><Tp>PPWDL5PEJ2AKPL9WE8</Tp><Pty/></Prtry></RltdPties><RmtInf><Strd><RfrdDocInf><RfrdDocTp><Prtry>002</Prtry></RfrdDocTp></RfrdDocInf><AddtlRmtInf>NO REF</AddtlRmtInf></Strd><Strd><AddtlRmtInf>PayPal//PPWDL5PEJ2AKPL9WE8</AddtlRmtInf></Strd></RmtInf><RltdDts><TxDtTm>2018-09-01T15:09:51</TxDtTm></RltdDts><AddtlTxInf>PPWD00000000AK01H61020180901826235262</AddtlTxInf></TxDtls><AddtlNtryInf>COMPLETE//0000//003//CREDIT</AddtlNtryInf></Ntry><Ntry><Amt Ccy="GBP">0.01</Amt><CdtDbtInd>CRDT</CdtDbtInd><Sts>BOOK</Sts><BookgDt><Dt>2018-09-03</Dt></BookgDt><BkTxCd><Prtry><Cd>SIP UKBA CR 40269</Cd></Prtry></BkTxCd><TxDtls><Refs><EndToEndId>PPRD00000000AK03XA</EndToEndId><TxId>PPRD00000000AK03XA</TxId></Refs><RltdPties><Dbtr><Nm>PAYPAL CODE 2404</Nm><PstlAdr><AdrLine>2211 N 1st Street San Jose CA 95131</AdrLine><Ctry/></PstlAdr></Dbtr><DbtrAcct><Id><PrtryAcct><Id>23526285010101</Id></PrtryAcct></Id></DbtrAcct><Cdtr><Nm>Lilian Namusoke</Nm><PstlAdr><AdrLine>16a Loraine Road</AdrLine><Ctry/></PstlAdr></Cdtr><CdtrAcct><Id><PrtryAcct><Id>23008200424893</Id></PrtryAcct></Id></CdtrAcct><Prtry><Tp>PAYPAL CODE 2404</Tp><Pty/></Prtry></RltdPties><RmtInf><Strd><RfrdDocInf><RfrdDocTp><Prtry>002</Prtry></RfrdDocTp></RfrdDocInf><AddtlRmtInf>NO REF</AddtlRmtInf></Strd><Strd><AddtlRmtInf>PAYPAL CODE 2404//PAYPAL CODE 2404</AddtlRmtInf></Strd></RmtInf><RltdDts><TxDtTm>2018-09-01T15:14:39</TxDtTm></RltdDts><AddtlTxInf>PPRD00000000AK03XA1020180901826235262</AddtlTxInf></TxDtls><AddtlNtryInf>COMPLETE//0000//003//CREDIT</AddtlNtryInf></Ntry><Ntry><Amt Ccy="GBP">500.00</Amt><CdtDbtInd>CRDT</CdtDbtInd><Sts>BOOK</Sts><BookgDt><Dt>2018-09-03</Dt></BookgDt><BkTxCd><Prtry><Cd>DCA UKBA CR 40269</Cd></Prtry></BkTxCd><TxDtls><Refs><EndToEndId>NOREF</EndToEndId><TxId>000000013444270101</TxId><Prtry><Tp>STO REF</Tp><Ref>0000</Ref></Prtry></Refs><RltdPties><Dbtr><Nm>23630701548602</Nm></Dbtr><DbtrAcct><Id><PrtryAcct><Id>20594243523659</Id></PrtryAcct></Id></DbtrAcct><Cdtr><Nm>ALI KAMRAN</Nm></Cdtr><CdtrAcct><Id><PrtryAcct><Id>23008200386714</Id></PrtryAcct></Id></CdtrAcct><Prtry><Tp>ALI</Tp><Pty/></Prtry></RltdPties><RmtInf><Strd><AddtlRmtInf>NO REF</AddtlRmtInf></Strd><Strd><AddtlRmtInf>23630701548602//ALI</AddtlRmtInf></Strd></RmtInf><RltdDts><TxDtTm>2018-09-01T15:16:55</TxDtTm></RltdDts><AddtlTxInf>0000000134442701015020180901826205942</AddtlTxInf></TxDtls><AddtlNtryInf>COMPLETE//0000//003//CREDIT</AddtlNtryInf></Ntry><Ntry><Amt Ccy="GBP">30.00</Amt><CdtDbtInd>CRDT</CdtDbtInd><Sts>BOOK</Sts><BookgDt><Dt>2018-09-03</Dt></BookgDt><BkTxCd><Prtry><Cd>DCA UKBA CR 40269</Cd></Prtry></BkTxCd><TxDtls><Refs><EndToEndId>NOREF</EndToEndId><TxId>000000013444267301</TxId><Prtry><Tp>STO REF</Tp><Ref>0000</Ref></Prtry></Refs><RltdPties><Dbtr><Nm>23630701418602</Nm></Dbtr><DbtrAcct><Id><PrtryAcct><Id>20594243523659</Id></PrtryAcct></Id></DbtrAcct><Cdtr><Nm>BENTLEY</Nm></Cdtr><CdtrAcct><Id><PrtryAcct><Id>23008200293503</Id></PrtryAcct></Id></CdtrAcct><Prtry><Tp>00293503</Tp><Pty/></Prtry></RltdPties><RmtInf><Strd><AddtlRmtInf>NO REF</AddtlRmtInf></Strd><Strd><AddtlRmtInf>23630701418602//00293503</AddtlRmtInf></Strd></RmtInf><RltdDts><TxDtTm>2018-09-01T15:16:55</TxDtTm></RltdDts><AddtlTxInf>0000000134442673015020180901826205942</AddtlTxInf></TxDtls><AddtlNtryInf>COMPLETE//0000//003//CREDIT</AddtlNtryInf></Ntry><Ntry><Amt Ccy="GBP">69.00</Amt><CdtDbtInd>CRDT</CdtDbtInd><Sts>BOOK</Sts><BookgDt><Dt>2018-09-03</Dt></BookgDt><BkTxCd><Prtry><Cd>DCA UKBA CR 40269</Cd></Prtry></BkTxCd><TxDtls><Refs><EndToEndId>NOREF</EndToEndId><TxId>000000013444266401</TxId><Prtry><Tp>STO REF</Tp><Ref>0000</Ref></Prtry></Refs><RltdPties><Dbtr><Nm>23630701449406</Nm></Dbtr><DbtrAcct><Id><PrtryAcct><Id>20594243523659</Id></PrtryAcct></Id></DbtrAcct><Cdtr><Nm>NICHOLAS</Nm></Cdtr><CdtrAcct><Id><PrtryAcct><Id>23008200293503</Id></PrtryAcct></Id></CdtrAcct><Prtry><Tp>00293503</Tp><Pty/></Prtry></RltdPties><RmtInf><Strd><AddtlRmtInf>NO REF</AddtlRmtInf></Strd><Strd><AddtlRmtInf>23630701449406//00293503</AddtlRmtInf></Strd></RmtInf><RltdDts><TxDtTm>2018-09-01T15:16:57</TxDtTm></RltdDts><AddtlTxInf>0000000134442664015020180901826205942</AddtlTxInf></TxDtls><AddtlNtryInf>COMPLETE//0000//003//CREDIT</AddtlNtryInf></Ntry><Ntry><Amt Ccy="GBP">20.00</Amt><CdtDbtInd>CRDT</CdtDbtInd><Sts>BOOK</Sts><BookgDt><Dt>2018-09-03</Dt></BookgDt><BkTxCd><Prtry><Cd>DCA UKBA CR 40269</Cd></Prtry></BkTxCd><TxDtls><Refs><EndToEndId>NOREF</EndToEndId><TxId>000000013444269401</TxId><Prtry><Tp>STO REF</Tp><Ref>0000</Ref></Prtry></Refs><RltdPties><Dbtr><Nm>23630700043370</Nm></Dbtr><DbtrAcct><Id><PrtryAcct><Id>20594243523659</Id></PrtryAcct></Id></DbtrAcct><Cdtr><Nm>AWAIS HUSSAIN</Nm></Cdtr><CdtrAcct><Id><PrtryAcct><Id>23008200201962</Id></PrtryAcct></Id></CdtrAcct><Prtry><Tp>IDO</Tp><Pty/></Prtry></RltdPties><RmtInf><Strd><AddtlRmtInf>NO REF</AddtlRmtInf></Strd><Strd><AddtlRmtInf>23630700043370//IDO</AddtlRmtInf></Strd></RmtInf><RltdDts><TxDtTm>2018-09-01T15:16:57</TxDtTm></RltdDts><AddtlTxInf>0000000134442694015020180901826205942</AddtlTxInf></TxDtls><AddtlNtryInf>COMPLETE//0000//003//CREDIT</AddtlNtryInf></Ntry><Ntry><Amt Ccy="GBP">10.00</Amt><CdtDbtInd>CRDT</CdtDbtInd><Sts>BOOK</Sts><BookgDt><Dt>2018-09-03</Dt></BookgDt><BkTxCd><Prtry><Cd>SIP UKBA CR 40269</Cd></Prtry></BkTxCd><TxDtls><Refs><EndToEndId>NOREF</EndToEndId><TxId>RP4659983620822100</TxId></Refs><RltdPties><Dbtr><Nm>KHALIFA Z</Nm></Dbtr><DbtrAcct><Id><PrtryAcct><Id>20118163572668</Id></PrtryAcct></Id></DbtrAcct><Cdtr><Nm>MR YAQOOB BHIKHA</Nm></Cdtr><CdtrAcct><Id><PrtryAcct><Id>23008200288215</Id></PrtryAcct></Id></CdtrAcct><Prtry><Tp>BORRROW</Tp><Pty/></Prtry></RltdPties><RmtInf><Strd><AddtlRmtInf>NO REF</AddtlRmtInf></Strd><Strd><AddtlRmtInf>KHALIFA Z//BORRROW</AddtlRmtInf></Strd></RmtInf><RltdDts><TxDtTm>2018-09-01T15:18:42</TxDtTm></RltdDts><AddtlTxInf>RP46599836208221001020180901826200026</AddtlTxInf></TxDtls><AddtlNtryInf>COMPLETE//0000//003//CREDIT</AddtlNtryInf></Ntry><Ntry><Amt Ccy="GBP">250.00</Amt><CdtDbtInd>CRDT</CdtDbtInd><Sts>BOOK</Sts><BookgDt><Dt>2018-09-03</Dt></BookgDt><BkTxCd><Prtry><Cd>SIP UKBA CR 40269</Cd></Prtry></BkTxCd><TxDtls><Refs><EndToEndId>MILES CRAIGS</EndToEndId><TxId>58152519096657000N</TxId><Prtry><Tp>STO REF</Tp><Ref>0000</Ref></Prtry></Refs><RltdPties><Dbtr><Nm>CRAIGS M</Nm></Dbtr><DbtrAcct><Id><PrtryAcct><Id>55611168059507</Id></PrtryAcct></Id></DbtrAcct><Cdtr><Nm>HARRY WELSHMAN</Nm></Cdtr><CdtrAcct><Id><PrtryAcct><Id>23008200105564</Id></PrtryAcct></Id></CdtrAcct><Prtry><Tp>MILES CRAIGS</Tp><Pty/></Prtry></RltdPties><RmtInf><Strd><AddtlRmtInf>CRAIGS M          MILES CRAIGS      VIA MOBILE - LVP</AddtlRmtInf></Strd><Strd><AddtlRmtInf>CRAIGS M//MILES CRAIGS</AddtlRmtInf></Strd></RmtInf><RltdDts><TxDtTm>2018-09-01T15:25:19</TxDtTm></RltdDts><AddtlTxInf>58152519096657000N1020180901826556111</AddtlTxInf></TxDtls><AddtlNtryInf>COMPLETE//0000//003//CREDIT</AddtlNtryInf></Ntry></Ntfctn></BkToCstmrDbtCdtNtfctnV01></Document>