<?xml version="1.0" encoding="UTF-8"?><Document xmlns:xsi="http://www.w3.org/2001/XMLSchema-instance" xmlns="urn:iso:std:iso:20022:tech:xsd:camt.054.001.01"><BkToCstmrDbtCdtNtfctnV01><GrpHdr><MsgId>80309K//12887</MsgId><CreDtTm>2018-09-15T15:00:00</CreDtTm></GrpHdr><Ntfctn><Id>80309K//12887//1</Id><CreDtTm>2018-09-15T15:00:00</CreDtTm><Acct><Id><PrtryAcct><Id>20594233939774</Id></PrtryAcct></Id><Ccy>GBP</Ccy></Acct><TxsSummry><TtlNtries><NbOfNtries>5</NbOfNtries><Sum>1030.00</Sum></TtlNtries><TtlCdtNtries><NbOfNtries>5</NbOfNtries><Sum>1030.00</Sum></TtlCdtNtries><TtlDbtNtries><NbOfNtries>0</NbOfNtries><Sum>0.00</Sum></TtlDbtNtries></TxsSummry><Ntry><Amt Ccy="GBP">5.00</Amt><CdtDbtInd>CRDT</CdtDbtInd><Sts>BOOK</Sts><BookgDt><Dt>2018-09-17</Dt></BookgDt><BkTxCd><Prtry><Cd>SIP UKBA CR 40269</Cd></Prtry></BkTxCd><TxDtls><Refs><EndToEndId>NOREF</EndToEndId><TxId>128967212441519001</TxId><Prtry><Tp>STO REF</Tp><Ref>0000</Ref></Prtry></Refs><RltdPties><Dbtr><Nm>KING J P</Nm></Dbtr><DbtrAcct><Id><PrtryAcct><Id>40090034464001</Id></PrtryAcct></Id></DbtrAcct><Cdtr><Nm>AMBER PICKERING</Nm></Cdtr><CdtrAcct><Id><PrtryAcct><Id>23008200124598</Id></PrtryAcct></Id></CdtrAcct><Prtry><Tp>JAMES</Tp><Pty/></Prtry></RltdPties><RmtInf><Strd><AddtlRmtInf>NO REF</AddtlRmtInf></Strd><Strd><AddtlRmtInf>KING J P//JAMES</AddtlRmtInf></Strd></RmtInf><RltdDts><TxDtTm>2018-09-15T14:42:13</TxDtTm></RltdDts><AddtlTxInf>1289672124415190011020180915826400900</AddtlTxInf></TxDtls><AddtlNtryInf>COMPLETE//0000//003//CREDIT</AddtlNtryInf></Ntry><Ntry><Amt Ccy="GBP">5.00</Amt><CdtDbtInd>CRDT</CdtDbtInd><Sts>BOOK</Sts><BookgDt><Dt>2018-09-17</Dt></BookgDt><BkTxCd><Prtry><Cd>SIP UKBA CR 40269</Cd></Prtry></BkTxCd><TxDtls><Refs><EndToEndId>NOREF</EndToEndId><TxId>600000000388720513</TxId></Refs><RltdPties><Dbtr><Nm>S Glew</Nm></Dbtr><DbtrAcct><Id><PrtryAcct><Id>11079800215623</Id></PrtryAcct></Id></DbtrAcct><Cdtr><Nm>MR S GLEW</Nm></Cdtr><CdtrAcct><Id><PrtryAcct><Id>23008200401146</Id></PrtryAcct></Id></CdtrAcct><Prtry><Tp>PAY NEW ACCOUNT</Tp><Pty/></Prtry></RltdPties><RmtInf><Strd><AddtlRmtInf>NO REF</AddtlRmtInf></Strd><Strd><AddtlRmtInf>S Glew//PAY NEW ACCOUNT</AddtlRmtInf></Strd></RmtInf><RltdDts><TxDtTm>2018-09-15T14:42:15</TxDtTm></RltdDts><AddtlTxInf>6000000003887205131020180915826110798</AddtlTxInf></TxDtls><AddtlNtryInf>COMPLETE//0000//003//CREDIT</AddtlNtryInf></Ntry><Ntry><Amt Ccy="GBP">870.00</Amt><CdtDbtInd>CRDT</CdtDbtInd><Sts>BOOK</Sts><BookgDt><Dt>2018-09-17</Dt></BookgDt><BkTxCd><Prtry><Cd>SIP UKBA CR 40269</Cd></Prtry></BkTxCd><TxDtls><Refs><EndToEndId>NOREF</EndToEndId><TxId>RP4679961463820900</TxId></Refs><RltdPties><Dbtr><Nm>CHEEMA BROTH LTD</Nm></Dbtr><DbtrAcct><Id><PrtryAcct><Id>20427313789225</Id></PrtryAcct></Id></DbtrAcct><Cdtr><Nm>INDERJEET SINGH</Nm></Cdtr><CdtrAcct><Id><PrtryAcct><Id>23008200342051</Id></PrtryAcct></Id></CdtrAcct><Prtry><Tp>PAY</Tp><Pty/></Prtry></RltdPties><RmtInf><Strd><AddtlRmtInf>NO REF</AddtlRmtInf></Strd><Strd><AddtlRmtInf>CHEEMA BROTH LTD//PAY</AddtlRmtInf></Strd></RmtInf><RltdDts><TxDtTm>2018-09-15T14:44:13</TxDtTm></RltdDts><AddtlTxInf>RP46799614638209001020180915826200026</AddtlTxInf></TxDtls><AddtlNtryInf>COMPLETE//0000//003//CREDIT</AddtlNtryInf></Ntry><Ntry><Amt Ccy="GBP">100.00</Amt><CdtDbtInd>CRDT</CdtDbtInd><Sts>BOOK</Sts><BookgDt><Dt>2018-09-17</Dt></BookgDt><BkTxCd><Prtry><Cd>SIP UKBA CR 40269</Cd></Prtry></BkTxCd><TxDtls><Refs><EndToEndId>NOREF</EndToEndId><TxId>100000000387347012</TxId></Refs><RltdPties><Dbtr><Nm>K Gill</Nm></Dbtr><DbtrAcct><Id><PrtryAcct><Id>30996311661268</Id></PrtryAcct></Id></DbtrAcct><Cdtr><Nm>MISS GURJIT GILL</Nm></Cdtr><CdtrAcct><Id><PrtryAcct><Id>23008200444077</Id></PrtryAcct></Id></CdtrAcct><Prtry><Tp>KIERAN</Tp><Pty/></Prtry></RltdPties><RmtInf><Strd><AddtlRmtInf>NO REF</AddtlRmtInf></Strd><Strd><AddtlRmtInf>K Gill//KIERAN</AddtlRmtInf></Strd></RmtInf><RltdDts><TxDtTm>2018-09-15T14:44:37</TxDtTm></RltdDts><AddtlTxInf>1000000003873470121020180915826309963</AddtlTxInf></TxDtls><AddtlNtryInf>COMPLETE//0000//003//CREDIT</AddtlNtryInf></Ntry><Ntry><Amt Ccy="GBP">50.00</Amt><CdtDbtInd>CRDT</CdtDbtInd><Sts>BOOK</Sts><BookgDt><Dt>2018-09-17</Dt></BookgDt><BkTxCd><Prtry><Cd>SIP UKBA CR 40269</Cd></Prtry></BkTxCd><TxDtls><Refs><EndToEndId>NOREF</EndToEndId><TxId>YBBPI1446142224037</TxId></Refs><RltdPties><Dbtr><Nm>CHARMAINE GALLI</Nm></Dbtr><DbtrAcct><Id><PrtryAcct><Id>05002011310718</Id></PrtryAcct></Id></DbtrAcct><Cdtr><Nm>my arro</Nm></Cdtr><CdtrAcct><Id><PrtryAcct><Id>23008200303446</Id></PrtryAcct></Id></CdtrAcct><Prtry><Tp>my arro</Tp><Pty/></Prtry></RltdPties><RmtInf><Strd><RfrdDocInf><RfrdDocTp><Prtry>002</Prtry></RfrdDocTp></RfrdDocInf><AddtlRmtInf>NO REF</AddtlRmtInf></Strd><Strd><AddtlRmtInf>CHARMAINE GALLI//my arro</AddtlRmtInf></Strd></RmtInf><RltdDts><TxDtTm>2018-09-15T14:46:14</TxDtTm></RltdDts><AddtlTxInf>YBBPI14461422240371020180915826050020</AddtlTxInf></TxDtls><AddtlNtryInf>COMPLETE//0000//003//CREDIT</AddtlNtryInf></Ntry></Ntfctn></BkToCstmrDbtCdtNtfctnV01></Document>