<?xml version="1.0" encoding="UTF-8"?><Document xmlns:xsi="http://www.w3.org/2001/XMLSchema-instance" xmlns="urn:iso:std:iso:20022:tech:xsd:camt.054.001.01"><BkToCstmrDbtCdtNtfctnV01><GrpHdr><MsgId>80309K//12469</MsgId><CreDtTm>2018-09-05T22:00:00</CreDtTm></GrpHdr><Ntfctn><Id>80309K//12469//1</Id><CreDtTm>2018-09-05T22:00:00</CreDtTm><Acct><Id><PrtryAcct><Id>20594233939774</Id></PrtryAcct></Id><Ccy>GBP</Ccy></Acct><TxsSummry><TtlNtries><NbOfNtries>7</NbOfNtries><Sum>63.01</Sum></TtlNtries><TtlCdtNtries><NbOfNtries>7</NbOfNtries><Sum>63.01</Sum></TtlCdtNtries><TtlDbtNtries><NbOfNtries>0</NbOfNtries><Sum>0.00</Sum></TtlDbtNtries></TxsSummry><Ntry><Amt Ccy="GBP">4.36</Amt><CdtDbtInd>CRDT</CdtDbtInd><Sts>BOOK</Sts><BookgDt><Dt>2018-09-06</Dt></BookgDt><BkTxCd><Prtry><Cd>SIP UKBA CR 40269</Cd></Prtry></BkTxCd><TxDtls><Refs><EndToEndId>NOREF</EndToEndId><TxId>200000000384654833</TxId></Refs><RltdPties><Dbtr><Nm>J Shimwell</Nm></Dbtr><DbtrAcct><Id><PrtryAcct><Id>77081444948960</Id></PrtryAcct></Id></DbtrAcct><Cdtr><Nm>ARRO</Nm></Cdtr><CdtrAcct><Id><PrtryAcct><Id>23008200290979</Id></PrtryAcct></Id></CdtrAcct></RltdPties><RmtInf><Strd><AddtlRmtInf>NO REF</AddtlRmtInf></Strd><Strd><AddtlRmtInf>J Shimwell//</AddtlRmtInf></Strd></RmtInf><RltdDts><TxDtTm>2018-09-05T21:31:40</TxDtTm></RltdDts><AddtlTxInf>2000000003846548331020180905826770814</AddtlTxInf></TxDtls><AddtlNtryInf>COMPLETE//0000//003//CREDIT</AddtlNtryInf></Ntry><Ntry><Amt Ccy="GBP">5.00</Amt><CdtDbtInd>CRDT</CdtDbtInd><Sts>BOOK</Sts><BookgDt><Dt>2018-09-06</Dt></BookgDt><BkTxCd><Prtry><Cd>SIP UKBA CR 40269</Cd></Prtry></BkTxCd><TxDtls><Refs><EndToEndId>00156284632BBDDHSB</EndToEndId><TxId>00156284632BBDDHSB</TxId></Refs><RltdPties><Dbtr><Nm>KERRYANNE MORGAN</Nm></Dbtr><DbtrAcct><Id><PrtryAcct><Id>09012801910811</Id></PrtryAcct></Id></DbtrAcct><Cdtr><Nm>SAVING</Nm></Cdtr><CdtrAcct><Id><PrtryAcct><Id>23008200321741</Id></PrtryAcct></Id></CdtrAcct><Prtry><Tp>kerry</Tp><Pty/></Prtry></RltdPties><RmtInf><Strd><AddtlRmtInf>NO REF</AddtlRmtInf></Strd><Strd><AddtlRmtInf>KERRYANNE MORGAN//kerry</AddtlRmtInf></Strd></RmtInf><RltdDts><TxDtTm>2018-09-05T21:34:35</TxDtTm></RltdDts><AddtlTxInf>00156284632BBDDHSB1020180905826090128</AddtlTxInf></TxDtls><AddtlNtryInf>COMPLETE//0000//003//CREDIT</AddtlNtryInf></Ntry><Ntry><Amt Ccy="GBP">0.01</Amt><CdtDbtInd>CRDT</CdtDbtInd><Sts>BOOK</Sts><BookgDt><Dt>2018-09-06</Dt></BookgDt><BkTxCd><Prtry><Cd>SIP UKBA CR 40269</Cd></Prtry></BkTxCd><TxDtls><Refs><EndToEndId>PPRD00000000AL4I6C</EndToEndId><TxId>PPRD00000000AL4I6C</TxId></Refs><RltdPties><Dbtr><Nm>PAYPAL CODE 1818</Nm><PstlAdr><AdrLine>2211 N 1st Street San Jose CA 95131</AdrLine><Ctry/></PstlAdr></Dbtr><DbtrAcct><Id><PrtryAcct><Id>23526285010101</Id></PrtryAcct></Id></DbtrAcct><Cdtr><Nm>Owen Pattinson</Nm><PstlAdr><AdrLine>19 Reads Field</AdrLine><Ctry/></PstlAdr></Cdtr><CdtrAcct><Id><PrtryAcct><Id>23008200431806</Id></PrtryAcct></Id></CdtrAcct><Prtry><Tp>PAYPAL CODE 1818</Tp><Pty/></Prtry></RltdPties><RmtInf><Strd><RfrdDocInf><RfrdDocTp><Prtry>002</Prtry></RfrdDocTp></RfrdDocInf><AddtlRmtInf>NO REF</AddtlRmtInf></Strd><Strd><AddtlRmtInf>PAYPAL CODE 1818//PAYPAL CODE 1818</AddtlRmtInf></Strd></RmtInf><RltdDts><TxDtTm>2018-09-05T21:38:40</TxDtTm></RltdDts><AddtlTxInf>PPRD00000000AL4I6C1020180905826235262</AddtlTxInf></TxDtls><AddtlNtryInf>COMPLETE//0000//003//CREDIT</AddtlNtryInf></Ntry><Ntry><Amt Ccy="GBP">0.01</Amt><CdtDbtInd>CRDT</CdtDbtInd><Sts>BOOK</Sts><BookgDt><Dt>2018-09-06</Dt></BookgDt><BkTxCd><Prtry><Cd>SIP UKBA CR 40269</Cd></Prtry></BkTxCd><TxDtls><Refs><EndToEndId>PPRD00000000AL4NNI</EndToEndId><TxId>PPRD00000000AL4NNI</TxId></Refs><RltdPties><Dbtr><Nm>PAYPAL CODE 1905</Nm><PstlAdr><AdrLine>2211 N 1st Street San Jose CA 95131</AdrLine><Ctry/></PstlAdr></Dbtr><DbtrAcct><Id><PrtryAcct><Id>23526285010101</Id></PrtryAcct></Id></DbtrAcct><Cdtr><Nm>Leon Noutch</Nm><PstlAdr><AdrLine>8 Leveret Chase</AdrLine><Ctry/></PstlAdr></Cdtr><CdtrAcct><Id><PrtryAcct><Id>23008200431827</Id></PrtryAcct></Id></CdtrAcct><Prtry><Tp>PAYPAL CODE 1905</Tp><Pty/></Prtry></RltdPties><RmtInf><Strd><RfrdDocInf><RfrdDocTp><Prtry>002</Prtry></RfrdDocTp></RfrdDocInf><AddtlRmtInf>NO REF</AddtlRmtInf></Strd><Strd><AddtlRmtInf>PAYPAL CODE 1905//PAYPAL CODE 1905</AddtlRmtInf></Strd></RmtInf><RltdDts><TxDtTm>2018-09-05T21:57:12</TxDtTm></RltdDts><AddtlTxInf>PPRD00000000AL4NNI1020180905826235262</AddtlTxInf></TxDtls><AddtlNtryInf>COMPLETE//0000//003//CREDIT</AddtlNtryInf></Ntry><Ntry><Amt Ccy="GBP">28.63</Amt><CdtDbtInd>CRDT</CdtDbtInd><Sts>BOOK</Sts><BookgDt><Dt>2018-09-06</Dt></BookgDt><BkTxCd><Prtry><Cd>SIP UKBA CR 40269</Cd></Prtry></BkTxCd><TxDtls><Refs><EndToEndId>NOREF</EndToEndId><TxId>FP18248O12624194</TxId></Refs><RltdPties><Dbtr><Nm>Khoury Kamil</Nm></Dbtr><DbtrAcct><Id><PrtryAcct><Id>07043633473299</Id></PrtryAcct></Id></DbtrAcct><Cdtr><Nm>A DAKAKH</Nm></Cdtr><CdtrAcct><Id><PrtryAcct><Id>23008200095880</Id></PrtryAcct></Id></CdtrAcct><Prtry><Tp>FRIEND</Tp><Pty/></Prtry></RltdPties><RmtInf><Strd><AddtlRmtInf>NO REF</AddtlRmtInf></Strd><Strd><AddtlRmtInf>Khoury Kamil//FRIEND</AddtlRmtInf></Strd></RmtInf><RltdDts><TxDtTm>2018-09-05T21:58:34</TxDtTm></RltdDts><AddtlTxInf>FP18248O12624194  1020180905826070436</AddtlTxInf></TxDtls><AddtlNtryInf>COMPLETE//0000//003//CREDIT</AddtlNtryInf></Ntry><Ntry><Amt Ccy="GBP">20.00</Amt><CdtDbtInd>CRDT</CdtDbtInd><Sts>BOOK</Sts><BookgDt><Dt>2018-09-06</Dt></BookgDt><BkTxCd><Prtry><Cd>SIP UKBA CR 40269</Cd></Prtry></BkTxCd><TxDtls><Refs><EndToEndId>00156284632BBDDHSG</EndToEndId><TxId>00156284632BBDDHSG</TxId></Refs><RltdPties><Dbtr><Nm>KERRYANNE MORGAN</Nm></Dbtr><DbtrAcct><Id><PrtryAcct><Id>09012801910811</Id></PrtryAcct></Id></DbtrAcct><Cdtr><Nm>SAVING</Nm></Cdtr><CdtrAcct><Id><PrtryAcct><Id>23008200321741</Id></PrtryAcct></Id></CdtrAcct><Prtry><Tp>kerry</Tp><Pty/></Prtry></RltdPties><RmtInf><Strd><AddtlRmtInf>NO REF</AddtlRmtInf></Strd><Strd><AddtlRmtInf>KERRYANNE MORGAN//kerry</AddtlRmtInf></Strd></RmtInf><RltdDts><TxDtTm>2018-09-05T21:59:09</TxDtTm></RltdDts><AddtlTxInf>00156284632BBDDHSG1020180905826090128</AddtlTxInf></TxDtls><AddtlNtryInf>COMPLETE//0000//003//CREDIT</AddtlNtryInf></Ntry><Ntry><Amt Ccy="GBP">5.00</Amt><CdtDbtInd>CRDT</CdtDbtInd><Sts>BOOK</Sts><BookgDt><Dt>2018-09-06</Dt></BookgDt><BkTxCd><Prtry><Cd>SIP UKBA CR 40269</Cd></Prtry></BkTxCd><TxDtls><Refs><EndToEndId>PAYMENT</EndToEndId><TxId>06215912513452000N</TxId><Prtry><Tp>STO REF</Tp><Ref>0000</Ref></Prtry></Refs><RltdPties><Dbtr><Nm>MBODJI LK</Nm></Dbtr><DbtrAcct><Id><PrtryAcct><Id>60151668537794</Id></PrtryAcct></Id></DbtrAcct><Cdtr><Nm>FRANCIS ADEOSUN</Nm></Cdtr><CdtrAcct><Id><PrtryAcct><Id>23008200042777</Id></PrtryAcct></Id></CdtrAcct><Prtry><Tp>PAYMENT</Tp><Pty/></Prtry></RltdPties><RmtInf><Strd><AddtlRmtInf>MBODJI LK         PAYMENT           VIA ONLINE - PYMT</AddtlRmtInf></Strd><Strd><AddtlRmtInf>MBODJI LK//PAYMENT</AddtlRmtInf></Strd></RmtInf><RltdDts><TxDtTm>2018-09-05T21:59:12</TxDtTm></RltdDts><AddtlTxInf>06215912513452000N1020180905826601516</AddtlTxInf></TxDtls><AddtlNtryInf>COMPLETE//0000//003//CREDIT</AddtlNtryInf></Ntry></Ntfctn></BkToCstmrDbtCdtNtfctnV01></Document>