<?xml version="1.0" encoding="UTF-8"?><Document xmlns:xsi="http://www.w3.org/2001/XMLSchema-instance" xmlns="urn:iso:std:iso:20022:tech:xsd:camt.054.001.01"><BkToCstmrDbtCdtNtfctnV01><GrpHdr><MsgId>80309K//13332</MsgId><CreDtTm>2018-09-25T22:30:00</CreDtTm></GrpHdr><Ntfctn><Id>80309K//13332//1</Id><CreDtTm>2018-09-25T22:30:00</CreDtTm><Acct><Id><PrtryAcct><Id>20594233939774</Id></PrtryAcct></Id><Ccy>GBP</Ccy></Acct><TxsSummry><TtlNtries><NbOfNtries>6</NbOfNtries><Sum>519.00</Sum></TtlNtries><TtlCdtNtries><NbOfNtries>6</NbOfNtries><Sum>519.00</Sum></TtlCdtNtries><TtlDbtNtries><NbOfNtries>0</NbOfNtries><Sum>0.00</Sum></TtlDbtNtries></TxsSummry><Ntry><Amt Ccy="GBP">3.00</Amt><CdtDbtInd>CRDT</CdtDbtInd><Sts>BOOK</Sts><BookgDt><Dt>2018-09-26</Dt></BookgDt><BkTxCd><Prtry><Cd>SIP UKBA CR 40269</Cd></Prtry></BkTxCd><TxDtls><Refs><EndToEndId>NOREF</EndToEndId><TxId>FP18268O08414282</TxId></Refs><RltdPties><Dbtr><Nm>Moriles Kris</Nm></Dbtr><DbtrAcct><Id><PrtryAcct><Id>07043630052764</Id></PrtryAcct></Id></DbtrAcct><Cdtr><Nm>FILIPINO STORE</Nm></Cdtr><CdtrAcct><Id><PrtryAcct><Id>23008200441427</Id></PrtryAcct></Id></CdtrAcct><Prtry><Tp>4751400199584207</Tp><Pty/></Prtry></RltdPties><RmtInf><Strd><AddtlRmtInf>NO REF</AddtlRmtInf></Strd><Strd><AddtlRmtInf>Moriles Kris//4751400199584207</AddtlRmtInf></Strd></RmtInf><RltdDts><TxDtTm>2018-09-25T22:03:44</TxDtTm></RltdDts><AddtlTxInf>FP18268O08414282  1020180925826070436</AddtlTxInf></TxDtls><AddtlNtryInf>COMPLETE//0000//003//CREDIT</AddtlNtryInf></Ntry><Ntry><Amt Ccy="GBP">245.00</Amt><CdtDbtInd>CRDT</CdtDbtInd><Sts>BOOK</Sts><BookgDt><Dt>2018-09-26</Dt></BookgDt><BkTxCd><Prtry><Cd>SIP UKBA CR 40269</Cd></Prtry></BkTxCd><TxDtls><Refs><EndToEndId>00152889632BGZVSRJ</EndToEndId><TxId>00152889632BGZVSRJ</TxId></Refs><RltdPties><Dbtr><Nm>TJB HAULAGE LTD</Nm></Dbtr><DbtrAcct><Id><PrtryAcct><Id>09012910464326</Id></PrtryAcct></Id></DbtrAcct><Cdtr><Nm>MARSHALL LTD</Nm></Cdtr><CdtrAcct><Id><PrtryAcct><Id>23008200033369</Id></PrtryAcct></Id></CdtrAcct><Prtry><Tp>86878889</Tp><Pty/></Prtry></RltdPties><RmtInf><Strd><AddtlRmtInf>NO REF</AddtlRmtInf></Strd><Strd><AddtlRmtInf>TJB HAULAGE LTD//86878889</AddtlRmtInf></Strd></RmtInf><RltdDts><TxDtTm>2018-09-25T22:04:18</TxDtTm></RltdDts><AddtlTxInf>00152889632BGZVSRJ1020180925826090129</AddtlTxInf></TxDtls><AddtlNtryInf>COMPLETE//0000//003//CREDIT</AddtlNtryInf></Ntry><Ntry><Amt Ccy="GBP">200.00</Amt><CdtDbtInd>CRDT</CdtDbtInd><Sts>BOOK</Sts><BookgDt><Dt>2018-09-26</Dt></BookgDt><BkTxCd><Prtry><Cd>SIP UKBA CR 40269</Cd></Prtry></BkTxCd><TxDtls><Refs><EndToEndId>NOREF</EndToEndId><TxId>100000000390196193</TxId></Refs><RltdPties><Dbtr><Nm>R Smith</Nm></Dbtr><DbtrAcct><Id><PrtryAcct><Id>77912938054260</Id></PrtryAcct></Id></DbtrAcct><Cdtr><Nm>ROWAN BRONSON</Nm></Cdtr><CdtrAcct><Id><PrtryAcct><Id>23008200461643</Id></PrtryAcct></Id></CdtrAcct><Prtry><Tp>RAQUEL AJ SMITH</Tp><Pty/></Prtry></RltdPties><RmtInf><Strd><AddtlRmtInf>NO REF</AddtlRmtInf></Strd><Strd><AddtlRmtInf>R Smith//RAQUEL AJ SMITH</AddtlRmtInf></Strd></RmtInf><RltdDts><TxDtTm>2018-09-25T22:09:39</TxDtTm></RltdDts><AddtlTxInf>1000000003901961931020180925826779129</AddtlTxInf></TxDtls><AddtlNtryInf>COMPLETE//0000//003//CREDIT</AddtlNtryInf></Ntry><Ntry><Amt Ccy="GBP">20.00</Amt><CdtDbtInd>CRDT</CdtDbtInd><Sts>BOOK</Sts><BookgDt><Dt>2018-09-26</Dt></BookgDt><BkTxCd><Prtry><Cd>SIP UKBA CR 40269</Cd></Prtry></BkTxCd><TxDtls><Refs><EndToEndId>NOREF</EndToEndId><TxId>400000000396653119</TxId></Refs><RltdPties><Dbtr><Nm>C Ross</Nm></Dbtr><DbtrAcct><Id><PrtryAcct><Id>11522600429761</Id></PrtryAcct></Id></DbtrAcct><Cdtr><Nm>CHARLENA SCOBIE</Nm></Cdtr><CdtrAcct><Id><PrtryAcct><Id>23008200040335</Id></PrtryAcct></Id></CdtrAcct><Prtry><Tp>X</Tp><Pty/></Prtry></RltdPties><RmtInf><Strd><AddtlRmtInf>NO REF</AddtlRmtInf></Strd><Strd><AddtlRmtInf>C Ross//X</AddtlRmtInf></Strd></RmtInf><RltdDts><TxDtTm>2018-09-25T22:15:55</TxDtTm></RltdDts><AddtlTxInf>4000000003966531191020180925826115226</AddtlTxInf></TxDtls><AddtlNtryInf>COMPLETE//0000//003//CREDIT</AddtlNtryInf></Ntry><Ntry><Amt Ccy="GBP">20.00</Amt><CdtDbtInd>CRDT</CdtDbtInd><Sts>BOOK</Sts><BookgDt><Dt>2018-09-26</Dt></BookgDt><BkTxCd><Prtry><Cd>DCA UKBA CR 40269</Cd></Prtry></BkTxCd><TxDtls><Refs><EndToEndId>NOREF</EndToEndId><TxId>000000013668365801</TxId><Prtry><Tp>STO REF</Tp><Ref>5384</Ref></Prtry></Refs><RltdPties><Dbtr><Nm>ROMAIN ROCHE</Nm></Dbtr><DbtrAcct><Id><PrtryAcct><Id>20035373152596</Id></PrtryAcct></Id></DbtrAcct><Cdtr><Nm>ROMAIN ROCHE</Nm></Cdtr><CdtrAcct><Id><PrtryAcct><Id>23008200464111</Id></PrtryAcct></Id></CdtrAcct><Prtry><Tp>FROM ROMAIN ROCHE</Tp><Pty/></Prtry></RltdPties><RmtInf><Strd><AddtlRmtInf>NO REF</AddtlRmtInf></Strd><Strd><AddtlRmtInf>ROMAIN ROCHE//FROM ROMAIN ROCHE</AddtlRmtInf></Strd></RmtInf><RltdDts><TxDtTm>2018-09-25T22:17:54</TxDtTm></RltdDts><AddtlTxInf>0000000136683658015020180925826200353</AddtlTxInf></TxDtls><AddtlNtryInf>COMPLETE//0000//003//CREDIT</AddtlNtryInf></Ntry><Ntry><Amt Ccy="GBP">31.00</Amt><CdtDbtInd>CRDT</CdtDbtInd><Sts>BOOK</Sts><BookgDt><Dt>2018-09-26</Dt></BookgDt><BkTxCd><Prtry><Cd>SIP UKBA CR 40269</Cd></Prtry></BkTxCd><TxDtls><Refs><EndToEndId>NOREF</EndToEndId><TxId>100000000390199169</TxId></Refs><RltdPties><Dbtr><Nm>G Said</Nm></Dbtr><DbtrAcct><Id><PrtryAcct><Id>11718027813468</Id></PrtryAcct></Id></DbtrAcct><Cdtr><Nm>KD</Nm></Cdtr><CdtrAcct><Id><PrtryAcct><Id>23008200189225</Id></PrtryAcct></Id></CdtrAcct><Prtry><Tp>BUS</Tp><Pty/></Prtry></RltdPties><RmtInf><Strd><AddtlRmtInf>NO REF</AddtlRmtInf></Strd><Strd><AddtlRmtInf>G Said//BUS</AddtlRmtInf></Strd></RmtInf><RltdDts><TxDtTm>2018-09-25T22:29:46</TxDtTm></RltdDts><AddtlTxInf>1000000003901991691020180925826117180</AddtlTxInf></TxDtls><AddtlNtryInf>COMPLETE//0000//003//CREDIT</AddtlNtryInf></Ntry></Ntfctn></BkToCstmrDbtCdtNtfctnV01></Document>