<?xml version="1.0" encoding="UTF-8"?><Document xmlns:xsi="http://www.w3.org/2001/XMLSchema-instance" xmlns="urn:iso:std:iso:20022:tech:xsd:camt.054.001.01"><BkToCstmrDbtCdtNtfctnV01><GrpHdr><MsgId>80309K//12493</MsgId><CreDtTm>2018-09-06T10:30:00</CreDtTm></GrpHdr><Ntfctn><Id>80309K//12493//1</Id><CreDtTm>2018-09-06T10:30:00</CreDtTm><Acct><Id><PrtryAcct><Id>20594233939774</Id></PrtryAcct></Id><Ccy>GBP</Ccy></Acct><TxsSummry><TtlNtries><NbOfNtries>7</NbOfNtries><Sum>2327.01</Sum></TtlNtries><TtlCdtNtries><NbOfNtries>6</NbOfNtries><Sum>1627.01</Sum></TtlCdtNtries><TtlDbtNtries><NbOfNtries>1</NbOfNtries><Sum>700.00</Sum></TtlDbtNtries></TxsSummry><Ntry><Amt Ccy="GBP">62.00</Amt><CdtDbtInd>CRDT</CdtDbtInd><Sts>BOOK</Sts><BookgDt><Dt>2018-09-06</Dt></BookgDt><BkTxCd><Prtry><Cd>SIP UKBA CR 40269</Cd></Prtry></BkTxCd><TxDtls><Refs><EndToEndId>PPWD00000000AL7JJ0</EndToEndId><TxId>PPWD00000000AL7JJ0</TxId></Refs><RltdPties><Dbtr><Nm>PayPal</Nm><PstlAdr><AdrLine>2211 N 1st Street San Jose CA 95131</AdrLine><Ctry/></PstlAdr></Dbtr><DbtrAcct><Id><PrtryAcct><Id>23526278959595</Id></PrtryAcct></Id></DbtrAcct><Cdtr><Nm>nicholas jones</Nm><PstlAdr><AdrLine>56 Harold Street</AdrLine><Ctry/></PstlAdr></Cdtr><CdtrAcct><Id><PrtryAcct><Id>23008200351123</Id></PrtryAcct></Id></CdtrAcct><Prtry><Tp>PPWDL4J322AKUDBM5G</Tp><Pty/></Prtry></RltdPties><RmtInf><Strd><RfrdDocInf><RfrdDocTp><Prtry>002</Prtry></RfrdDocTp></RfrdDocInf><AddtlRmtInf>NO REF</AddtlRmtInf></Strd><Strd><AddtlRmtInf>PayPal//PPWDL4J322AKUDBM5G</AddtlRmtInf></Strd></RmtInf><RltdDts><TxDtTm>2018-09-06T10:02:18</TxDtTm></RltdDts><AddtlTxInf>PPWD00000000AL7JJ01020180906826235262</AddtlTxInf></TxDtls><AddtlNtryInf>COMPLETE//0000//001//CREDIT</AddtlNtryInf></Ntry><Ntry><Amt Ccy="GBP">40.00</Amt><CdtDbtInd>CRDT</CdtDbtInd><Sts>BOOK</Sts><BookgDt><Dt>2018-09-06</Dt></BookgDt><BkTxCd><Prtry><Cd>SIP UKBA CR 40269</Cd></Prtry></BkTxCd><TxDtls><Refs><EndToEndId>NOREF</EndToEndId><TxId>300000000390087904</TxId></Refs><RltdPties><Dbtr><Nm>A Large</Nm></Dbtr><DbtrAcct><Id><PrtryAcct><Id>11066400174326</Id></PrtryAcct></Id></DbtrAcct><Cdtr><Nm>ANNE-MARIE LARGE</Nm></Cdtr><CdtrAcct><Id><PrtryAcct><Id>23008200427226</Id></PrtryAcct></Id></CdtrAcct><Prtry><Tp>ARRO</Tp><Pty/></Prtry></RltdPties><RmtInf><Strd><AddtlRmtInf>NO REF</AddtlRmtInf></Strd><Strd><AddtlRmtInf>A Large//ARRO</AddtlRmtInf></Strd></RmtInf><RltdDts><TxDtTm>2018-09-06T10:04:34</TxDtTm></RltdDts><AddtlTxInf>3000000003900879041020180906826110664</AddtlTxInf></TxDtls><AddtlNtryInf>COMPLETE//0000//001//CREDIT</AddtlNtryInf></Ntry><Ntry><Amt Ccy="GBP">0.01</Amt><CdtDbtInd>CRDT</CdtDbtInd><Sts>BOOK</Sts><BookgDt><Dt>2018-09-06</Dt></BookgDt><BkTxCd><Prtry><Cd>SIP UKBA CR 40269</Cd></Prtry></BkTxCd><TxDtls><Refs><EndToEndId>PPRD00000000AL7KJU</EndToEndId><TxId>PPRD00000000AL7KJU</TxId></Refs><RltdPties><Dbtr><Nm>PAYPAL CODE 9578</Nm><PstlAdr><AdrLine>2211 N 1st Street San Jose CA 95131</AdrLine><Ctry/></PstlAdr></Dbtr><DbtrAcct><Id><PrtryAcct><Id>23526285010101</Id></PrtryAcct></Id></DbtrAcct><Cdtr><Nm>Stefka  Slavcheva</Nm><PstlAdr><AdrLine>2B Sunnyhill Road</AdrLine><Ctry/></PstlAdr></Cdtr><CdtrAcct><Id><PrtryAcct><Id>23008200351628</Id></PrtryAcct></Id></CdtrAcct><Prtry><Tp>PAYPAL CODE 9578</Tp><Pty/></Prtry></RltdPties><RmtInf><Strd><RfrdDocInf><RfrdDocTp><Prtry>002</Prtry></RfrdDocTp></RfrdDocInf><AddtlRmtInf>NO REF</AddtlRmtInf></Strd><Strd><AddtlRmtInf>PAYPAL CODE 9578//PAYPAL CODE 9578</AddtlRmtInf></Strd></RmtInf><RltdDts><TxDtTm>2018-09-06T10:05:02</TxDtTm></RltdDts><AddtlTxInf>PPRD00000000AL7KJU1020180906826235262</AddtlTxInf></TxDtls><AddtlNtryInf>COMPLETE//0000//001//CREDIT</AddtlNtryInf></Ntry><Ntry><Amt Ccy="GBP">45.00</Amt><CdtDbtInd>CRDT</CdtDbtInd><Sts>BOOK</Sts><BookgDt><Dt>2018-09-06</Dt></BookgDt><BkTxCd><Prtry><Cd>SIP UKBA CR 40269</Cd></Prtry></BkTxCd><TxDtls><Refs><EndToEndId>NOREF</EndToEndId><TxId>000000000127348741</TxId></Refs><RltdPties><Dbtr><Nm>MR L A NEED</Nm></Dbtr><DbtrAcct><Id><PrtryAcct><Id>08910314185050</Id></PrtryAcct></Id></DbtrAcct><Cdtr><Nm>MR L NEED SAVING</Nm></Cdtr><CdtrAcct><Id><PrtryAcct><Id>23008200338418</Id></PrtryAcct></Id></CdtrAcct></RltdPties><RmtInf><Strd><AddtlRmtInf>NO REF</AddtlRmtInf></Strd><Strd><AddtlRmtInf>MR L A NEED//</AddtlRmtInf></Strd></RmtInf><RltdDts><TxDtTm>2018-09-06T10:10:46</TxDtTm></RltdDts><AddtlTxInf>0000000001273487411020180906826089103</AddtlTxInf></TxDtls><AddtlNtryInf>COMPLETE//0000//001//CREDIT</AddtlNtryInf></Ntry><Ntry><Amt Ccy="GBP">40.00</Amt><CdtDbtInd>CRDT</CdtDbtInd><Sts>BOOK</Sts><BookgDt><Dt>2018-09-06</Dt></BookgDt><BkTxCd><Prtry><Cd>SIP UKBA CR 40269</Cd></Prtry></BkTxCd><TxDtls><Refs><EndToEndId>AZEEZ OLUWATOYIN</EndToEndId><TxId>TW0000000039387385</TxId></Refs><RltdPties><Dbtr><Nm>Oluwatoyin Azeez TW</Nm></Dbtr><DbtrAcct><Id><PrtryAcct><Id>23147073089616</Id></PrtryAcct></Id></DbtrAcct><Cdtr><Nm>Charles Amrovhe</Nm></Cdtr><CdtrAcct><Id><PrtryAcct><Id>23008200212810</Id></PrtryAcct></Id></CdtrAcct><Prtry><Tp>AZEEZ OLUWATOYIN</Tp><Pty/></Prtry></RltdPties><RmtInf><Strd><AddtlRmtInf>NO REF</AddtlRmtInf></Strd><Strd><AddtlRmtInf>Oluwatoyin Azeez T//AZEEZ OLUWATOYIN</AddtlRmtInf></Strd></RmtInf><RltdDts><TxDtTm>2018-09-06T10:14:02</TxDtTm></RltdDts><AddtlTxInf>TW00000000393873851020180906826231470</AddtlTxInf></TxDtls><AddtlNtryInf>COMPLETE//0000//001//CREDIT</AddtlNtryInf></Ntry><Ntry><Amt Ccy="GBP">700.00</Amt><CdtDbtInd>DBIT</CdtDbtInd><Sts>BOOK</Sts><BookgDt><Dt>2018-09-06</Dt></BookgDt><BkTxCd><Prtry><Cd>AUT UKBA DR 30278</Cd></Prtry></BkTxCd><TxDtls><Refs><TxId>000000000335474200</TxId></Refs><RltdPties><DbtrAcct><Id><PrtryAcct><Id>20594233939774</Id></PrtryAcct></Id></DbtrAcct></RltdPties><RmtInf><Strd><AddtlRmtInf>NO REF</AddtlRmtInf></Strd><Strd><AddtlRmtInf>20180906A44639//7S      F0V63AF165</AddtlRmtInf></Strd></RmtInf><RltdDts><TxDtTm>2018-09-06T10:17:02</TxDtTm></RltdDts><AddtlTxInf>0000000003354742000020180906826205942</AddtlTxInf></TxDtls><AddtlNtryInf>AUTHSENT//0000//001//DEBIT</AddtlNtryInf></Ntry><Ntry><Amt Ccy="GBP">1440.00</Amt><CdtDbtInd>CRDT</CdtDbtInd><Sts>BOOK</Sts><BookgDt><Dt>2018-09-06</Dt></BookgDt><BkTxCd><Prtry><Cd>SIP UKBA CR 40269</Cd></Prtry></BkTxCd><TxDtls><Refs><EndToEndId>NOREF</EndToEndId><TxId>RP4659983960913300</TxId></Refs><RltdPties><Dbtr><Nm>EDW HA E LTD SW</Nm></Dbtr><DbtrAcct><Id><PrtryAcct><Id>20452853709094</Id></PrtryAcct></Id></DbtrAcct><Cdtr><Nm>ESTHWAITE PROPERTI</Nm></Cdtr><CdtrAcct><Id><PrtryAcct><Id>23008200044053</Id></PrtryAcct></Id></CdtrAcct><Prtry><Tp>QUEENS HEAD</Tp><Pty/></Prtry></RltdPties><RmtInf><Strd><AddtlRmtInf>NO REF</AddtlRmtInf></Strd><Strd><AddtlRmtInf>EDW HA E LTD SW//QUEENS HEAD</AddtlRmtInf></Strd></RmtInf><RltdDts><TxDtTm>2018-09-06T10:29:38</TxDtTm></RltdDts><AddtlTxInf>RP46599839609133001020180906826200026</AddtlTxInf></TxDtls><AddtlNtryInf>COMPLETE//0000//001//CREDIT</AddtlNtryInf></Ntry></Ntfctn></BkToCstmrDbtCdtNtfctnV01></Document>