<?xml version="1.0" encoding="UTF-8"?><Document xmlns:xsi="http://www.w3.org/2001/XMLSchema-instance" xmlns="urn:iso:std:iso:20022:tech:xsd:camt.054.001.01"><BkToCstmrDbtCdtNtfctnV01><GrpHdr><MsgId>80309K//12323</MsgId><CreDtTm>2018-09-02T15:30:00</CreDtTm></GrpHdr><Ntfctn><Id>80309K//12323//1</Id><CreDtTm>2018-09-02T15:30:00</CreDtTm><Acct><Id><PrtryAcct><Id>20594233939774</Id></PrtryAcct></Id><Ccy>GBP</Ccy></Acct><TxsSummry><TtlNtries><NbOfNtries>4</NbOfNtries><Sum>550.52</Sum></TtlNtries><TtlCdtNtries><NbOfNtries>4</NbOfNtries><Sum>550.52</Sum></TtlCdtNtries><TtlDbtNtries><NbOfNtries>0</NbOfNtries><Sum>0.00</Sum></TtlDbtNtries></TxsSummry><Ntry><Amt Ccy="GBP">485.27</Amt><CdtDbtInd>CRDT</CdtDbtInd><Sts>BOOK</Sts><BookgDt><Dt>2018-09-03</Dt></BookgDt><BkTxCd><Prtry><Cd>SIP UKBA CR 40269</Cd></Prtry></BkTxCd><TxDtls><Refs><EndToEndId>NOREF</EndToEndId><TxId>300000000388516961</TxId></Refs><RltdPties><Dbtr><Nm>RAINS SERVICES LIM</Nm></Dbtr><DbtrAcct><Id><PrtryAcct><Id>80088010289365</Id></PrtryAcct></Id></DbtrAcct><Cdtr><Nm>FELIX OPPONG</Nm></Cdtr><CdtrAcct><Id><PrtryAcct><Id>23008200169046</Id></PrtryAcct></Id></CdtrAcct><Prtry><Tp>FELIX</Tp><Pty/></Prtry></RltdPties><RmtInf><Strd><AddtlRmtInf>NO REF</AddtlRmtInf></Strd><Strd><AddtlRmtInf>RAINS SERVICES LIM//FELIX</AddtlRmtInf></Strd></RmtInf><RltdDts><TxDtTm>2018-09-02T15:05:54</TxDtTm></RltdDts><AddtlTxInf>3000000003885169611020180902826800880</AddtlTxInf></TxDtls><AddtlNtryInf>COMPLETE//0000//003//CREDIT</AddtlNtryInf></Ntry><Ntry><Amt Ccy="GBP">1.00</Amt><CdtDbtInd>CRDT</CdtDbtInd><Sts>BOOK</Sts><BookgDt><Dt>2018-09-03</Dt></BookgDt><BkTxCd><Prtry><Cd>SIP UKBA CR 40269</Cd></Prtry></BkTxCd><TxDtls><Refs><EndToEndId>MONEU</EndToEndId><TxId>63150832757611000N</TxId><Prtry><Tp>STO REF</Tp><Ref>0000</Ref></Prtry></Refs><RltdPties><Dbtr><Nm>MUSA KI</Nm></Dbtr><DbtrAcct><Id><PrtryAcct><Id>60132045673888</Id></PrtryAcct></Id></DbtrAcct><Cdtr><Nm>YASEN SHARIF</Nm></Cdtr><CdtrAcct><Id><PrtryAcct><Id>23008200350539</Id></PrtryAcct></Id></CdtrAcct><Prtry><Tp>MONEU</Tp><Pty/></Prtry></RltdPties><RmtInf><Strd><AddtlRmtInf>MUSA KI           MONEU             VIA MOBILE - LVP</AddtlRmtInf></Strd><Strd><AddtlRmtInf>MUSA KI//MONEU</AddtlRmtInf></Strd></RmtInf><RltdDts><TxDtTm>2018-09-02T15:08:33</TxDtTm></RltdDts><AddtlTxInf>63150832757611000N1020180902826601320</AddtlTxInf></TxDtls><AddtlNtryInf>COMPLETE//0000//003//CREDIT</AddtlNtryInf></Ntry><Ntry><Amt Ccy="GBP">62.25</Amt><CdtDbtInd>CRDT</CdtDbtInd><Sts>BOOK</Sts><BookgDt><Dt>2018-09-03</Dt></BookgDt><BkTxCd><Prtry><Cd>SIP UKBA CR 40269</Cd></Prtry></BkTxCd><TxDtls><Refs><EndToEndId>SCRAP</EndToEndId><TxId>20151111527704000N</TxId><Prtry><Tp>STO REF</Tp><Ref>0000</Ref></Prtry></Refs><RltdPties><Dbtr><Nm>LEATHERBARROW JD</Nm></Dbtr><DbtrAcct><Id><PrtryAcct><Id>60202137069012</Id></PrtryAcct></Id></DbtrAcct><Cdtr><Nm>NEIL</Nm></Cdtr><CdtrAcct><Id><PrtryAcct><Id>23008200319180</Id></PrtryAcct></Id></CdtrAcct><Prtry><Tp>SCRAP</Tp><Pty/></Prtry></RltdPties><RmtInf><Strd><AddtlRmtInf>LEATHERBARROW JD  SCRAP             VIA MOBILE - LVP</AddtlRmtInf></Strd><Strd><AddtlRmtInf>LEATHERBARROW JD//SCRAP</AddtlRmtInf></Strd></RmtInf><RltdDts><TxDtTm>2018-09-02T15:11:11</TxDtTm></RltdDts><AddtlTxInf>20151111527704000N1020180902826602021</AddtlTxInf></TxDtls><AddtlNtryInf>COMPLETE//0000//003//CREDIT</AddtlNtryInf></Ntry><Ntry><Amt Ccy="GBP">2.00</Amt><CdtDbtInd>CRDT</CdtDbtInd><Sts>BOOK</Sts><BookgDt><Dt>2018-09-03</Dt></BookgDt><BkTxCd><Prtry><Cd>DCA UKBA CR 40269</Cd></Prtry></BkTxCd><TxDtls><Refs><EndToEndId>NOREF</EndToEndId><TxId>000000013446647301</TxId><Prtry><Tp>STO REF</Tp><Ref>0000</Ref></Prtry></Refs><RltdPties><Dbtr><Nm>23630701259189</Nm></Dbtr><DbtrAcct><Id><PrtryAcct><Id>20594243523659</Id></PrtryAcct></Id></DbtrAcct><Cdtr><Nm>CLARE</Nm></Cdtr><CdtrAcct><Id><PrtryAcct><Id>23008200001365</Id></PrtryAcct></Id></CdtrAcct><Prtry><Tp>ME</Tp><Pty/></Prtry></RltdPties><RmtInf><Strd><AddtlRmtInf>NO REF</AddtlRmtInf></Strd><Strd><AddtlRmtInf>23630701259189//ME</AddtlRmtInf></Strd></RmtInf><RltdDts><TxDtTm>2018-09-02T15:16:54</TxDtTm></RltdDts><AddtlTxInf>0000000134466473015020180902826205942</AddtlTxInf></TxDtls><AddtlNtryInf>COMPLETE//0000//003//CREDIT</AddtlNtryInf></Ntry></Ntfctn></BkToCstmrDbtCdtNtfctnV01></Document>