<?xml version="1.0" encoding="UTF-8"?><Document xmlns:xsi="http://www.w3.org/2001/XMLSchema-instance" xmlns="urn:iso:std:iso:20022:tech:xsd:camt.054.001.01"><BkToCstmrDbtCdtNtfctnV01><GrpHdr><MsgId>80309K//13055</MsgId><CreDtTm>2018-09-19T14:00:00</CreDtTm></GrpHdr><Ntfctn><Id>80309K//13055//1</Id><CreDtTm>2018-09-19T14:00:00</CreDtTm><Acct><Id><PrtryAcct><Id>20594233939774</Id></PrtryAcct></Id><Ccy>GBP</Ccy></Acct><TxsSummry><TtlNtries><NbOfNtries>11</NbOfNtries><Sum>2999.19</Sum></TtlNtries><TtlCdtNtries><NbOfNtries>11</NbOfNtries><Sum>2999.19</Sum></TtlCdtNtries><TtlDbtNtries><NbOfNtries>0</NbOfNtries><Sum>0.00</Sum></TtlDbtNtries></TxsSummry><Ntry><Amt Ccy="GBP">250.00</Amt><CdtDbtInd>CRDT</CdtDbtInd><Sts>BOOK</Sts><BookgDt><Dt>2018-09-19</Dt></BookgDt><BkTxCd><Prtry><Cd>SIP UKBA CR 40269</Cd></Prtry></BkTxCd><TxDtls><Refs><EndToEndId>00153425632BWCMFSQ</EndToEndId><TxId>00153425632BWCMFSQ</TxId></Refs><RltdPties><Dbtr><Nm>JOSHUA WILSON</Nm></Dbtr><DbtrAcct><Id><PrtryAcct><Id>09012927911422</Id></PrtryAcct></Id></DbtrAcct><Cdtr><Nm>K TRAORE</Nm></Cdtr><CdtrAcct><Id><PrtryAcct><Id>23008200393346</Id></PrtryAcct></Id></CdtrAcct><Prtry><Tp>khalid</Tp><Pty/></Prtry></RltdPties><RmtInf><Strd><AddtlRmtInf>NO REF</AddtlRmtInf></Strd><Strd><AddtlRmtInf>JOSHUA WILSON//khalid</AddtlRmtInf></Strd></RmtInf><RltdDts><TxDtTm>2018-09-19T13:31:24</TxDtTm></RltdDts><AddtlTxInf>00153425632BWCMFSQ1020180919826090129</AddtlTxInf></TxDtls><AddtlNtryInf>COMPLETE//0000//002//CREDIT</AddtlNtryInf></Ntry><Ntry><Amt Ccy="GBP">0.01</Amt><CdtDbtInd>CRDT</CdtDbtInd><Sts>BOOK</Sts><BookgDt><Dt>2018-09-19</Dt></BookgDt><BkTxCd><Prtry><Cd>SIP UKBA CR 40269</Cd></Prtry></BkTxCd><TxDtls><Refs><EndToEndId>PPRD00000000AOJ7YS</EndToEndId><TxId>PPRD00000000AOJ7YS</TxId></Refs><RltdPties><Dbtr><Nm>PAYPAL CODE 1034</Nm><PstlAdr><AdrLine>2211 N 1st Street San Jose CA 95131</AdrLine><Ctry/></PstlAdr></Dbtr><DbtrAcct><Id><PrtryAcct><Id>23526285010101</Id></PrtryAcct></Id></DbtrAcct><Cdtr><Nm>Stuart Cockburn</Nm><PstlAdr><AdrLine>11 Goldthorpe Close</AdrLine><Ctry/></PstlAdr></Cdtr><CdtrAcct><Id><PrtryAcct><Id>23008200454254</Id></PrtryAcct></Id></CdtrAcct><Prtry><Tp>PAYPAL CODE 1034</Tp><Pty/></Prtry></RltdPties><RmtInf><Strd><RfrdDocInf><RfrdDocTp><Prtry>002</Prtry></RfrdDocTp></RfrdDocInf><AddtlRmtInf>NO REF</AddtlRmtInf></Strd><Strd><AddtlRmtInf>PAYPAL CODE 1034//PAYPAL CODE 1034</AddtlRmtInf></Strd></RmtInf><RltdDts><TxDtTm>2018-09-19T13:33:41</TxDtTm></RltdDts><AddtlTxInf>PPRD00000000AOJ7YS1020180919826235262</AddtlTxInf></TxDtls><AddtlNtryInf>COMPLETE//0000//002//CREDIT</AddtlNtryInf></Ntry><Ntry><Amt Ccy="GBP">502.00</Amt><CdtDbtInd>CRDT</CdtDbtInd><Sts>BOOK</Sts><BookgDt><Dt>2018-09-19</Dt></BookgDt><BkTxCd><Prtry><Cd>SIP UKBA CR 40269</Cd></Prtry></BkTxCd><TxDtls><Refs><EndToEndId>NOREF</EndToEndId><TxId>FP18262O03046970</TxId></Refs><RltdPties><Dbtr><Nm>Dang Thomas</Nm></Dbtr><DbtrAcct><Id><PrtryAcct><Id>07043643135936</Id></PrtryAcct></Id></DbtrAcct><Cdtr><Nm>THOMAS DANG</Nm></Cdtr><CdtrAcct><Id><PrtryAcct><Id>23008200420995</Id></PrtryAcct></Id></CdtrAcct><Prtry><Tp>DANG</Tp><Pty/></Prtry></RltdPties><RmtInf><Strd><AddtlRmtInf>NO REF</AddtlRmtInf></Strd><Strd><AddtlRmtInf>Dang Thomas//DANG</AddtlRmtInf></Strd></RmtInf><RltdDts><TxDtTm>2018-09-19T13:36:49</TxDtTm></RltdDts><AddtlTxInf>FP18262O03046970  1020180919826070436</AddtlTxInf></TxDtls><AddtlNtryInf>COMPLETE//0000//002//CREDIT</AddtlNtryInf></Ntry><Ntry><Amt Ccy="GBP">1600.00</Amt><CdtDbtInd>CRDT</CdtDbtInd><Sts>BOOK</Sts><BookgDt><Dt>2018-09-19</Dt></BookgDt><BkTxCd><Prtry><Cd>SIP UKBA CR 40269</Cd></Prtry></BkTxCd><TxDtls><Refs><EndToEndId>NOREF</EndToEndId><TxId>51134607238835000N</TxId><Prtry><Tp>STO REF</Tp><Ref>0000</Ref></Prtry></Refs><RltdPties><Dbtr><Nm>MRS KHADIJA PATEL</Nm></Dbtr><DbtrAcct><Id><PrtryAcct><Id>60154867960464</Id></PrtryAcct></Id></DbtrAcct><Cdtr><Nm>Y PATEL</Nm></Cdtr><CdtrAcct><Id><PrtryAcct><Id>23008200100030</Id></PrtryAcct></Id></CdtrAcct><Prtry><Tp>PATEL32013584</Tp><Pty/></Prtry></RltdPties><RmtInf><Strd><AddtlRmtInf>PATEL32013584</AddtlRmtInf></Strd><Strd><AddtlRmtInf>MRS KHADIJA PATEL//PATEL32013584</AddtlRmtInf></Strd></RmtInf><RltdDts><TxDtTm>2018-09-19T13:46:07</TxDtTm></RltdDts><AddtlTxInf>51134607238835000N1020180919826601548</AddtlTxInf></TxDtls><AddtlNtryInf>COMPLETE//0000//002//CREDIT</AddtlNtryInf></Ntry><Ntry><Amt Ccy="GBP">20.00</Amt><CdtDbtInd>CRDT</CdtDbtInd><Sts>BOOK</Sts><BookgDt><Dt>2018-09-19</Dt></BookgDt><BkTxCd><Prtry><Cd>SIP UKBA CR 40269</Cd></Prtry></BkTxCd><TxDtls><Refs><EndToEndId>NOREF</EndToEndId><TxId>RP4679961740069100</TxId></Refs><RltdPties><Dbtr><Nm>WHITE CHRISTOPHE</Nm></Dbtr><DbtrAcct><Id><PrtryAcct><Id>20709483520781</Id></PrtryAcct></Id></DbtrAcct><Cdtr><Nm>CHRISTOPHER WHITE</Nm></Cdtr><CdtrAcct><Id><PrtryAcct><Id>23008200292739</Id></PrtryAcct></Id></CdtrAcct><Prtry><Tp>MONEY</Tp><Pty/></Prtry></RltdPties><RmtInf><Strd><AddtlRmtInf>NO REF</AddtlRmtInf></Strd><Strd><AddtlRmtInf>WHITE CHRISTOPHE//MONEY</AddtlRmtInf></Strd></RmtInf><RltdDts><TxDtTm>2018-09-19T13:52:21</TxDtTm></RltdDts><AddtlTxInf>RP46799617400691001020180919826200026</AddtlTxInf></TxDtls><AddtlNtryInf>COMPLETE//0000//002//CREDIT</AddtlNtryInf></Ntry><Ntry><Amt Ccy="GBP">10.00</Amt><CdtDbtInd>CRDT</CdtDbtInd><Sts>BOOK</Sts><BookgDt><Dt>2018-09-19</Dt></BookgDt><BkTxCd><Prtry><Cd>SIP UKBA CR 40269</Cd></Prtry></BkTxCd><TxDtls><Refs><EndToEndId>XX</EndToEndId><TxId>48135229180744000R</TxId><Prtry><Tp>STO REF</Tp><Ref>0000</Ref></Prtry></Refs><RltdPties><Dbtr><Nm>EASON LE</Nm></Dbtr><DbtrAcct><Id><PrtryAcct><Id>16262710885057</Id></PrtryAcct></Id></DbtrAcct><Cdtr><Nm>RHEA DAY</Nm></Cdtr><CdtrAcct><Id><PrtryAcct><Id>23008200183443</Id></PrtryAcct></Id></CdtrAcct><Prtry><Tp>XX</Tp><Pty/></Prtry></RltdPties><RmtInf><Strd><AddtlRmtInf>EASON LE          XX                VIA MOBILE - LVP</AddtlRmtInf></Strd><Strd><AddtlRmtInf>EASON LE//XX</AddtlRmtInf></Strd></RmtInf><RltdDts><TxDtTm>2018-09-19T13:52:29</TxDtTm></RltdDts><AddtlTxInf>48135229180744000R1020180919826162627</AddtlTxInf></TxDtls><AddtlNtryInf>COMPLETE//0000//002//CREDIT</AddtlNtryInf></Ntry><Ntry><Amt Ccy="GBP">135.00</Amt><CdtDbtInd>CRDT</CdtDbtInd><Sts>BOOK</Sts><BookgDt><Dt>2018-09-19</Dt></BookgDt><BkTxCd><Prtry><Cd>SIP UKBA CR 40269</Cd></Prtry></BkTxCd><TxDtls><Refs><EndToEndId>NOREF</EndToEndId><TxId>976329353531919001</TxId><Prtry><Tp>STO REF</Tp><Ref>0000</Ref></Prtry></Refs><RltdPties><Dbtr><Nm>BEGUM S</Nm></Dbtr><DbtrAcct><Id><PrtryAcct><Id>40372532689952</Id></PrtryAcct></Id></DbtrAcct><Cdtr><Nm>MR IAN NAYLOR</Nm></Cdtr><CdtrAcct><Id><PrtryAcct><Id>23008200321566</Id></PrtryAcct></Id></CdtrAcct><Prtry><Tp>RONA BEGUM</Tp><Pty/></Prtry></RltdPties><RmtInf><Strd><AddtlRmtInf>NO REF</AddtlRmtInf></Strd><Strd><AddtlRmtInf>BEGUM S//RONA BEGUM</AddtlRmtInf></Strd></RmtInf><RltdDts><TxDtTm>2018-09-19T13:53:54</TxDtTm></RltdDts><AddtlTxInf>9763293535319190011020180919826403725</AddtlTxInf></TxDtls><AddtlNtryInf>COMPLETE//0000//002//CREDIT</AddtlNtryInf></Ntry><Ntry><Amt Ccy="GBP">50.00</Amt><CdtDbtInd>CRDT</CdtDbtInd><Sts>BOOK</Sts><BookgDt><Dt>2018-09-19</Dt></BookgDt><BkTxCd><Prtry><Cd>SIP UKBA CR 40269</Cd></Prtry></BkTxCd><TxDtls><Refs><EndToEndId>NOREF</EndToEndId><TxId>RP4679961740319900</TxId></Refs><RltdPties><Dbtr><Nm>WHITE CHRISTOPHE</Nm></Dbtr><DbtrAcct><Id><PrtryAcct><Id>20709483520781</Id></PrtryAcct></Id></DbtrAcct><Cdtr><Nm>CHRISTOPHER WHITE</Nm></Cdtr><CdtrAcct><Id><PrtryAcct><Id>23008200292739</Id></PrtryAcct></Id></CdtrAcct><Prtry><Tp>MONEY</Tp><Pty/></Prtry></RltdPties><RmtInf><Strd><AddtlRmtInf>NO REF</AddtlRmtInf></Strd><Strd><AddtlRmtInf>WHITE CHRISTOPHE//MONEY</AddtlRmtInf></Strd></RmtInf><RltdDts><TxDtTm>2018-09-19T13:55:03</TxDtTm></RltdDts><AddtlTxInf>RP46799617403199001020180919826200026</AddtlTxInf></TxDtls><AddtlNtryInf>COMPLETE//0000//002//CREDIT</AddtlNtryInf></Ntry><Ntry><Amt Ccy="GBP">303.18</Amt><CdtDbtInd>CRDT</CdtDbtInd><Sts>BOOK</Sts><BookgDt><Dt>2018-09-19</Dt></BookgDt><BkTxCd><Prtry><Cd>SIP UKBA CR 40269</Cd></Prtry></BkTxCd><TxDtls><Refs><EndToEndId>PPWD00000000AOJGIC</EndToEndId><TxId>PPWD00000000AOJGIC</TxId></Refs><RltdPties><Dbtr><Nm>PayPal</Nm><PstlAdr><AdrLine>2211 N 1st Street San Jose CA 95131</AdrLine><Ctry/></PstlAdr></Dbtr><DbtrAcct><Id><PrtryAcct><Id>23526278959595</Id></PrtryAcct></Id></DbtrAcct><Cdtr><Nm>Radoslaw Zabnicki</Nm><PstlAdr><AdrLine>93 Glengarry Road</AdrLine><Ctry/></PstlAdr></Cdtr><CdtrAcct><Id><PrtryAcct><Id>23008200351062</Id></PrtryAcct></Id></CdtrAcct><Prtry><Tp>PPWDL5S322AL7LYNAN</Tp><Pty/></Prtry></RltdPties><RmtInf><Strd><RfrdDocInf><RfrdDocTp><Prtry>002</Prtry></RfrdDocTp></RfrdDocInf><AddtlRmtInf>NO REF</AddtlRmtInf></Strd><Strd><AddtlRmtInf>PayPal//PPWDL5S322AL7LYNAN</AddtlRmtInf></Strd></RmtInf><RltdDts><TxDtTm>2018-09-19T13:58:55</TxDtTm></RltdDts><AddtlTxInf>PPWD00000000AOJGIC1020180919826235262</AddtlTxInf></TxDtls><AddtlNtryInf>COMPLETE//0000//002//CREDIT</AddtlNtryInf></Ntry><Ntry><Amt Ccy="GBP">30.00</Amt><CdtDbtInd>CRDT</CdtDbtInd><Sts>BOOK</Sts><BookgDt><Dt>2018-09-19</Dt></BookgDt><BkTxCd><Prtry><Cd>SIP UKBA CR 40269</Cd></Prtry></BkTxCd><TxDtls><Refs><EndToEndId>NOREF</EndToEndId><TxId>RP4679961740666100</TxId></Refs><RltdPties><Dbtr><Nm>MURRAY A</Nm></Dbtr><DbtrAcct><Id><PrtryAcct><Id>20253650771422</Id></PrtryAcct></Id></DbtrAcct><Cdtr><Nm>AARON NEW</Nm></Cdtr><CdtrAcct><Id><PrtryAcct><Id>23008200313840</Id></PrtryAcct></Id></CdtrAcct><Prtry><Tp>ANNA</Tp><Pty/></Prtry></RltdPties><RmtInf><Strd><AddtlRmtInf>NO REF</AddtlRmtInf></Strd><Strd><AddtlRmtInf>MURRAY A//ANNA</AddtlRmtInf></Strd></RmtInf><RltdDts><TxDtTm>2018-09-19T13:58:56</TxDtTm></RltdDts><AddtlTxInf>RP46799617406661001020180919826200026</AddtlTxInf></TxDtls><AddtlNtryInf>COMPLETE//0000//002//CREDIT</AddtlNtryInf></Ntry><Ntry><Amt Ccy="GBP">99.00</Amt><CdtDbtInd>CRDT</CdtDbtInd><Sts>BOOK</Sts><BookgDt><Dt>2018-09-19</Dt></BookgDt><BkTxCd><Prtry><Cd>SIP UKBA CR 40269</Cd></Prtry></BkTxCd><TxDtls><Refs><EndToEndId>NOREF</EndToEndId><TxId>FP18262O03062221</TxId></Refs><RltdPties><Dbtr><Nm>Beekie Raymond</Nm></Dbtr><DbtrAcct><Id><PrtryAcct><Id>07011629651268</Id></PrtryAcct></Id></DbtrAcct><Cdtr><Nm>AMBLESIDE RACING B</Nm></Cdtr><CdtrAcct><Id><PrtryAcct><Id>23008200224434</Id></PrtryAcct></Id></CdtrAcct><Prtry><Tp>BEEKIE 07533033041</Tp><Pty/></Prtry></RltdPties><RmtInf><Strd><AddtlRmtInf>NO REF</AddtlRmtInf></Strd><Strd><AddtlRmtInf>Beekie Raymond//BEEKIE 07533033041</AddtlRmtInf></Strd></RmtInf><RltdDts><TxDtTm>2018-09-19T13:59:03</TxDtTm></RltdDts><AddtlTxInf>FP18262O03062221  1020180919826070116</AddtlTxInf></TxDtls><AddtlNtryInf>COMPLETE//0000//002//CREDIT</AddtlNtryInf></Ntry></Ntfctn></BkToCstmrDbtCdtNtfctnV01></Document>