<?xml version="1.0" encoding="UTF-8"?><Document xmlns:xsi="http://www.w3.org/2001/XMLSchema-instance" xmlns="urn:iso:std:iso:20022:tech:xsd:camt.054.001.01"><BkToCstmrDbtCdtNtfctnV01><GrpHdr><MsgId>80309K//13091</MsgId><CreDtTm>2018-09-20T09:00:00</CreDtTm></GrpHdr><Ntfctn><Id>80309K//13091//1</Id><CreDtTm>2018-09-20T09:00:00</CreDtTm><Acct><Id><PrtryAcct><Id>20594233939774</Id></PrtryAcct></Id><Ccy>GBP</Ccy></Acct><TxsSummry><TtlNtries><NbOfNtries>6</NbOfNtries><Sum>1552.92</Sum></TtlNtries><TtlCdtNtries><NbOfNtries>6</NbOfNtries><Sum>1552.92</Sum></TtlCdtNtries><TtlDbtNtries><NbOfNtries>0</NbOfNtries><Sum>0.00</Sum></TtlDbtNtries></TxsSummry><Ntry><Amt Ccy="GBP">117.00</Amt><CdtDbtInd>CRDT</CdtDbtInd><Sts>BOOK</Sts><BookgDt><Dt>2018-09-20</Dt></BookgDt><BkTxCd><Prtry><Cd>SIP UKBA CR 40269</Cd></Prtry></BkTxCd><TxDtls><Refs><EndToEndId>NOREF</EndToEndId><TxId>200000000388568511</TxId></Refs><RltdPties><Dbtr><Nm>U Ugochukwu</Nm></Dbtr><DbtrAcct><Id><PrtryAcct><Id>77912920110860</Id></PrtryAcct></Id></DbtrAcct><Cdtr><Nm>PHILOMILLION LTD</Nm></Cdtr><CdtrAcct><Id><PrtryAcct><Id>23008200033343</Id></PrtryAcct></Id></CdtrAcct><Prtry><Tp>GOODS</Tp><Pty/></Prtry></RltdPties><RmtInf><Strd><AddtlRmtInf>NO REF</AddtlRmtInf></Strd><Strd><AddtlRmtInf>U Ugochukwu//GOODS</AddtlRmtInf></Strd></RmtInf><RltdDts><TxDtTm>2018-09-20T08:30:15</TxDtTm></RltdDts><AddtlTxInf>2000000003885685111020180920826779129</AddtlTxInf></TxDtls><AddtlNtryInf>COMPLETE//0000//001//CREDIT</AddtlNtryInf></Ntry><Ntry><Amt Ccy="GBP">105.00</Amt><CdtDbtInd>CRDT</CdtDbtInd><Sts>BOOK</Sts><BookgDt><Dt>2018-09-20</Dt></BookgDt><BkTxCd><Prtry><Cd>SIP UKBA CR 40269</Cd></Prtry></BkTxCd><TxDtls><Refs><EndToEndId>NOREF</EndToEndId><TxId>25083332278582000N</TxId><Prtry><Tp>STO REF</Tp><Ref>0000</Ref></Prtry></Refs><RltdPties><Dbtr><Nm>JAHANZAIB AZHAR</Nm><PstlAdr><AdrLine>APS COTTONS CENTRE SE1 2QG</AdrLine><Ctry/></PstlAdr></Dbtr><DbtrAcct><Id><PrtryAcct><Id>08719963169955</Id></PrtryAcct></Id></DbtrAcct><Cdtr><Nm>ZAIB</Nm></Cdtr><CdtrAcct><Id><PrtryAcct><Id>23008200430672</Id></PrtryAcct></Id></CdtrAcct><Prtry><Tp>ZAIB</Tp><Pty/></Prtry></RltdPties><RmtInf><Strd><AddtlRmtInf>ZAIB</AddtlRmtInf></Strd><Strd><AddtlRmtInf>JAHANZAIB AZHAR//ZAIB</AddtlRmtInf></Strd></RmtInf><RltdDts><TxDtTm>2018-09-20T08:33:32</TxDtTm></RltdDts><AddtlTxInf>25083332278582000N1020180920826087199</AddtlTxInf></TxDtls><AddtlNtryInf>COMPLETE//0000//001//CREDIT</AddtlNtryInf></Ntry><Ntry><Amt Ccy="GBP">75.00</Amt><CdtDbtInd>CRDT</CdtDbtInd><Sts>BOOK</Sts><BookgDt><Dt>2018-09-20</Dt></BookgDt><BkTxCd><Prtry><Cd>SIP UKBA CR 40269</Cd></Prtry></BkTxCd><TxDtls><Refs><EndToEndId>NOREF</EndToEndId><TxId>31083332504981000N</TxId><Prtry><Tp>STO REF</Tp><Ref>0000</Ref></Prtry></Refs><RltdPties><Dbtr><Nm>LIBERTY FORMATIONS</Nm><PstlAdr><AdrLine>APS COTTONS CENTRE SE1 2QG</AdrLine><Ctry/></PstlAdr></Dbtr><DbtrAcct><Id><PrtryAcct><Id>08719967381655</Id></PrtryAcct></Id></DbtrAcct><Cdtr><Nm>RICHARD FAIRCLOUGH</Nm></Cdtr><CdtrAcct><Id><PrtryAcct><Id>23008200171427</Id></PrtryAcct></Id></CdtrAcct><Prtry><Tp>LIBERTY</Tp><Pty/></Prtry></RltdPties><RmtInf><Strd><AddtlRmtInf>LIBERTY</AddtlRmtInf></Strd><Strd><AddtlRmtInf>LIBERTY FORMATIONS//LIBERTY</AddtlRmtInf></Strd></RmtInf><RltdDts><TxDtTm>2018-09-20T08:33:32</TxDtTm></RltdDts><AddtlTxInf>31083332504981000N1020180920826087199</AddtlTxInf></TxDtls><AddtlNtryInf>COMPLETE//0000//001//CREDIT</AddtlNtryInf></Ntry><Ntry><Amt Ccy="GBP">30.00</Amt><CdtDbtInd>CRDT</CdtDbtInd><Sts>BOOK</Sts><BookgDt><Dt>2018-09-20</Dt></BookgDt><BkTxCd><Prtry><Cd>SIP UKBA CR 40269</Cd></Prtry></BkTxCd><TxDtls><Refs><EndToEndId>PPWD00000000AOQ3G0</EndToEndId><TxId>PPWD00000000AOQ3G0</TxId></Refs><RltdPties><Dbtr><Nm>PayPal</Nm><PstlAdr><AdrLine>2211 N 1st Street San Jose CA 95131</AdrLine><Ctry/></PstlAdr></Dbtr><DbtrAcct><Id><PrtryAcct><Id>23526278959595</Id></PrtryAcct></Id></DbtrAcct><Cdtr><Nm>Soulful Records Ltd</Nm><PstlAdr><AdrLine>27 Commercial Street</AdrLine><Ctry/></PstlAdr></Cdtr><CdtrAcct><Id><PrtryAcct><Id>23008200035140</Id></PrtryAcct></Id></CdtrAcct><Prtry><Tp>PPWDL5FNJ2AL8CTLLE</Tp><Pty/></Prtry></RltdPties><RmtInf><Strd><RfrdDocInf><RfrdDocTp><Prtry>002</Prtry></RfrdDocTp></RfrdDocInf><AddtlRmtInf>NO REF</AddtlRmtInf></Strd><Strd><AddtlRmtInf>PayPal//PPWDL5FNJ2AL8CTLLE</AddtlRmtInf></Strd></RmtInf><RltdDts><TxDtTm>2018-09-20T08:47:45</TxDtTm></RltdDts><AddtlTxInf>PPWD00000000AOQ3G01020180920826235262</AddtlTxInf></TxDtls><AddtlNtryInf>COMPLETE//0000//001//CREDIT</AddtlNtryInf></Ntry><Ntry><Amt Ccy="GBP">975.92</Amt><CdtDbtInd>CRDT</CdtDbtInd><Sts>BOOK</Sts><BookgDt><Dt>2018-09-20</Dt></BookgDt><BkTxCd><Prtry><Cd>FDP UKBA CR 40269</Cd></Prtry></BkTxCd><TxDtls><Refs><EndToEndId>PE-SZDPUYQO1SUNMU1WCCWLNSKJHGBA</EndToEndId><TxId>PH1000001380329500</TxId></Refs><RltdPties><Dbtr><Nm>Stripe Payments UK Ltd</Nm></Dbtr><DbtrAcct><Id><PrtryAcct><Id>20000023322890</Id></PrtryAcct></Id></DbtrAcct><Cdtr><Nm>ZEPOS LIMITED</Nm><PstlAdr><AdrLine>BRIARTREE MANOR 130 NEWPORT ROAD CA</AdrLine><AdrLine>RDIFF CF24 1DH GB</AdrLine><Ctry/></PstlAdr></Cdtr><CdtrAcct><Id><PrtryAcct><Id>23008200222251</Id></PrtryAcct></Id></CdtrAcct><Prtry><Tp>STRIPE</Tp><Pty/></Prtry></RltdPties><RmtInf><Strd><AddtlRmtInf>NO REF</AddtlRmtInf></Strd><Strd><AddtlRmtInf>Stripe Payments UK//STRIPE</AddtlRmtInf></Strd></RmtInf><RltdDts><TxDtTm>2018-09-20T08:50:13</TxDtTm></RltdDts><AddtlTxInf>PH10000013803295004020180920826203253</AddtlTxInf></TxDtls><AddtlNtryInf>COMPLETE//0000//001//CREDIT</AddtlNtryInf></Ntry><Ntry><Amt Ccy="GBP">250.00</Amt><CdtDbtInd>CRDT</CdtDbtInd><Sts>BOOK</Sts><BookgDt><Dt>2018-09-20</Dt></BookgDt><BkTxCd><Prtry><Cd>DCA UKBA CR 40269</Cd></Prtry></BkTxCd><TxDtls><Refs><EndToEndId>NOREF</EndToEndId><TxId>000000013614859801</TxId><Prtry><Tp>STO REF</Tp><Ref>9649</Ref></Prtry></Refs><RltdPties><Dbtr><Nm>E WILLIAMS</Nm></Dbtr><DbtrAcct><Id><PrtryAcct><Id>20035373152596</Id></PrtryAcct></Id></DbtrAcct><Cdtr><Nm>EDWARD WILLIAMS1</Nm></Cdtr><CdtrAcct><Id><PrtryAcct><Id>23008200353729</Id></PrtryAcct></Id></CdtrAcct><Prtry><Tp>EDWARD WILLIAMS</Tp><Pty/></Prtry></RltdPties><RmtInf><Strd><AddtlRmtInf>NO REF</AddtlRmtInf></Strd><Strd><AddtlRmtInf>E WILLIAMS//EDWARD WILLIAMS</AddtlRmtInf></Strd></RmtInf><RltdDts><TxDtTm>2018-09-20T08:52:00</TxDtTm></RltdDts><AddtlTxInf>0000000136148598015020180920826200353</AddtlTxInf></TxDtls><AddtlNtryInf>COMPLETE//0000//001//CREDIT</AddtlNtryInf></Ntry></Ntfctn></BkToCstmrDbtCdtNtfctnV01></Document>