<?xml version="1.0" encoding="UTF-8"?><Document xmlns:xsi="http://www.w3.org/2001/XMLSchema-instance" xmlns="urn:iso:std:iso:20022:tech:xsd:camt.054.001.01"><BkToCstmrDbtCdtNtfctnV01><GrpHdr><MsgId>80309K//13357</MsgId><CreDtTm>2018-09-26T14:00:00</CreDtTm></GrpHdr><Ntfctn><Id>80309K//13357//1</Id><CreDtTm>2018-09-26T14:00:00</CreDtTm><Acct><Id><PrtryAcct><Id>20594233939774</Id></PrtryAcct></Id><Ccy>GBP</Ccy></Acct><TxsSummry><TtlNtries><NbOfNtries>8</NbOfNtries><Sum>903.51</Sum></TtlNtries><TtlCdtNtries><NbOfNtries>8</NbOfNtries><Sum>903.51</Sum></TtlCdtNtries><TtlDbtNtries><NbOfNtries>0</NbOfNtries><Sum>0.00</Sum></TtlDbtNtries></TxsSummry><Ntry><Amt Ccy="GBP">18.50</Amt><CdtDbtInd>CRDT</CdtDbtInd><Sts>BOOK</Sts><BookgDt><Dt>2018-09-26</Dt></BookgDt><BkTxCd><Prtry><Cd>SIP UKBA CR 40269</Cd></Prtry></BkTxCd><TxDtls><Refs><EndToEndId>00153425632BWGBQMJ</EndToEndId><TxId>00153425632BWGBQMJ</TxId></Refs><RltdPties><Dbtr><Nm>JOHN CROMPTON</Nm></Dbtr><DbtrAcct><Id><PrtryAcct><Id>09012893990988</Id></PrtryAcct></Id></DbtrAcct><Cdtr><Nm>J CROM ARRO</Nm></Cdtr><CdtrAcct><Id><PrtryAcct><Id>23008200431266</Id></PrtryAcct></Id></CdtrAcct><Prtry><Tp>arroaccount</Tp><Pty/></Prtry></RltdPties><RmtInf><Strd><AddtlRmtInf>NO REF</AddtlRmtInf></Strd><Strd><AddtlRmtInf>JOHN CROMPTON//arroaccount</AddtlRmtInf></Strd></RmtInf><RltdDts><TxDtTm>2018-09-26T13:36:03</TxDtTm></RltdDts><AddtlTxInf>00153425632BWGBQMJ1020180926826090128</AddtlTxInf></TxDtls><AddtlNtryInf>COMPLETE//0000//002//CREDIT</AddtlNtryInf></Ntry><Ntry><Amt Ccy="GBP">150.00</Amt><CdtDbtInd>CRDT</CdtDbtInd><Sts>BOOK</Sts><BookgDt><Dt>2018-09-26</Dt></BookgDt><BkTxCd><Prtry><Cd>SIP UKBA CR 40269</Cd></Prtry></BkTxCd><TxDtls><Refs><EndToEndId>00151383632BBCRPKT</EndToEndId><TxId>00151383632BBCRPKT</TxId></Refs><RltdPties><Dbtr><Nm>WILLIAM MURPHY</Nm></Dbtr><DbtrAcct><Id><PrtryAcct><Id>09012739540502</Id></PrtryAcct></Id></DbtrAcct><Cdtr><Nm>AMBLESIDE RACING</Nm></Cdtr><CdtrAcct><Id><PrtryAcct><Id>23008200224434</Id></PrtryAcct></Id></CdtrAcct><Prtry><Tp>MICHAEL MURPHY</Tp><Pty/></Prtry></RltdPties><RmtInf><Strd><AddtlRmtInf>NO REF</AddtlRmtInf></Strd><Strd><AddtlRmtInf>WILLIAM MURPHY//MICHAEL MURPHY</AddtlRmtInf></Strd></RmtInf><RltdDts><TxDtTm>2018-09-26T13:38:29</TxDtTm></RltdDts><AddtlTxInf>00151383632BBCRPKT1020180926826090127</AddtlTxInf></TxDtls><AddtlNtryInf>COMPLETE//0000//002//CREDIT</AddtlNtryInf></Ntry><Ntry><Amt Ccy="GBP">200.00</Amt><CdtDbtInd>CRDT</CdtDbtInd><Sts>BOOK</Sts><BookgDt><Dt>2018-09-26</Dt></BookgDt><BkTxCd><Prtry><Cd>SIP UKBA CR 40269</Cd></Prtry></BkTxCd><TxDtls><Refs><EndToEndId>NOREF</EndToEndId><TxId>180926134035056702</TxId></Refs><RltdPties><Dbtr><Nm>Timothy Akinosun</Nm><PstlAdr><AdrLine>SOUTH LAMBETH STEWARTS ROAD LONDON;</AdrLine><AdrLine>SW8 4UG</AdrLine><Ctry/></PstlAdr></Dbtr><DbtrAcct><Id><PrtryAcct><Id>30129521836568</Id></PrtryAcct></Id></DbtrAcct><Cdtr><Nm>Jedidiah Global Logistics Ltd</Nm></Cdtr><CdtrAcct><Id><PrtryAcct><Id>23008200032558</Id></PrtryAcct></Id></CdtrAcct></RltdPties><RmtInf><Strd><AddtlRmtInf>NO REF</AddtlRmtInf></Strd><Strd><AddtlRmtInf>Timothy Akinosun//</AddtlRmtInf></Strd></RmtInf><RltdDts><TxDtTm>2018-09-26T13:40:32</TxDtTm></RltdDts><AddtlTxInf>1809261340350567021020180926826301295</AddtlTxInf></TxDtls><AddtlNtryInf>COMPLETE//0000//002//CREDIT</AddtlNtryInf></Ntry><Ntry><Amt Ccy="GBP">0.01</Amt><CdtDbtInd>CRDT</CdtDbtInd><Sts>BOOK</Sts><BookgDt><Dt>2018-09-26</Dt></BookgDt><BkTxCd><Prtry><Cd>SIP UKBA CR 40269</Cd></Prtry></BkTxCd><TxDtls><Refs><EndToEndId>PPRD00000000AQB55A</EndToEndId><TxId>PPRD00000000AQB55A</TxId></Refs><RltdPties><Dbtr><Nm>PAYPAL CODE 5993</Nm><PstlAdr><AdrLine>2211 N 1st Street San Jose CA 95131</AdrLine><Ctry/></PstlAdr></Dbtr><DbtrAcct><Id><PrtryAcct><Id>23526285010101</Id></PrtryAcct></Id></DbtrAcct><Cdtr><Nm>Mark Emerson</Nm><PstlAdr><AdrLine>60 William Street</AdrLine><Ctry/></PstlAdr></Cdtr><CdtrAcct><Id><PrtryAcct><Id>23008200468210</Id></PrtryAcct></Id></CdtrAcct><Prtry><Tp>PAYPAL CODE 5993</Tp><Pty/></Prtry></RltdPties><RmtInf><Strd><RfrdDocInf><RfrdDocTp><Prtry>002</Prtry></RfrdDocTp></RfrdDocInf><AddtlRmtInf>NO REF</AddtlRmtInf></Strd><Strd><AddtlRmtInf>PAYPAL CODE 5993//PAYPAL CODE 5993</AddtlRmtInf></Strd></RmtInf><RltdDts><TxDtTm>2018-09-26T13:42:09</TxDtTm></RltdDts><AddtlTxInf>PPRD00000000AQB55A1020180926826235262</AddtlTxInf></TxDtls><AddtlNtryInf>COMPLETE//0000//002//CREDIT</AddtlNtryInf></Ntry><Ntry><Amt Ccy="GBP">499.00</Amt><CdtDbtInd>CRDT</CdtDbtInd><Sts>BOOK</Sts><BookgDt><Dt>2018-09-26</Dt></BookgDt><BkTxCd><Prtry><Cd>SIP UKBA CR 40269</Cd></Prtry></BkTxCd><TxDtls><Refs><EndToEndId>NOREF</EndToEndId><TxId>180926134610084616</TxId></Refs><RltdPties><Dbtr><Nm>Stanley Fosbeary</Nm></Dbtr><DbtrAcct><Id><PrtryAcct><Id>77300271080460</Id></PrtryAcct></Id></DbtrAcct><Cdtr><Nm>Credit</Nm></Cdtr><CdtrAcct><Id><PrtryAcct><Id>23008200163227</Id></PrtryAcct></Id></CdtrAcct><Prtry><Tp>BILL</Tp><Pty/></Prtry></RltdPties><RmtInf><Strd><AddtlRmtInf>NO REF</AddtlRmtInf></Strd><Strd><AddtlRmtInf>Stanley Fosbeary//BILL</AddtlRmtInf></Strd></RmtInf><RltdDts><TxDtTm>2018-09-26T13:46:07</TxDtTm></RltdDts><AddtlTxInf>1809261346100846161020180926826773002</AddtlTxInf></TxDtls><AddtlNtryInf>COMPLETE//0000//002//CREDIT</AddtlNtryInf></Ntry><Ntry><Amt Ccy="GBP">30.00</Amt><CdtDbtInd>CRDT</CdtDbtInd><Sts>BOOK</Sts><BookgDt><Dt>2018-09-26</Dt></BookgDt><BkTxCd><Prtry><Cd>SIP UKBA CR 40269</Cd></Prtry></BkTxCd><TxDtls><Refs><EndToEndId>00157830632BBFYGCJ</EndToEndId><TxId>00157830632BBFYGCJ</TxId></Refs><RltdPties><Dbtr><Nm>MOBOLAJI DADA</Nm></Dbtr><DbtrAcct><Id><PrtryAcct><Id>09012780878278</Id></PrtryAcct></Id></DbtrAcct><Cdtr><Nm>DAMMY DADA</Nm></Cdtr><CdtrAcct><Id><PrtryAcct><Id>23008200049400</Id></PrtryAcct></Id></CdtrAcct><Prtry><Tp>FROM DAD</Tp><Pty/></Prtry></RltdPties><RmtInf><Strd><AddtlRmtInf>NO REF</AddtlRmtInf></Strd><Strd><AddtlRmtInf>MOBOLAJI DADA//FROM DAD</AddtlRmtInf></Strd></RmtInf><RltdDts><TxDtTm>2018-09-26T13:51:27</TxDtTm></RltdDts><AddtlTxInf>00157830632BBFYGCJ1020180926826090127</AddtlTxInf></TxDtls><AddtlNtryInf>COMPLETE//0000//002//CREDIT</AddtlNtryInf></Ntry><Ntry><Amt Ccy="GBP">5.00</Amt><CdtDbtInd>CRDT</CdtDbtInd><Sts>BOOK</Sts><BookgDt><Dt>2018-09-26</Dt></BookgDt><BkTxCd><Prtry><Cd>SIP UKBA CR 40269</Cd></Prtry></BkTxCd><TxDtls><Refs><EndToEndId>SAM</EndToEndId><TxId>01135651510595000N</TxId><Prtry><Tp>STO REF</Tp><Ref>0000</Ref></Prtry></Refs><RltdPties><Dbtr><Nm>DANCE KM</Nm></Dbtr><DbtrAcct><Id><PrtryAcct><Id>55811986663798</Id></PrtryAcct></Id></DbtrAcct><Cdtr><Nm>MISS S GALLAGHER</Nm></Cdtr><CdtrAcct><Id><PrtryAcct><Id>23008200155543</Id></PrtryAcct></Id></CdtrAcct><Prtry><Tp>SAM</Tp><Pty/></Prtry></RltdPties><RmtInf><Strd><AddtlRmtInf>DANCE KM          SAM               VIA MOBILE - LVP</AddtlRmtInf></Strd><Strd><AddtlRmtInf>DANCE KM//SAM</AddtlRmtInf></Strd></RmtInf><RltdDts><TxDtTm>2018-09-26T13:56:51</TxDtTm></RltdDts><AddtlTxInf>01135651510595000N1020180926826558119</AddtlTxInf></TxDtls><AddtlNtryInf>COMPLETE//0000//002//CREDIT</AddtlNtryInf></Ntry><Ntry><Amt Ccy="GBP">1.00</Amt><CdtDbtInd>CRDT</CdtDbtInd><Sts>BOOK</Sts><BookgDt><Dt>2018-09-26</Dt></BookgDt><BkTxCd><Prtry><Cd>SIP UKBA CR 40269</Cd></Prtry></BkTxCd><TxDtls><Refs><EndToEndId>NOREF</EndToEndId><TxId>500000000392041723</TxId></Refs><RltdPties><Dbtr><Nm>P Kay</Nm></Dbtr><DbtrAcct><Id><PrtryAcct><Id>11002314569061</Id></PrtryAcct></Id></DbtrAcct><Cdtr><Nm>MARK</Nm></Cdtr><CdtrAcct><Id><PrtryAcct><Id>23008200459566</Id></PrtryAcct></Id></CdtrAcct><Prtry><Tp>HI</Tp><Pty/></Prtry></RltdPties><RmtInf><Strd><AddtlRmtInf>NO REF</AddtlRmtInf></Strd><Strd><AddtlRmtInf>P Kay//HI</AddtlRmtInf></Strd></RmtInf><RltdDts><TxDtTm>2018-09-26T13:59:26</TxDtTm></RltdDts><AddtlTxInf>5000000003920417231020180926826110023</AddtlTxInf></TxDtls><AddtlNtryInf>COMPLETE//0000//002//CREDIT</AddtlNtryInf></Ntry></Ntfctn></BkToCstmrDbtCdtNtfctnV01></Document>