<?xml version="1.0" encoding="UTF-8"?><Document xmlns:xsi="http://www.w3.org/2001/XMLSchema-instance" xmlns="urn:iso:std:iso:20022:tech:xsd:camt.054.001.01"><BkToCstmrDbtCdtNtfctnV01><GrpHdr><MsgId>80309K//13180</MsgId><CreDtTm>2018-09-22T10:30:00</CreDtTm></GrpHdr><Ntfctn><Id>80309K//13180//1</Id><CreDtTm>2018-09-22T10:30:00</CreDtTm><Acct><Id><PrtryAcct><Id>20594233939774</Id></PrtryAcct></Id><Ccy>GBP</Ccy></Acct><TxsSummry><TtlNtries><NbOfNtries>2</NbOfNtries><Sum>5.07</Sum></TtlNtries><TtlCdtNtries><NbOfNtries>2</NbOfNtries><Sum>5.07</Sum></TtlCdtNtries><TtlDbtNtries><NbOfNtries>0</NbOfNtries><Sum>0.00</Sum></TtlDbtNtries></TxsSummry><Ntry><Amt Ccy="GBP">5.00</Amt><CdtDbtInd>CRDT</CdtDbtInd><Sts>BOOK</Sts><BookgDt><Dt>2018-09-24</Dt></BookgDt><BkTxCd><Prtry><Cd>SIP UKBA CR 40269</Cd></Prtry></BkTxCd><TxDtls><Refs><EndToEndId>NOREF</EndToEndId><TxId>200000000389222079</TxId></Refs><RltdPties><Dbtr><Nm>I Otasanya</Nm></Dbtr><DbtrAcct><Id><PrtryAcct><Id>30902851545668</Id></PrtryAcct></Id></DbtrAcct><Cdtr><Nm>CHARLES</Nm></Cdtr><CdtrAcct><Id><PrtryAcct><Id>23008200212810</Id></PrtryAcct></Id></CdtrAcct><Prtry><Tp>IB</Tp><Pty/></Prtry></RltdPties><RmtInf><Strd><AddtlRmtInf>NO REF</AddtlRmtInf></Strd><Strd><AddtlRmtInf>I Otasanya//IB</AddtlRmtInf></Strd></RmtInf><RltdDts><TxDtTm>2018-09-22T10:01:07</TxDtTm></RltdDts><AddtlTxInf>2000000003892220791020180922826309028</AddtlTxInf></TxDtls><AddtlNtryInf>COMPLETE//0000//003//CREDIT</AddtlNtryInf></Ntry><Ntry><Amt Ccy="GBP">0.07</Amt><CdtDbtInd>CRDT</CdtDbtInd><Sts>BOOK</Sts><BookgDt><Dt>2018-09-24</Dt></BookgDt><BkTxCd><Prtry><Cd>SIP UKBA CR 40269</Cd></Prtry></BkTxCd><TxDtls><Refs><EndToEndId>NOREF</EndToEndId><TxId>RP4679961975295100</TxId></Refs><RltdPties><Dbtr><Nm>WIECZOREK J P</Nm></Dbtr><DbtrAcct><Id><PrtryAcct><Id>20574443771563</Id></PrtryAcct></Id></DbtrAcct><Cdtr><Nm>MR COSMIN HIRNEA</Nm></Cdtr><CdtrAcct><Id><PrtryAcct><Id>23008200231148</Id></PrtryAcct></Id></CdtrAcct><Prtry><Tp>PAY</Tp><Pty/></Prtry></RltdPties><RmtInf><Strd><AddtlRmtInf>NO REF</AddtlRmtInf></Strd><Strd><AddtlRmtInf>WIECZOREK J P//PAY</AddtlRmtInf></Strd></RmtInf><RltdDts><TxDtTm>2018-09-22T10:25:47</TxDtTm></RltdDts><AddtlTxInf>RP46799619752951001020180922826200026</AddtlTxInf></TxDtls><AddtlNtryInf>COMPLETE//0000//003//CREDIT</AddtlNtryInf></Ntry></Ntfctn></BkToCstmrDbtCdtNtfctnV01></Document>