<?xml version="1.0" encoding="UTF-8"?><Document xmlns:xsi="http://www.w3.org/2001/XMLSchema-instance" xmlns="urn:iso:std:iso:20022:tech:xsd:camt.054.001.01"><BkToCstmrDbtCdtNtfctnV01><GrpHdr><MsgId>80309K//12805</MsgId><CreDtTm>2018-09-13T17:30:00</CreDtTm></GrpHdr><Ntfctn><Id>80309K//12805//1</Id><CreDtTm>2018-09-13T17:30:00</CreDtTm><Acct><Id><PrtryAcct><Id>20594233939774</Id></PrtryAcct></Id><Ccy>GBP</Ccy></Acct><TxsSummry><TtlNtries><NbOfNtries>11</NbOfNtries><Sum>1739.12</Sum></TtlNtries><TtlCdtNtries><NbOfNtries>11</NbOfNtries><Sum>1739.12</Sum></TtlCdtNtries><TtlDbtNtries><NbOfNtries>0</NbOfNtries><Sum>0.00</Sum></TtlDbtNtries></TxsSummry><Ntry><Amt Ccy="GBP">15.00</Amt><CdtDbtInd>CRDT</CdtDbtInd><Sts>BOOK</Sts><BookgDt><Dt>2018-09-13</Dt></BookgDt><BkTxCd><Prtry><Cd>SIP UKBA CR 40269</Cd></Prtry></BkTxCd><TxDtls><Refs><EndToEndId>00156284632BBDDLQX</EndToEndId><TxId>00156284632BBDDLQX</TxId></Refs><RltdPties><Dbtr><Nm>KERRYANNE MORGAN</Nm></Dbtr><DbtrAcct><Id><PrtryAcct><Id>09012801910811</Id></PrtryAcct></Id></DbtrAcct><Cdtr><Nm>SAVING</Nm></Cdtr><CdtrAcct><Id><PrtryAcct><Id>23008200321741</Id></PrtryAcct></Id></CdtrAcct><Prtry><Tp>kerry</Tp><Pty/></Prtry></RltdPties><RmtInf><Strd><AddtlRmtInf>NO REF</AddtlRmtInf></Strd><Strd><AddtlRmtInf>KERRYANNE MORGAN//kerry</AddtlRmtInf></Strd></RmtInf><RltdDts><TxDtTm>2018-09-13T17:00:49</TxDtTm></RltdDts><AddtlTxInf>00156284632BBDDLQX1020180913826090128</AddtlTxInf></TxDtls><AddtlNtryInf>COMPLETE//0000//003//CREDIT</AddtlNtryInf></Ntry><Ntry><Amt Ccy="GBP">457.60</Amt><CdtDbtInd>CRDT</CdtDbtInd><Sts>BOOK</Sts><BookgDt><Dt>2018-09-13</Dt></BookgDt><BkTxCd><Prtry><Cd>FDP UKBA CR 40269</Cd></Prtry></BkTxCd><TxDtls><Refs><EndToEndId>NOREF</EndToEndId><TxId>0511254020713209AH</TxId><Prtry><Tp>STO REF</Tp><Ref>0000</Ref></Prtry></Refs><RltdPties><Dbtr><Nm>PTSG ACCESS AND SAFE</Nm></Dbtr><DbtrAcct><Id><PrtryAcct><Id>40111894759494</Id></PrtryAcct></Id></DbtrAcct><Cdtr><Nm>H BLANKSON</Nm></Cdtr><CdtrAcct><Id><PrtryAcct><Id>23008200146831</Id></PrtryAcct></Id></CdtrAcct><Prtry><Tp>WAGES</Tp><Pty/></Prtry></RltdPties><RmtInf><Strd><AddtlRmtInf>NO REF</AddtlRmtInf></Strd><Strd><AddtlRmtInf>PTSG ACCESS AND SA//WAGES</AddtlRmtInf></Strd></RmtInf><RltdDts><TxDtTm>2018-09-13T17:02:05</TxDtTm></RltdDts><AddtlTxInf>0511254020713209AH4020180913826401118</AddtlTxInf></TxDtls><AddtlNtryInf>COMPLETE//0000//003//CREDIT</AddtlNtryInf></Ntry><Ntry><Amt Ccy="GBP">0.01</Amt><CdtDbtInd>CRDT</CdtDbtInd><Sts>BOOK</Sts><BookgDt><Dt>2018-09-13</Dt></BookgDt><BkTxCd><Prtry><Cd>SIP UKBA CR 40269</Cd></Prtry></BkTxCd><TxDtls><Refs><EndToEndId>PPRD00000000AN2WQG</EndToEndId><TxId>PPRD00000000AN2WQG</TxId></Refs><RltdPties><Dbtr><Nm>PAYPAL CODE 8316</Nm><PstlAdr><AdrLine>2211 N 1st Street San Jose CA 95131</AdrLine><Ctry/></PstlAdr></Dbtr><DbtrAcct><Id><PrtryAcct><Id>23526285010101</Id></PrtryAcct></Id></DbtrAcct><Cdtr><Nm>James Curtis</Nm><PstlAdr><AdrLine>2 Anthony Road</AdrLine><Ctry/></PstlAdr></Cdtr><CdtrAcct><Id><PrtryAcct><Id>23008200443229</Id></PrtryAcct></Id></CdtrAcct><Prtry><Tp>PAYPAL CODE 8316</Tp><Pty/></Prtry></RltdPties><RmtInf><Strd><RfrdDocInf><RfrdDocTp><Prtry>002</Prtry></RfrdDocTp></RfrdDocInf><AddtlRmtInf>NO REF</AddtlRmtInf></Strd><Strd><AddtlRmtInf>PAYPAL CODE 8316//PAYPAL CODE 8316</AddtlRmtInf></Strd></RmtInf><RltdDts><TxDtTm>2018-09-13T17:03:20</TxDtTm></RltdDts><AddtlTxInf>PPRD00000000AN2WQG1020180913826235262</AddtlTxInf></TxDtls><AddtlNtryInf>COMPLETE//0000//003//CREDIT</AddtlNtryInf></Ntry><Ntry><Amt Ccy="GBP">0.01</Amt><CdtDbtInd>CRDT</CdtDbtInd><Sts>BOOK</Sts><BookgDt><Dt>2018-09-13</Dt></BookgDt><BkTxCd><Prtry><Cd>SIP UKBA CR 40269</Cd></Prtry></BkTxCd><TxDtls><Refs><EndToEndId>PPRD00000000AN2YXS</EndToEndId><TxId>PPRD00000000AN2YXS</TxId></Refs><RltdPties><Dbtr><Nm>PAYPAL CODE 2159</Nm><PstlAdr><AdrLine>2211 N 1st Street San Jose CA 95131</AdrLine><Ctry/></PstlAdr></Dbtr><DbtrAcct><Id><PrtryAcct><Id>23526285010101</Id></PrtryAcct></Id></DbtrAcct><Cdtr><Nm>Roberto Pallara</Nm><PstlAdr><AdrLine>20 Onslow Gardens</AdrLine><Ctry/></PstlAdr></Cdtr><CdtrAcct><Id><PrtryAcct><Id>23008200444818</Id></PrtryAcct></Id></CdtrAcct><Prtry><Tp>PAYPAL CODE 2159</Tp><Pty/></Prtry></RltdPties><RmtInf><Strd><RfrdDocInf><RfrdDocTp><Prtry>002</Prtry></RfrdDocTp></RfrdDocInf><AddtlRmtInf>NO REF</AddtlRmtInf></Strd><Strd><AddtlRmtInf>PAYPAL CODE 2159//PAYPAL CODE 2159</AddtlRmtInf></Strd></RmtInf><RltdDts><TxDtTm>2018-09-13T17:10:06</TxDtTm></RltdDts><AddtlTxInf>PPRD00000000AN2YXS1020180913826235262</AddtlTxInf></TxDtls><AddtlNtryInf>COMPLETE//0000//003//CREDIT</AddtlNtryInf></Ntry><Ntry><Amt Ccy="GBP">5.00</Amt><CdtDbtInd>CRDT</CdtDbtInd><Sts>BOOK</Sts><BookgDt><Dt>2018-09-13</Dt></BookgDt><BkTxCd><Prtry><Cd>SIP UKBA CR 40269</Cd></Prtry></BkTxCd><TxDtls><Refs><EndToEndId>NOREF</EndToEndId><TxId>PKP9BXHW610NXFSS7H</TxId></Refs><RltdPties><Dbtr><Nm>Lukman Oyalowo</Nm><PstlAdr><AdrLine>143 Little Ilford Lane, E12 5PJ</AdrLine><Ctry/></PstlAdr></Dbtr><DbtrAcct><Id><PrtryAcct><Id>04000461213943</Id></PrtryAcct></Id></DbtrAcct><Cdtr><Nm>Holls</Nm></Cdtr><CdtrAcct><Id><PrtryAcct><Id>23008200444659</Id></PrtryAcct></Id></CdtrAcct></RltdPties><RmtInf><Strd><AddtlRmtInf>NO REF</AddtlRmtInf></Strd><Strd><AddtlRmtInf>Lukman Oyalowo//</AddtlRmtInf></Strd></RmtInf><RltdDts><TxDtTm>2018-09-13T17:13:05</TxDtTm></RltdDts><AddtlTxInf>PKP9BXHW610NXFSS7H1020180913826040004</AddtlTxInf></TxDtls><AddtlNtryInf>COMPLETE//0000//003//CREDIT</AddtlNtryInf></Ntry><Ntry><Amt Ccy="GBP">70.00</Amt><CdtDbtInd>CRDT</CdtDbtInd><Sts>BOOK</Sts><BookgDt><Dt>2018-09-13</Dt></BookgDt><BkTxCd><Prtry><Cd>SIP UKBA CR 40269</Cd></Prtry></BkTxCd><TxDtls><Refs><EndToEndId>NOREF</EndToEndId><TxId>09171723798398000N</TxId><Prtry><Tp>STO REF</Tp><Ref>0000</Ref></Prtry></Refs><RltdPties><Dbtr><Nm>HAWKINS.HUSK LTD</Nm><PstlAdr><AdrLine>APS COTTONS CENTRE SE1 2QG</AdrLine><Ctry/></PstlAdr></Dbtr><DbtrAcct><Id><PrtryAcct><Id>08719941554757</Id></PrtryAcct></Id></DbtrAcct><Cdtr><Nm>GLEN CHALKLEY</Nm></Cdtr><CdtrAcct><Id><PrtryAcct><Id>23008200029861</Id></PrtryAcct></Id></CdtrAcct><Prtry><Tp>SUBCONTRACTOR GLEN</Tp><Pty/></Prtry></RltdPties><RmtInf><Strd><AddtlRmtInf>SUBCONTRACTOR GLEN</AddtlRmtInf></Strd><Strd><AddtlRmtInf>HAWKINS.HUSK LTD//SUBCONTRACTOR GLEN</AddtlRmtInf></Strd></RmtInf><RltdDts><TxDtTm>2018-09-13T17:17:24</TxDtTm></RltdDts><AddtlTxInf>09171723798398000N1020180913826087199</AddtlTxInf></TxDtls><AddtlNtryInf>COMPLETE//0000//003//CREDIT</AddtlNtryInf></Ntry><Ntry><Amt Ccy="GBP">16.00</Amt><CdtDbtInd>CRDT</CdtDbtInd><Sts>BOOK</Sts><BookgDt><Dt>2018-09-13</Dt></BookgDt><BkTxCd><Prtry><Cd>SIP UKBA CR 40269</Cd></Prtry></BkTxCd><TxDtls><Refs><EndToEndId>NOREF</EndToEndId><TxId>10781003717134F8SW</TxId><Prtry><Tp>STO REF</Tp><Ref>0000</Ref></Prtry></Refs><RltdPties><Dbtr><Nm>MISS JUDIMAE POWELL</Nm><PstlAdr><AdrLine>FLAT FLAT 5 PLUMMER COURT;LEWISHAM;</AdrLine><AdrLine>PARK;LONDON                     S;</AdrLine><AdrLine>E13 6RA</AdrLine><Ctry/></PstlAdr></Dbtr><DbtrAcct><Id><PrtryAcct><Id>40642013049178</Id></PrtryAcct></Id></DbtrAcct><Cdtr><Nm>JUDIMEA POWELL</Nm></Cdtr><CdtrAcct><Id><PrtryAcct><Id>23008200369669</Id></PrtryAcct></Id></CdtrAcct><Prtry><Tp>TILL</Tp><Pty/></Prtry></RltdPties><RmtInf><Strd><AddtlRmtInf>NO REF</AddtlRmtInf></Strd><Strd><AddtlRmtInf>MISS JUDIMAE POWEL//TILL</AddtlRmtInf></Strd></RmtInf><RltdDts><TxDtTm>2018-09-13T17:17:32</TxDtTm></RltdDts><AddtlTxInf>10781003717134F8SW1020180913826400250</AddtlTxInf></TxDtls><AddtlNtryInf>COMPLETE//0000//003//CREDIT</AddtlNtryInf></Ntry><Ntry><Amt Ccy="GBP">1000.00</Amt><CdtDbtInd>CRDT</CdtDbtInd><Sts>BOOK</Sts><BookgDt><Dt>2018-09-13</Dt></BookgDt><BkTxCd><Prtry><Cd>SIP UKBA CR 40269</Cd></Prtry></BkTxCd><TxDtls><Refs><EndToEndId>GGE GRANT</EndToEndId><TxId>58171740304824000N</TxId><Prtry><Tp>STO REF</Tp><Ref>0000</Ref></Prtry></Refs><RltdPties><Dbtr><Nm>EAST MIDS INCUB NE</Nm></Dbtr><DbtrAcct><Id><PrtryAcct><Id>60120125166492</Id></PrtryAcct></Id></DbtrAcct><Cdtr><Nm>ZEROGRAMS LTD</Nm></Cdtr><CdtrAcct><Id><PrtryAcct><Id>23008200223644</Id></PrtryAcct></Id></CdtrAcct><Prtry><Tp>GGE GRANT</Tp><Pty/></Prtry></RltdPties><RmtInf><Strd><AddtlRmtInf>EAST MIDS INCUB NEGGE GRANT         VIA ONLINE - PYMT</AddtlRmtInf></Strd><Strd><AddtlRmtInf>EAST MIDS INCUB NE//GGE GRANT</AddtlRmtInf></Strd></RmtInf><RltdDts><TxDtTm>2018-09-13T17:17:40</TxDtTm></RltdDts><AddtlTxInf>58171740304824000N1020180913826601201</AddtlTxInf></TxDtls><AddtlNtryInf>COMPLETE//0000//003//CREDIT</AddtlNtryInf></Ntry><Ntry><Amt Ccy="GBP">110.00</Amt><CdtDbtInd>CRDT</CdtDbtInd><Sts>BOOK</Sts><BookgDt><Dt>2018-09-13</Dt></BookgDt><BkTxCd><Prtry><Cd>SIP UKBA CR 40269</Cd></Prtry></BkTxCd><TxDtls><Refs><EndToEndId>NOREF</EndToEndId><TxId>200000000386766367</TxId></Refs><RltdPties><Dbtr><Nm>K Spence</Nm></Dbtr><DbtrAcct><Id><PrtryAcct><Id>11019400608561</Id></PrtryAcct></Id></DbtrAcct><Cdtr><Nm>GCFC</Nm></Cdtr><CdtrAcct><Id><PrtryAcct><Id>23008200084715</Id></PrtryAcct></Id></CdtrAcct><Prtry><Tp>SPENCE U9</Tp><Pty/></Prtry></RltdPties><RmtInf><Strd><AddtlRmtInf>NO REF</AddtlRmtInf></Strd><Strd><AddtlRmtInf>K Spence//SPENCE U9</AddtlRmtInf></Strd></RmtInf><RltdDts><TxDtTm>2018-09-13T17:20:04</TxDtTm></RltdDts><AddtlTxInf>2000000003867663671020180913826110194</AddtlTxInf></TxDtls><AddtlNtryInf>COMPLETE//0000//003//CREDIT</AddtlNtryInf></Ntry><Ntry><Amt Ccy="GBP">52.50</Amt><CdtDbtInd>CRDT</CdtDbtInd><Sts>BOOK</Sts><BookgDt><Dt>2018-09-13</Dt></BookgDt><BkTxCd><Prtry><Cd>SIP UKBA CR 40269</Cd></Prtry></BkTxCd><TxDtls><Refs><EndToEndId>NOREF</EndToEndId><TxId>RP4679961303838000</TxId></Refs><RltdPties><Dbtr><Nm>BUCHANAN J</Nm></Dbtr><DbtrAcct><Id><PrtryAcct><Id>20270523764079</Id></PrtryAcct></Id></DbtrAcct><Cdtr><Nm>MAMUD JALLOH</Nm></Cdtr><CdtrAcct><Id><PrtryAcct><Id>23008200444593</Id></PrtryAcct></Id></CdtrAcct><Prtry><Tp>M.J LTD</Tp><Pty/></Prtry></RltdPties><RmtInf><Strd><AddtlRmtInf>NO REF</AddtlRmtInf></Strd><Strd><AddtlRmtInf>BUCHANAN J//M.J LTD</AddtlRmtInf></Strd></RmtInf><RltdDts><TxDtTm>2018-09-13T17:21:27</TxDtTm></RltdDts><AddtlTxInf>RP46799613038380001020180913826200026</AddtlTxInf></TxDtls><AddtlNtryInf>COMPLETE//0000//003//CREDIT</AddtlNtryInf></Ntry><Ntry><Amt Ccy="GBP">13.00</Amt><CdtDbtInd>CRDT</CdtDbtInd><Sts>BOOK</Sts><BookgDt><Dt>2018-09-13</Dt></BookgDt><BkTxCd><Prtry><Cd>SIP UKBA CR 40269</Cd></Prtry></BkTxCd><TxDtls><Refs><EndToEndId>NOREF</EndToEndId><TxId>RP4679961304074400</TxId></Refs><RltdPties><Dbtr><Nm>WHITEHEAD J C</Nm></Dbtr><DbtrAcct><Id><PrtryAcct><Id>20143383527425</Id></PrtryAcct></Id></DbtrAcct><Cdtr><Nm>MARTYN WHITEHEAD</Nm></Cdtr><CdtrAcct><Id><PrtryAcct><Id>23008200407084</Id></PrtryAcct></Id></CdtrAcct><Prtry><Tp>TRAIN</Tp><Pty/></Prtry></RltdPties><RmtInf><Strd><AddtlRmtInf>NO REF</AddtlRmtInf></Strd><Strd><AddtlRmtInf>WHITEHEAD J C//TRAIN</AddtlRmtInf></Strd></RmtInf><RltdDts><TxDtTm>2018-09-13T17:24:50</TxDtTm></RltdDts><AddtlTxInf>RP46799613040744001020180913826200026</AddtlTxInf></TxDtls><AddtlNtryInf>COMPLETE//0000//003//CREDIT</AddtlNtryInf></Ntry></Ntfctn></BkToCstmrDbtCdtNtfctnV01></Document>