<?xml version="1.0" encoding="UTF-8"?><Document xmlns:xsi="http://www.w3.org/2001/XMLSchema-instance" xmlns="urn:iso:std:iso:20022:tech:xsd:camt.054.001.01"><BkToCstmrDbtCdtNtfctnV01><GrpHdr><MsgId>80309K//12515</MsgId><CreDtTm>2018-09-06T21:30:00</CreDtTm></GrpHdr><Ntfctn><Id>80309K//12515//1</Id><CreDtTm>2018-09-06T21:30:00</CreDtTm><Acct><Id><PrtryAcct><Id>20594233939774</Id></PrtryAcct></Id><Ccy>GBP</Ccy></Acct><TxsSummry><TtlNtries><NbOfNtries>9</NbOfNtries><Sum>3187.19</Sum></TtlNtries><TtlCdtNtries><NbOfNtries>9</NbOfNtries><Sum>3187.19</Sum></TtlCdtNtries><TtlDbtNtries><NbOfNtries>0</NbOfNtries><Sum>0.00</Sum></TtlDbtNtries></TxsSummry><Ntry><Amt Ccy="GBP">50.00</Amt><CdtDbtInd>CRDT</CdtDbtInd><Sts>BOOK</Sts><BookgDt><Dt>2018-09-07</Dt></BookgDt><BkTxCd><Prtry><Cd>SIP UKBA CR 40269</Cd></Prtry></BkTxCd><TxDtls><Refs><EndToEndId>NOREF</EndToEndId><TxId>600000000386330960</TxId></Refs><RltdPties><Dbtr><Nm>J Kedron</Nm></Dbtr><DbtrAcct><Id><PrtryAcct><Id>30998384437462</Id></PrtryAcct></Id></DbtrAcct><Cdtr><Nm>DAWID BRZEZICKI</Nm></Cdtr><CdtrAcct><Id><PrtryAcct><Id>23008200023706</Id></PrtryAcct></Id></CdtrAcct><Prtry><Tp>WYPLATA</Tp><Pty/></Prtry></RltdPties><RmtInf><Strd><AddtlRmtInf>NO REF</AddtlRmtInf></Strd><Strd><AddtlRmtInf>J Kedron//WYPLATA</AddtlRmtInf></Strd></RmtInf><RltdDts><TxDtTm>2018-09-06T21:04:47</TxDtTm></RltdDts><AddtlTxInf>6000000003863309601020180906826309983</AddtlTxInf></TxDtls><AddtlNtryInf>COMPLETE//0000//003//CREDIT</AddtlNtryInf></Ntry><Ntry><Amt Ccy="GBP">420.00</Amt><CdtDbtInd>CRDT</CdtDbtInd><Sts>BOOK</Sts><BookgDt><Dt>2018-09-07</Dt></BookgDt><BkTxCd><Prtry><Cd>SIP UKBA CR 40269</Cd></Prtry></BkTxCd><TxDtls><Refs><EndToEndId>NOREF</EndToEndId><TxId>615905537012609001</TxId><Prtry><Tp>STO REF</Tp><Ref>0000</Ref></Prtry></Refs><RltdPties><Dbtr><Nm>PENAFLOR D S</Nm></Dbtr><DbtrAcct><Id><PrtryAcct><Id>40070702245833</Id></PrtryAcct></Id></DbtrAcct><Cdtr><Nm>Dominika Augustyno</Nm></Cdtr><CdtrAcct><Id><PrtryAcct><Id>23008200432953</Id></PrtryAcct></Id></CdtrAcct><Prtry><Tp>Bts tix</Tp><Pty/></Prtry></RltdPties><RmtInf><Strd><AddtlRmtInf>NO REF</AddtlRmtInf></Strd><Strd><AddtlRmtInf>PENAFLOR D S//Bts tix</AddtlRmtInf></Strd></RmtInf><RltdDts><TxDtTm>2018-09-06T21:07:36</TxDtTm></RltdDts><AddtlTxInf>6159055370126090011020180906826400707</AddtlTxInf></TxDtls><AddtlNtryInf>COMPLETE//0000//003//CREDIT</AddtlNtryInf></Ntry><Ntry><Amt Ccy="GBP">1700.00</Amt><CdtDbtInd>CRDT</CdtDbtInd><Sts>BOOK</Sts><BookgDt><Dt>2018-09-07</Dt></BookgDt><BkTxCd><Prtry><Cd>SIP UKBA CR 40269</Cd></Prtry></BkTxCd><TxDtls><Refs><EndToEndId>STARLING-YZ5LP2LM8R59N7OE80</EndToEndId><TxId>YZ5LP2LM8R59N7OE80</TxId></Refs><RltdPties><Dbtr><Nm>Chikezie Omotola</Nm></Dbtr><DbtrAcct><Id><PrtryAcct><Id>60837178269468</Id></PrtryAcct></Id></DbtrAcct><Cdtr><Nm>Arro personal</Nm></Cdtr><CdtrAcct><Id><PrtryAcct><Id>23008200174850</Id></PrtryAcct></Id></CdtrAcct><Prtry><Tp>Pay</Tp><Pty/></Prtry></RltdPties><RmtInf><Strd><AddtlRmtInf>NO REF</AddtlRmtInf></Strd><Strd><AddtlRmtInf>Chikezie Omotola//Pay</AddtlRmtInf></Strd></RmtInf><RltdDts><TxDtTm>2018-09-06T21:08:56</TxDtTm></RltdDts><AddtlTxInf>YZ5LP2LM8R59N7OE801020180906826608371</AddtlTxInf></TxDtls><AddtlNtryInf>COMPLETE//0000//003//CREDIT</AddtlNtryInf></Ntry><Ntry><Amt Ccy="GBP">475.00</Amt><CdtDbtInd>CRDT</CdtDbtInd><Sts>BOOK</Sts><BookgDt><Dt>2018-09-07</Dt></BookgDt><BkTxCd><Prtry><Cd>SIP UKBA CR 40269</Cd></Prtry></BkTxCd><TxDtls><Refs><EndToEndId>00152889632BGYNCXX</EndToEndId><TxId>00152889632BGYNCXX</TxId></Refs><RltdPties><Dbtr><Nm>TJB HAULAGE LTD</Nm></Dbtr><DbtrAcct><Id><PrtryAcct><Id>09012910464326</Id></PrtryAcct></Id></DbtrAcct><Cdtr><Nm>Marshall Ltd</Nm></Cdtr><CdtrAcct><Id><PrtryAcct><Id>23008200033369</Id></PrtryAcct></Id></CdtrAcct><Prtry><Tp>CX</Tp><Pty/></Prtry></RltdPties><RmtInf><Strd><AddtlRmtInf>NO REF</AddtlRmtInf></Strd><Strd><AddtlRmtInf>TJB HAULAGE LTD//CX</AddtlRmtInf></Strd></RmtInf><RltdDts><TxDtTm>2018-09-06T21:11:53</TxDtTm></RltdDts><AddtlTxInf>00152889632BGYNCXX1020180906826090129</AddtlTxInf></TxDtls><AddtlNtryInf>COMPLETE//0000//003//CREDIT</AddtlNtryInf></Ntry><Ntry><Amt Ccy="GBP">70.00</Amt><CdtDbtInd>CRDT</CdtDbtInd><Sts>BOOK</Sts><BookgDt><Dt>2018-09-07</Dt></BookgDt><BkTxCd><Prtry><Cd>SIP UKBA CR 40269</Cd></Prtry></BkTxCd><TxDtls><Refs><EndToEndId>HAYLEY KIYOKO GIG</EndToEndId><TxId>56211620638773000R</TxId><Prtry><Tp>STO REF</Tp><Ref>0000</Ref></Prtry></Refs><RltdPties><Dbtr><Nm>KEETLEY HR</Nm></Dbtr><DbtrAcct><Id><PrtryAcct><Id>16263210582216</Id></PrtryAcct></Id></DbtrAcct><Cdtr><Nm>DOMINIKA AUGUSTY</Nm></Cdtr><CdtrAcct><Id><PrtryAcct><Id>23008200432953</Id></PrtryAcct></Id></CdtrAcct><Prtry><Tp>HAYLEY KIYOKO GIG</Tp><Pty/></Prtry></RltdPties><RmtInf><Strd><AddtlRmtInf>KEETLEY HR        HAYLEY KIYOKO GIG VIA MOBILE - LVP</AddtlRmtInf></Strd><Strd><AddtlRmtInf>KEETLEY HR//HAYLEY KIYOKO GIG</AddtlRmtInf></Strd></RmtInf><RltdDts><TxDtTm>2018-09-06T21:16:20</TxDtTm></RltdDts><AddtlTxInf>56211620638773000R1020180906826162632</AddtlTxInf></TxDtls><AddtlNtryInf>COMPLETE//0000//003//CREDIT</AddtlNtryInf></Ntry><Ntry><Amt Ccy="GBP">3.71</Amt><CdtDbtInd>CRDT</CdtDbtInd><Sts>BOOK</Sts><BookgDt><Dt>2018-09-07</Dt></BookgDt><BkTxCd><Prtry><Cd>SIP UKBA CR 40269</Cd></Prtry></BkTxCd><TxDtls><Refs><EndToEndId>PPWD00000000ALDS9O</EndToEndId><TxId>PPWD00000000ALDS9O</TxId></Refs><RltdPties><Dbtr><Nm>PayPal</Nm><PstlAdr><AdrLine>2211 N 1st Street San Jose CA 95131</AdrLine><Ctry/></PstlAdr></Dbtr><DbtrAcct><Id><PrtryAcct><Id>23526278959595</Id></PrtryAcct></Id></DbtrAcct><Cdtr><Nm>adrian bennett</Nm><PstlAdr><AdrLine>70</AdrLine><Ctry/></PstlAdr></Cdtr><CdtrAcct><Id><PrtryAcct><Id>23008200377203</Id></PrtryAcct></Id></CdtrAcct><Prtry><Tp>PPWDL4NPJ2AKUUUFP8</Tp><Pty/></Prtry></RltdPties><RmtInf><Strd><RfrdDocInf><RfrdDocTp><Prtry>002</Prtry></RfrdDocTp></RfrdDocInf><AddtlRmtInf>NO REF</AddtlRmtInf></Strd><Strd><AddtlRmtInf>PayPal//PPWDL4NPJ2AKUUUFP8</AddtlRmtInf></Strd></RmtInf><RltdDts><TxDtTm>2018-09-06T21:17:36</TxDtTm></RltdDts><AddtlTxInf>PPWD00000000ALDS9O1020180906826235262</AddtlTxInf></TxDtls><AddtlNtryInf>COMPLETE//0000//003//CREDIT</AddtlNtryInf></Ntry><Ntry><Amt Ccy="GBP">450.00</Amt><CdtDbtInd>CRDT</CdtDbtInd><Sts>BOOK</Sts><BookgDt><Dt>2018-09-07</Dt></BookgDt><BkTxCd><Prtry><Cd>SIP UKBA CR 40269</Cd></Prtry></BkTxCd><TxDtls><Refs><EndToEndId>PPWD00000000ALDTJ8</EndToEndId><TxId>PPWD00000000ALDTJ8</TxId></Refs><RltdPties><Dbtr><Nm>PayPal</Nm><PstlAdr><AdrLine>2211 N 1st Street San Jose CA 95131</AdrLine><Ctry/></PstlAdr></Dbtr><DbtrAcct><Id><PrtryAcct><Id>23526278959595</Id></PrtryAcct></Id></DbtrAcct><Cdtr><Nm>gurjeet kaur</Nm><PstlAdr><AdrLine>southall ladymargaret road</AdrLine><Ctry/></PstlAdr></Cdtr><CdtrAcct><Id><PrtryAcct><Id>23008200409220</Id></PrtryAcct></Id></CdtrAcct><Prtry><Tp>PPWDL5CR22AKUUZ47G</Tp><Pty/></Prtry></RltdPties><RmtInf><Strd><RfrdDocInf><RfrdDocTp><Prtry>002</Prtry></RfrdDocTp></RfrdDocInf><AddtlRmtInf>NO REF</AddtlRmtInf></Strd><Strd><AddtlRmtInf>PayPal//PPWDL5CR22AKUUZ47G</AddtlRmtInf></Strd></RmtInf><RltdDts><TxDtTm>2018-09-06T21:21:52</TxDtTm></RltdDts><AddtlTxInf>PPWD00000000ALDTJ81020180906826235262</AddtlTxInf></TxDtls><AddtlNtryInf>COMPLETE//0000//003//CREDIT</AddtlNtryInf></Ntry><Ntry><Amt Ccy="GBP">10.00</Amt><CdtDbtInd>CRDT</CdtDbtInd><Sts>BOOK</Sts><BookgDt><Dt>2018-09-07</Dt></BookgDt><BkTxCd><Prtry><Cd>SIP UKBA CR 40269</Cd></Prtry></BkTxCd><TxDtls><Refs><EndToEndId>NOREF</EndToEndId><TxId>300000000390268134</TxId></Refs><RltdPties><Dbtr><Nm>A Khan</Nm></Dbtr><DbtrAcct><Id><PrtryAcct><Id>11082713009562</Id></PrtryAcct></Id></DbtrAcct><Cdtr><Nm>M BILAL</Nm></Cdtr><CdtrAcct><Id><PrtryAcct><Id>23008200107448</Id></PrtryAcct></Id></CdtrAcct><Prtry><Tp>ASF</Tp><Pty/></Prtry></RltdPties><RmtInf><Strd><AddtlRmtInf>NO REF</AddtlRmtInf></Strd><Strd><AddtlRmtInf>A Khan//ASF</AddtlRmtInf></Strd></RmtInf><RltdDts><TxDtTm>2018-09-06T21:26:15</TxDtTm></RltdDts><AddtlTxInf>3000000003902681341020180906826110827</AddtlTxInf></TxDtls><AddtlNtryInf>COMPLETE//0000//003//CREDIT</AddtlNtryInf></Ntry><Ntry><Amt Ccy="GBP">8.48</Amt><CdtDbtInd>CRDT</CdtDbtInd><Sts>BOOK</Sts><BookgDt><Dt>2018-09-07</Dt></BookgDt><BkTxCd><Prtry><Cd>SIP UKBA CR 40269</Cd></Prtry></BkTxCd><TxDtls><Refs><EndToEndId>BABE</EndToEndId><TxId>40212913997248000N</TxId><Prtry><Tp>STO REF</Tp><Ref>0000</Ref></Prtry></Refs><RltdPties><Dbtr><Nm>GARRAWAY SR</Nm></Dbtr><DbtrAcct><Id><PrtryAcct><Id>60142455791123</Id></PrtryAcct></Id></DbtrAcct><Cdtr><Nm>SAM</Nm></Cdtr><CdtrAcct><Id><PrtryAcct><Id>23008200343124</Id></PrtryAcct></Id></CdtrAcct><Prtry><Tp>BABE</Tp><Pty/></Prtry></RltdPties><RmtInf><Strd><AddtlRmtInf>GARRAWAY SR       BABE              VIA MOBILE - LVP</AddtlRmtInf></Strd><Strd><AddtlRmtInf>GARRAWAY SR//BABE</AddtlRmtInf></Strd></RmtInf><RltdDts><TxDtTm>2018-09-06T21:29:14</TxDtTm></RltdDts><AddtlTxInf>40212913997248000N1020180906826601424</AddtlTxInf></TxDtls><AddtlNtryInf>COMPLETE//0000//003//CREDIT</AddtlNtryInf></Ntry></Ntfctn></BkToCstmrDbtCdtNtfctnV01></Document>