<?xml version="1.0" encoding="UTF-8"?><Document xmlns:xsi="http://www.w3.org/2001/XMLSchema-instance" xmlns="urn:iso:std:iso:20022:tech:xsd:camt.054.001.01"><BkToCstmrDbtCdtNtfctnV01><GrpHdr><MsgId>80309K//13495</MsgId><CreDtTm>2018-09-29T16:30:00</CreDtTm></GrpHdr><Ntfctn><Id>80309K//13495//1</Id><CreDtTm>2018-09-29T16:30:00</CreDtTm><Acct><Id><PrtryAcct><Id>20594233939774</Id></PrtryAcct></Id><Ccy>GBP</Ccy></Acct><TxsSummry><TtlNtries><NbOfNtries>7</NbOfNtries><Sum>1964.50</Sum></TtlNtries><TtlCdtNtries><NbOfNtries>7</NbOfNtries><Sum>1964.50</Sum></TtlCdtNtries><TtlDbtNtries><NbOfNtries>0</NbOfNtries><Sum>0.00</Sum></TtlDbtNtries></TxsSummry><Ntry><Amt Ccy="GBP">10.50</Amt><CdtDbtInd>CRDT</CdtDbtInd><Sts>BOOK</Sts><BookgDt><Dt>2018-10-01</Dt></BookgDt><BkTxCd><Prtry><Cd>SIP UKBA CR 40269</Cd></Prtry></BkTxCd><TxDtls><Refs><EndToEndId>00157435632BBCVTHP</EndToEndId><TxId>00157435632BBCVTHP</TxId></Refs><RltdPties><Dbtr><Nm>LINDSEY JOLLY</Nm></Dbtr><DbtrAcct><Id><PrtryAcct><Id>09012921872046</Id></PrtryAcct></Id></DbtrAcct><Cdtr><Nm>hayley</Nm></Cdtr><CdtrAcct><Id><PrtryAcct><Id>23008200463527</Id></PrtryAcct></Id></CdtrAcct><Prtry><Tp>hayley</Tp><Pty/></Prtry></RltdPties><RmtInf><Strd><AddtlRmtInf>NO REF</AddtlRmtInf></Strd><Strd><AddtlRmtInf>LINDSEY JOLLY//hayley</AddtlRmtInf></Strd></RmtInf><RltdDts><TxDtTm>2018-09-29T16:00:15</TxDtTm></RltdDts><AddtlTxInf>00157435632BBCVTHP1020180929826090129</AddtlTxInf></TxDtls><AddtlNtryInf>COMPLETE//0000//003//CREDIT</AddtlNtryInf></Ntry><Ntry><Amt Ccy="GBP">1259.00</Amt><CdtDbtInd>CRDT</CdtDbtInd><Sts>BOOK</Sts><BookgDt><Dt>2018-10-01</Dt></BookgDt><BkTxCd><Prtry><Cd>SIP UKBA CR 40269</Cd></Prtry></BkTxCd><TxDtls><Refs><EndToEndId>00152397632BBCVBZM</EndToEndId><TxId>00152397632BBCVBZM</TxId></Refs><RltdPties><Dbtr><Nm>ARMANDS LEIMANIS</Nm></Dbtr><DbtrAcct><Id><PrtryAcct><Id>09012907283756</Id></PrtryAcct></Id></DbtrAcct><Cdtr><Nm>Arturs Grieze</Nm></Cdtr><CdtrAcct><Id><PrtryAcct><Id>23008200011000</Id></PrtryAcct></Id></CdtrAcct><Prtry><Tp>transfer btc</Tp><Pty/></Prtry></RltdPties><RmtInf><Strd><AddtlRmtInf>NO REF</AddtlRmtInf></Strd><Strd><AddtlRmtInf>ARMANDS LEIMANIS//transfer btc</AddtlRmtInf></Strd></RmtInf><RltdDts><TxDtTm>2018-09-29T16:01:37</TxDtTm></RltdDts><AddtlTxInf>00152397632BBCVBZM1020180929826090129</AddtlTxInf></TxDtls><AddtlNtryInf>COMPLETE//0000//003//CREDIT</AddtlNtryInf></Ntry><Ntry><Amt Ccy="GBP">197.00</Amt><CdtDbtInd>CRDT</CdtDbtInd><Sts>BOOK</Sts><BookgDt><Dt>2018-10-01</Dt></BookgDt><BkTxCd><Prtry><Cd>DCA UKBA CR 40269</Cd></Prtry></BkTxCd><TxDtls><Refs><EndToEndId>NOREF</EndToEndId><TxId>000000013708580201</TxId><Prtry><Tp>STO REF</Tp><Ref>0000</Ref></Prtry></Refs><RltdPties><Dbtr><Nm>23327202951858</Nm></Dbtr><DbtrAcct><Id><PrtryAcct><Id>20594263428524</Id></PrtryAcct></Id></DbtrAcct><Cdtr><Nm>MONIKA MULLER</Nm></Cdtr><CdtrAcct><Id><PrtryAcct><Id>23008200465768</Id></PrtryAcct></Id></CdtrAcct><Prtry><Tp>GIFT</Tp><Pty/></Prtry></RltdPties><RmtInf><Strd><AddtlRmtInf>NO REF</AddtlRmtInf></Strd><Strd><AddtlRmtInf>23327202951858//GIFT</AddtlRmtInf></Strd></RmtInf><RltdDts><TxDtTm>2018-09-29T16:12:27</TxDtTm></RltdDts><AddtlTxInf>0000000137085802015020180929826205942</AddtlTxInf></TxDtls><AddtlNtryInf>COMPLETE//0000//003//CREDIT</AddtlNtryInf></Ntry><Ntry><Amt Ccy="GBP">31.00</Amt><CdtDbtInd>CRDT</CdtDbtInd><Sts>BOOK</Sts><BookgDt><Dt>2018-10-01</Dt></BookgDt><BkTxCd><Prtry><Cd>SIP UKBA CR 40269</Cd></Prtry></BkTxCd><TxDtls><Refs><EndToEndId>NOREF</EndToEndId><TxId>YBBPI1624222506203</TxId></Refs><RltdPties><Dbtr><Nm>SHIRLEY SMITH</Nm></Dbtr><DbtrAcct><Id><PrtryAcct><Id>05046547402105</Id></PrtryAcct></Id></DbtrAcct><Cdtr><Nm>harry lee</Nm></Cdtr><CdtrAcct><Id><PrtryAcct><Id>23008200039585</Id></PrtryAcct></Id></CdtrAcct><Prtry><Tp>98 featherstone dr</Tp><Pty/></Prtry></RltdPties><RmtInf><Strd><RfrdDocInf><RfrdDocTp><Prtry>002</Prtry></RfrdDocTp></RfrdDocInf><AddtlRmtInf>NO REF</AddtlRmtInf></Strd><Strd><AddtlRmtInf>SHIRLEY SMITH//98 featherstone dr</AddtlRmtInf></Strd></RmtInf><RltdDts><TxDtTm>2018-09-29T16:24:23</TxDtTm></RltdDts><AddtlTxInf>YBBPI16242225062031020180929826050465</AddtlTxInf></TxDtls><AddtlNtryInf>COMPLETE//0000//003//CREDIT</AddtlNtryInf></Ntry><Ntry><Amt Ccy="GBP">200.00</Amt><CdtDbtInd>CRDT</CdtDbtInd><Sts>BOOK</Sts><BookgDt><Dt>2018-10-01</Dt></BookgDt><BkTxCd><Prtry><Cd>SIP UKBA CR 40269</Cd></Prtry></BkTxCd><TxDtls><Refs><EndToEndId>00151391632BBFDMZJ</EndToEndId><TxId>00151391632BBFDMZJ</TxId></Refs><RltdPties><Dbtr><Nm>SOFIRI EZEKIEL HART</Nm></Dbtr><DbtrAcct><Id><PrtryAcct><Id>09012784955511</Id></PrtryAcct></Id></DbtrAcct><Cdtr><Nm>JEDIDIAH GLOBAL</Nm></Cdtr><CdtrAcct><Id><PrtryAcct><Id>23008200032558</Id></PrtryAcct></Id></CdtrAcct><Prtry><Tp>Sofiri E-Hart</Tp><Pty/></Prtry></RltdPties><RmtInf><Strd><AddtlRmtInf>NO REF</AddtlRmtInf></Strd><Strd><AddtlRmtInf>SOFIRI EZEKIEL HAR//Sofiri E-Hart</AddtlRmtInf></Strd></RmtInf><RltdDts><TxDtTm>2018-09-29T16:26:44</TxDtTm></RltdDts><AddtlTxInf>00151391632BBFDMZJ1020180929826090127</AddtlTxInf></TxDtls><AddtlNtryInf>COMPLETE//0000//003//CREDIT</AddtlNtryInf></Ntry><Ntry><Amt Ccy="GBP">167.00</Amt><CdtDbtInd>CRDT</CdtDbtInd><Sts>BOOK</Sts><BookgDt><Dt>2018-10-01</Dt></BookgDt><BkTxCd><Prtry><Cd>DCA UKBA CR 40269</Cd></Prtry></BkTxCd><TxDtls><Refs><EndToEndId>NOREF</EndToEndId><TxId>000000013708700801</TxId><Prtry><Tp>STO REF</Tp><Ref>0000</Ref></Prtry></Refs><RltdPties><Dbtr><Nm>DICKSON R B</Nm></Dbtr><DbtrAcct><Id><PrtryAcct><Id>20553483449645</Id></PrtryAcct></Id></DbtrAcct><Cdtr><Nm>WORLD PAY</Nm></Cdtr><CdtrAcct><Id><PrtryAcct><Id>23008200043324</Id></PrtryAcct></Id></CdtrAcct><Prtry><Tp>WORLD PAY</Tp><Pty/></Prtry></RltdPties><RmtInf><Strd><AddtlRmtInf>NO REF</AddtlRmtInf></Strd><Strd><AddtlRmtInf>DICKSON R B//WORLD PAY</AddtlRmtInf></Strd></RmtInf><RltdDts><TxDtTm>2018-09-29T16:27:12</TxDtTm></RltdDts><AddtlTxInf>0000000137087008015020180929826205534</AddtlTxInf></TxDtls><AddtlNtryInf>COMPLETE//0000//003//CREDIT</AddtlNtryInf></Ntry><Ntry><Amt Ccy="GBP">100.00</Amt><CdtDbtInd>CRDT</CdtDbtInd><Sts>BOOK</Sts><BookgDt><Dt>2018-10-01</Dt></BookgDt><BkTxCd><Prtry><Cd>SIP UKBA CR 40269</Cd></Prtry></BkTxCd><TxDtls><Refs><EndToEndId>NOREF</EndToEndId><TxId>RP4659985671037100</TxId></Refs><RltdPties><Dbtr><Nm>VICARS DJ  S</Nm></Dbtr><DbtrAcct><Id><PrtryAcct><Id>20508260725617</Id></PrtryAcct></Id></DbtrAcct><Cdtr><Nm>MISS JESSICA VICAR</Nm></Cdtr><CdtrAcct><Id><PrtryAcct><Id>23008200424634</Id></PrtryAcct></Id></CdtrAcct><Prtry><Tp>.</Tp><Pty/></Prtry></RltdPties><RmtInf><Strd><AddtlRmtInf>NO REF</AddtlRmtInf></Strd><Strd><AddtlRmtInf>VICARS DJ  S//.</AddtlRmtInf></Strd></RmtInf><RltdDts><TxDtTm>2018-09-29T16:29:35</TxDtTm></RltdDts><AddtlTxInf>RP46599856710371001020180929826200026</AddtlTxInf></TxDtls><AddtlNtryInf>COMPLETE//0000//003//CREDIT</AddtlNtryInf></Ntry></Ntfctn></BkToCstmrDbtCdtNtfctnV01></Document>