<?xml version="1.0" encoding="UTF-8"?><Document xmlns:xsi="http://www.w3.org/2001/XMLSchema-instance" xmlns="urn:iso:std:iso:20022:tech:xsd:camt.054.001.01"><BkToCstmrDbtCdtNtfctnV01><GrpHdr><MsgId>80309K//13201</MsgId><CreDtTm>2018-09-22T21:00:00</CreDtTm></GrpHdr><Ntfctn><Id>80309K//13201//1</Id><CreDtTm>2018-09-22T21:00:00</CreDtTm><Acct><Id><PrtryAcct><Id>20594233939774</Id></PrtryAcct></Id><Ccy>GBP</Ccy></Acct><TxsSummry><TtlNtries><NbOfNtries>2</NbOfNtries><Sum>261.00</Sum></TtlNtries><TtlCdtNtries><NbOfNtries>2</NbOfNtries><Sum>261.00</Sum></TtlCdtNtries><TtlDbtNtries><NbOfNtries>0</NbOfNtries><Sum>0.00</Sum></TtlDbtNtries></TxsSummry><Ntry><Amt Ccy="GBP">1.00</Amt><CdtDbtInd>CRDT</CdtDbtInd><Sts>BOOK</Sts><BookgDt><Dt>2018-09-24</Dt></BookgDt><BkTxCd><Prtry><Cd>SIP UKBA CR 40269</Cd></Prtry></BkTxCd><TxDtls><Refs><EndToEndId>BANI</EndToEndId><TxId>46204815742076000N</TxId><Prtry><Tp>STO REF</Tp><Ref>0000</Ref></Prtry></Refs><RltdPties><Dbtr><Nm>TARUS I</Nm></Dbtr><DbtrAcct><Id><PrtryAcct><Id>52301841636465</Id></PrtryAcct></Id></DbtrAcct><Cdtr><Nm>ARROW CARD IONELA</Nm></Cdtr><CdtrAcct><Id><PrtryAcct><Id>23008200429203</Id></PrtryAcct></Id></CdtrAcct><Prtry><Tp>BANI</Tp><Pty/></Prtry></RltdPties><RmtInf><Strd><AddtlRmtInf>TARUS I           BANI              VIA MOBILE - LVP</AddtlRmtInf></Strd><Strd><AddtlRmtInf>TARUS I//BANI</AddtlRmtInf></Strd></RmtInf><RltdDts><TxDtTm>2018-09-22T20:48:16</TxDtTm></RltdDts><AddtlTxInf>46204815742076000N1020180922826523018</AddtlTxInf></TxDtls><AddtlNtryInf>COMPLETE//0000//003//CREDIT</AddtlNtryInf></Ntry><Ntry><Amt Ccy="GBP">260.00</Amt><CdtDbtInd>CRDT</CdtDbtInd><Sts>BOOK</Sts><BookgDt><Dt>2018-09-24</Dt></BookgDt><BkTxCd><Prtry><Cd>SIP UKBA CR 40269</Cd></Prtry></BkTxCd><TxDtls><Refs><EndToEndId>NOREF</EndToEndId><TxId>500000000391016295</TxId></Refs><RltdPties><Dbtr><Nm>P Dick</Nm></Dbtr><DbtrAcct><Id><PrtryAcct><Id>11044900515595</Id></PrtryAcct></Id></DbtrAcct><Cdtr><Nm>J CURTIS</Nm></Cdtr><CdtrAcct><Id><PrtryAcct><Id>23008200460718</Id></PrtryAcct></Id></CdtrAcct><Prtry><Tp>EBAY 332815580805</Tp><Pty/></Prtry></RltdPties><RmtInf><Strd><AddtlRmtInf>NO REF</AddtlRmtInf></Strd><Strd><AddtlRmtInf>P Dick//EBAY 332815580805</AddtlRmtInf></Strd></RmtInf><RltdDts><TxDtTm>2018-09-22T20:52:18</TxDtTm></RltdDts><AddtlTxInf>5000000003910162951020180922826110449</AddtlTxInf></TxDtls><AddtlNtryInf>COMPLETE//0000//003//CREDIT</AddtlNtryInf></Ntry></Ntfctn></BkToCstmrDbtCdtNtfctnV01></Document>