<?xml version="1.0" encoding="UTF-8"?><Document xmlns:xsi="http://www.w3.org/2001/XMLSchema-instance" xmlns="urn:iso:std:iso:20022:tech:xsd:camt.054.001.01"><BkToCstmrDbtCdtNtfctnV01><GrpHdr><MsgId>80309K//13531</MsgId><CreDtTm>2018-09-30T16:00:00</CreDtTm></GrpHdr><Ntfctn><Id>80309K//13531//1</Id><CreDtTm>2018-09-30T16:00:00</CreDtTm><Acct><Id><PrtryAcct><Id>20594233939774</Id></PrtryAcct></Id><Ccy>GBP</Ccy></Acct><TxsSummry><TtlNtries><NbOfNtries>7</NbOfNtries><Sum>1642.37</Sum></TtlNtries><TtlCdtNtries><NbOfNtries>7</NbOfNtries><Sum>1642.37</Sum></TtlCdtNtries><TtlDbtNtries><NbOfNtries>0</NbOfNtries><Sum>0.00</Sum></TtlDbtNtries></TxsSummry><Ntry><Amt Ccy="GBP">1100.00</Amt><CdtDbtInd>CRDT</CdtDbtInd><Sts>BOOK</Sts><BookgDt><Dt>2018-10-01</Dt></BookgDt><BkTxCd><Prtry><Cd>SIP UKBA CR 40269</Cd></Prtry></BkTxCd><TxDtls><Refs><EndToEndId>00151316632BBGFSTH</EndToEndId><TxId>00151316632BBGFSTH</TxId></Refs><RltdPties><Dbtr><Nm>SHAQIEM AARON</Nm></Dbtr><DbtrAcct><Id><PrtryAcct><Id>09012847774697</Id></PrtryAcct></Id></DbtrAcct><Cdtr><Nm>G Cars</Nm></Cdtr><CdtrAcct><Id><PrtryAcct><Id>23008200459468</Id></PrtryAcct></Id></CdtrAcct><Prtry><Tp>Shaqiem</Tp><Pty/></Prtry></RltdPties><RmtInf><Strd><AddtlRmtInf>NO REF</AddtlRmtInf></Strd><Strd><AddtlRmtInf>SHAQIEM AARON//Shaqiem</AddtlRmtInf></Strd></RmtInf><RltdDts><TxDtTm>2018-09-30T15:32:08</TxDtTm></RltdDts><AddtlTxInf>00151316632BBGFSTH1020180930826090128</AddtlTxInf></TxDtls><AddtlNtryInf>COMPLETE//0000//003//CREDIT</AddtlNtryInf></Ntry><Ntry><Amt Ccy="GBP">4.51</Amt><CdtDbtInd>CRDT</CdtDbtInd><Sts>BOOK</Sts><BookgDt><Dt>2018-10-01</Dt></BookgDt><BkTxCd><Prtry><Cd>SIP UKBA CR 40269</Cd></Prtry></BkTxCd><TxDtls><Refs><EndToEndId>STARLING-ERD182YK3OEEN4Y60L</EndToEndId><TxId>ERD182YK3OEEN4Y60L</TxId></Refs><RltdPties><Dbtr><Nm>Eoin Moore</Nm></Dbtr><DbtrAcct><Id><PrtryAcct><Id>60837171987972</Id></PrtryAcct></Id></DbtrAcct><Cdtr><Nm>Eoin Arro</Nm></Cdtr><CdtrAcct><Id><PrtryAcct><Id>23008200437228</Id></PrtryAcct></Id></CdtrAcct><Prtry><Tp>yeppa</Tp><Pty/></Prtry></RltdPties><RmtInf><Strd><AddtlRmtInf>NO REF</AddtlRmtInf></Strd><Strd><AddtlRmtInf>Eoin Moore//yeppa</AddtlRmtInf></Strd></RmtInf><RltdDts><TxDtTm>2018-09-30T15:32:40</TxDtTm></RltdDts><AddtlTxInf>ERD182YK3OEEN4Y60L1020180930826608371</AddtlTxInf></TxDtls><AddtlNtryInf>COMPLETE//0000//003//CREDIT</AddtlNtryInf></Ntry><Ntry><Amt Ccy="GBP">18.50</Amt><CdtDbtInd>CRDT</CdtDbtInd><Sts>BOOK</Sts><BookgDt><Dt>2018-10-01</Dt></BookgDt><BkTxCd><Prtry><Cd>SIP UKBA CR 40269</Cd></Prtry></BkTxCd><TxDtls><Refs><EndToEndId>NOREF</EndToEndId><TxId>300000000397185449</TxId></Refs><RltdPties><Dbtr><Nm>L Williams</Nm></Dbtr><DbtrAcct><Id><PrtryAcct><Id>30939926191568</Id></PrtryAcct></Id></DbtrAcct><Cdtr><Nm>LEVI WILLIAMS</Nm></Cdtr><CdtrAcct><Id><PrtryAcct><Id>23008200117249</Id></PrtryAcct></Id></CdtrAcct></RltdPties><RmtInf><Strd><AddtlRmtInf>NO REF</AddtlRmtInf></Strd><Strd><AddtlRmtInf>L Williams//</AddtlRmtInf></Strd></RmtInf><RltdDts><TxDtTm>2018-09-30T15:43:55</TxDtTm></RltdDts><AddtlTxInf>3000000003971854491020180930826309399</AddtlTxInf></TxDtls><AddtlNtryInf>COMPLETE//0000//003//CREDIT</AddtlNtryInf></Ntry><Ntry><Amt Ccy="GBP">159.36</Amt><CdtDbtInd>CRDT</CdtDbtInd><Sts>BOOK</Sts><BookgDt><Dt>2018-10-01</Dt></BookgDt><BkTxCd><Prtry><Cd>SIP UKBA CR 40269</Cd></Prtry></BkTxCd><TxDtls><Refs><EndToEndId>NOREF</EndToEndId><TxId>RP4679962697131800</TxId></Refs><RltdPties><Dbtr><Nm>THIARA R</Nm></Dbtr><DbtrAcct><Id><PrtryAcct><Id>20678853208931</Id></PrtryAcct></Id></DbtrAcct><Cdtr><Nm>VAUXHALL FINANCE P</Nm></Cdtr><CdtrAcct><Id><PrtryAcct><Id>23008200373702</Id></PrtryAcct></Id></CdtrAcct><Prtry><Tp>839815</Tp><Pty/></Prtry></RltdPties><RmtInf><Strd><AddtlRmtInf>NO REF</AddtlRmtInf></Strd><Strd><AddtlRmtInf>THIARA R//839815</AddtlRmtInf></Strd></RmtInf><RltdDts><TxDtTm>2018-09-30T15:46:41</TxDtTm></RltdDts><AddtlTxInf>RP46799626971318001020180930826200026</AddtlTxInf></TxDtls><AddtlNtryInf>COMPLETE//0000//003//CREDIT</AddtlNtryInf></Ntry><Ntry><Amt Ccy="GBP">100.00</Amt><CdtDbtInd>CRDT</CdtDbtInd><Sts>BOOK</Sts><BookgDt><Dt>2018-10-01</Dt></BookgDt><BkTxCd><Prtry><Cd>SIP UKBA CR 40269</Cd></Prtry></BkTxCd><TxDtls><Refs><EndToEndId>NOREF</EndToEndId><TxId>RP4679962697397900</TxId></Refs><RltdPties><Dbtr><Nm>O O KUKOYI</Nm></Dbtr><DbtrAcct><Id><PrtryAcct><Id>20539790356557</Id></PrtryAcct></Id></DbtrAcct><Cdtr><Nm>A OYEBANJI</Nm></Cdtr><CdtrAcct><Id><PrtryAcct><Id>23008200237848</Id></PrtryAcct></Id></CdtrAcct><Prtry><Tp>OYSTER</Tp><Pty/></Prtry></RltdPties><RmtInf><Strd><AddtlRmtInf>NO REF</AddtlRmtInf></Strd><Strd><AddtlRmtInf>O O KUKOYI//OYSTER</AddtlRmtInf></Strd></RmtInf><RltdDts><TxDtTm>2018-09-30T15:50:23</TxDtTm></RltdDts><AddtlTxInf>RP46799626973979001020180930826200026</AddtlTxInf></TxDtls><AddtlNtryInf>COMPLETE//0000//003//CREDIT</AddtlNtryInf></Ntry><Ntry><Amt Ccy="GBP">250.00</Amt><CdtDbtInd>CRDT</CdtDbtInd><Sts>BOOK</Sts><BookgDt><Dt>2018-10-01</Dt></BookgDt><BkTxCd><Prtry><Cd>SIP UKBA CR 40269</Cd></Prtry></BkTxCd><TxDtls><Refs><EndToEndId>000000FT18271X9KNX</EndToEndId><TxId>000000FT18271X9KNX</TxId></Refs><RltdPties><Dbtr><Nm>NUNO JOAQUIM DENTAMPOL</Nm><PstlAdr><AdrLine>32 GROSVENOR ROAD;LONDON</AdrLine><Ctry/></PstlAdr></Dbtr><DbtrAcct><Id><PrtryAcct><Id>23058023939126</Id></PrtryAcct></Id></DbtrAcct><Cdtr><Nm>arlindo gomes</Nm><PstlAdr><AdrLine>WIRECARD;WIRECARD CARD SOLUTIONS</AdrLine><Ctry/></PstlAdr></Cdtr><CdtrAcct><Id><PrtryAcct><Id>23008200329285</Id></PrtryAcct></Id></CdtrAcct><Prtry><Tp>arro</Tp><Pty/></Prtry></RltdPties><RmtInf><Strd><AddtlRmtInf>NO REF</AddtlRmtInf></Strd><Strd><AddtlRmtInf>NUNO JOAQUIM DENTA//arro</AddtlRmtInf></Strd></RmtInf><RltdDts><TxDtTm>2018-09-30T15:55:08</TxDtTm></RltdDts><AddtlTxInf>000000FT18271X9KNX1020180930826230580</AddtlTxInf></TxDtls><AddtlNtryInf>COMPLETE//0000//003//CREDIT</AddtlNtryInf></Ntry><Ntry><Amt Ccy="GBP">10.00</Amt><CdtDbtInd>CRDT</CdtDbtInd><Sts>BOOK</Sts><BookgDt><Dt>2018-10-01</Dt></BookgDt><BkTxCd><Prtry><Cd>SIP UKBA CR 40269</Cd></Prtry></BkTxCd><TxDtls><Refs><EndToEndId>NOREF</EndToEndId><TxId>200000000391872252</TxId></Refs><RltdPties><Dbtr><Nm>K Adewuyi</Nm></Dbtr><DbtrAcct><Id><PrtryAcct><Id>11000110378646</Id></PrtryAcct></Id></DbtrAcct><Cdtr><Nm>ADETUNJI OWOLABI</Nm></Cdtr><CdtrAcct><Id><PrtryAcct><Id>23008200293489</Id></PrtryAcct></Id></CdtrAcct><Prtry><Tp>ADE</Tp><Pty/></Prtry></RltdPties><RmtInf><Strd><AddtlRmtInf>NO REF</AddtlRmtInf></Strd><Strd><AddtlRmtInf>K Adewuyi//ADE</AddtlRmtInf></Strd></RmtInf><RltdDts><TxDtTm>2018-09-30T15:56:46</TxDtTm></RltdDts><AddtlTxInf>2000000003918722521020180930826110001</AddtlTxInf></TxDtls><AddtlNtryInf>COMPLETE//0000//003//CREDIT</AddtlNtryInf></Ntry></Ntfctn></BkToCstmrDbtCdtNtfctnV01></Document>