<?xml version="1.0" encoding="UTF-8"?><Document xmlns:xsi="http://www.w3.org/2001/XMLSchema-instance" xmlns="urn:iso:std:iso:20022:tech:xsd:camt.054.001.01"><BkToCstmrDbtCdtNtfctnV01><GrpHdr><MsgId>80309K//13065</MsgId><CreDtTm>2018-09-19T19:00:00</CreDtTm></GrpHdr><Ntfctn><Id>80309K//13065//1</Id><CreDtTm>2018-09-19T19:00:00</CreDtTm><Acct><Id><PrtryAcct><Id>20594233939774</Id></PrtryAcct></Id><Ccy>GBP</Ccy></Acct><TxsSummry><TtlNtries><NbOfNtries>8</NbOfNtries><Sum>420.16</Sum></TtlNtries><TtlCdtNtries><NbOfNtries>8</NbOfNtries><Sum>420.16</Sum></TtlCdtNtries><TtlDbtNtries><NbOfNtries>0</NbOfNtries><Sum>0.00</Sum></TtlDbtNtries></TxsSummry><Ntry><Amt Ccy="GBP">89.00</Amt><CdtDbtInd>CRDT</CdtDbtInd><Sts>BOOK</Sts><BookgDt><Dt>2018-09-20</Dt></BookgDt><BkTxCd><Prtry><Cd>SIP UKBA CR 40269</Cd></Prtry></BkTxCd><TxDtls><Refs><EndToEndId>NOREF</EndToEndId><TxId>100000000388424943</TxId></Refs><RltdPties><Dbtr><Nm>N Roberts</Nm></Dbtr><DbtrAcct><Id><PrtryAcct><Id>77223732449168</Id></PrtryAcct></Id></DbtrAcct><Cdtr><Nm>M&amp;F LINKS LTD</Nm></Cdtr><CdtrAcct><Id><PrtryAcct><Id>23008200035383</Id></PrtryAcct></Id></CdtrAcct><Prtry><Tp>PATRICIA</Tp><Pty/></Prtry></RltdPties><RmtInf><Strd><AddtlRmtInf>NO REF</AddtlRmtInf></Strd><Strd><AddtlRmtInf>N Roberts//PATRICIA</AddtlRmtInf></Strd></RmtInf><RltdDts><TxDtTm>2018-09-19T18:32:34</TxDtTm></RltdDts><AddtlTxInf>1000000003884249431020180919826772237</AddtlTxInf></TxDtls><AddtlNtryInf>COMPLETE//0000//003//CREDIT</AddtlNtryInf></Ntry><Ntry><Amt Ccy="GBP">225.00</Amt><CdtDbtInd>CRDT</CdtDbtInd><Sts>BOOK</Sts><BookgDt><Dt>2018-09-20</Dt></BookgDt><BkTxCd><Prtry><Cd>SIP UKBA CR 40269</Cd></Prtry></BkTxCd><TxDtls><Refs><EndToEndId>NOREF</EndToEndId><TxId>600000000389799104</TxId></Refs><RltdPties><Dbtr><Nm>Z Shareef</Nm></Dbtr><DbtrAcct><Id><PrtryAcct><Id>30844534601960</Id></PrtryAcct></Id></DbtrAcct><Cdtr><Nm>ALI KAMRAN</Nm></Cdtr><CdtrAcct><Id><PrtryAcct><Id>23008200386714</Id></PrtryAcct></Id></CdtrAcct><Prtry><Tp>INSTAGRAM</Tp><Pty/></Prtry></RltdPties><RmtInf><Strd><AddtlRmtInf>NO REF</AddtlRmtInf></Strd><Strd><AddtlRmtInf>Z Shareef//INSTAGRAM</AddtlRmtInf></Strd></RmtInf><RltdDts><TxDtTm>2018-09-19T18:33:57</TxDtTm></RltdDts><AddtlTxInf>6000000003897991041020180919826308445</AddtlTxInf></TxDtls><AddtlNtryInf>COMPLETE//0000//003//CREDIT</AddtlNtryInf></Ntry><Ntry><Amt Ccy="GBP">0.01</Amt><CdtDbtInd>CRDT</CdtDbtInd><Sts>BOOK</Sts><BookgDt><Dt>2018-09-20</Dt></BookgDt><BkTxCd><Prtry><Cd>SIP UKBA CR 40269</Cd></Prtry></BkTxCd><TxDtls><Refs><EndToEndId>PPRD00000000AOM2FK</EndToEndId><TxId>PPRD00000000AOM2FK</TxId></Refs><RltdPties><Dbtr><Nm>PAYPAL CODE 9645</Nm><PstlAdr><AdrLine>2211 N 1st Street San Jose CA 95131</AdrLine><Ctry/></PstlAdr></Dbtr><DbtrAcct><Id><PrtryAcct><Id>23526285010101</Id></PrtryAcct></Id></DbtrAcct><Cdtr><Nm>Paul Taylor</Nm><PstlAdr><AdrLine>59 Martin close</AdrLine><Ctry/></PstlAdr></Cdtr><CdtrAcct><Id><PrtryAcct><Id>23008200455100</Id></PrtryAcct></Id></CdtrAcct><Prtry><Tp>PAYPAL CODE 9645</Tp><Pty/></Prtry></RltdPties><RmtInf><Strd><RfrdDocInf><RfrdDocTp><Prtry>002</Prtry></RfrdDocTp></RfrdDocInf><AddtlRmtInf>NO REF</AddtlRmtInf></Strd><Strd><AddtlRmtInf>PAYPAL CODE 9645//PAYPAL CODE 9645</AddtlRmtInf></Strd></RmtInf><RltdDts><TxDtTm>2018-09-19T18:37:33</TxDtTm></RltdDts><AddtlTxInf>PPRD00000000AOM2FK1020180919826235262</AddtlTxInf></TxDtls><AddtlNtryInf>COMPLETE//0000//003//CREDIT</AddtlNtryInf></Ntry><Ntry><Amt Ccy="GBP">0.10</Amt><CdtDbtInd>CRDT</CdtDbtInd><Sts>BOOK</Sts><BookgDt><Dt>2018-09-20</Dt></BookgDt><BkTxCd><Prtry><Cd>DCA UKBA CR 40269</Cd></Prtry></BkTxCd><TxDtls><Refs><EndToEndId>NOREF</EndToEndId><TxId>000000013613262201</TxId><Prtry><Tp>STO REF</Tp><Ref>0000</Ref></Prtry></Refs><RltdPties><Dbtr><Nm>23732400702604</Nm></Dbtr><DbtrAcct><Id><PrtryAcct><Id>20594243787346</Id></PrtryAcct></Id></DbtrAcct><Cdtr><Nm>BLUEZ</Nm></Cdtr><CdtrAcct><Id><PrtryAcct><Id>23008200302579</Id></PrtryAcct></Id></CdtrAcct><Prtry><Tp>G</Tp><Pty/></Prtry></RltdPties><RmtInf><Strd><AddtlRmtInf>NO REF</AddtlRmtInf></Strd><Strd><AddtlRmtInf>23732400702604//G</AddtlRmtInf></Strd></RmtInf><RltdDts><TxDtTm>2018-09-19T18:46:46</TxDtTm></RltdDts><AddtlTxInf>0000000136132622015020180919826205942</AddtlTxInf></TxDtls><AddtlNtryInf>COMPLETE//0000//003//CREDIT</AddtlNtryInf></Ntry><Ntry><Amt Ccy="GBP">0.05</Amt><CdtDbtInd>CRDT</CdtDbtInd><Sts>BOOK</Sts><BookgDt><Dt>2018-09-20</Dt></BookgDt><BkTxCd><Prtry><Cd>DCA UKBA CR 40269</Cd></Prtry></BkTxCd><TxDtls><Refs><EndToEndId>NOREF</EndToEndId><TxId>000000013613262001</TxId><Prtry><Tp>STO REF</Tp><Ref>0000</Ref></Prtry></Refs><RltdPties><Dbtr><Nm>23732400702604</Nm></Dbtr><DbtrAcct><Id><PrtryAcct><Id>20594243787346</Id></PrtryAcct></Id></DbtrAcct><Cdtr><Nm>BLUEZ</Nm></Cdtr><CdtrAcct><Id><PrtryAcct><Id>23008200302579</Id></PrtryAcct></Id></CdtrAcct><Prtry><Tp>G</Tp><Pty/></Prtry></RltdPties><RmtInf><Strd><AddtlRmtInf>NO REF</AddtlRmtInf></Strd><Strd><AddtlRmtInf>23732400702604//G</AddtlRmtInf></Strd></RmtInf><RltdDts><TxDtTm>2018-09-19T18:46:46</TxDtTm></RltdDts><AddtlTxInf>0000000136132620015020180919826205942</AddtlTxInf></TxDtls><AddtlNtryInf>COMPLETE//0000//003//CREDIT</AddtlNtryInf></Ntry><Ntry><Amt Ccy="GBP">36.00</Amt><CdtDbtInd>CRDT</CdtDbtInd><Sts>BOOK</Sts><BookgDt><Dt>2018-09-20</Dt></BookgDt><BkTxCd><Prtry><Cd>SIP UKBA CR 40269</Cd></Prtry></BkTxCd><TxDtls><Refs><EndToEndId>00153425632BWCPCFK</EndToEndId><TxId>00153425632BWCPCFK</TxId></Refs><RltdPties><Dbtr><Nm>ALEXANDRA GLENNIE</Nm></Dbtr><DbtrAcct><Id><PrtryAcct><Id>09012926518279</Id></PrtryAcct></Id></DbtrAcct><Cdtr><Nm>ANNABELE PAU</Nm></Cdtr><CdtrAcct><Id><PrtryAcct><Id>23008200453665</Id></PrtryAcct></Id></CdtrAcct><Prtry><Tp>dress</Tp><Pty/></Prtry></RltdPties><RmtInf><Strd><AddtlRmtInf>NO REF</AddtlRmtInf></Strd><Strd><AddtlRmtInf>ALEXANDRA GLENNIE//dress</AddtlRmtInf></Strd></RmtInf><RltdDts><TxDtTm>2018-09-19T18:48:17</TxDtTm></RltdDts><AddtlTxInf>00153425632BWCPCFK1020180919826090129</AddtlTxInf></TxDtls><AddtlNtryInf>COMPLETE//0000//003//CREDIT</AddtlNtryInf></Ntry><Ntry><Amt Ccy="GBP">30.00</Amt><CdtDbtInd>CRDT</CdtDbtInd><Sts>BOOK</Sts><BookgDt><Dt>2018-09-20</Dt></BookgDt><BkTxCd><Prtry><Cd>SIP UKBA CR 40269</Cd></Prtry></BkTxCd><TxDtls><Refs><EndToEndId>00153425632BWCPCNB</EndToEndId><TxId>00153425632BWCPCNB</TxId></Refs><RltdPties><Dbtr><Nm>ALEXANDRA GLENNIE</Nm></Dbtr><DbtrAcct><Id><PrtryAcct><Id>09012926518279</Id></PrtryAcct></Id></DbtrAcct><Cdtr><Nm>CAROL GODDAR</Nm></Cdtr><CdtrAcct><Id><PrtryAcct><Id>23008200453705</Id></PrtryAcct></Id></CdtrAcct><Prtry><Tp>SHOE</Tp><Pty/></Prtry></RltdPties><RmtInf><Strd><AddtlRmtInf>NO REF</AddtlRmtInf></Strd><Strd><AddtlRmtInf>ALEXANDRA GLENNIE//SHOE</AddtlRmtInf></Strd></RmtInf><RltdDts><TxDtTm>2018-09-19T18:50:25</TxDtTm></RltdDts><AddtlTxInf>00153425632BWCPCNB1020180919826090129</AddtlTxInf></TxDtls><AddtlNtryInf>COMPLETE//0000//003//CREDIT</AddtlNtryInf></Ntry><Ntry><Amt Ccy="GBP">40.00</Amt><CdtDbtInd>CRDT</CdtDbtInd><Sts>BOOK</Sts><BookgDt><Dt>2018-09-20</Dt></BookgDt><BkTxCd><Prtry><Cd>SIP UKBA CR 40269</Cd></Prtry></BkTxCd><TxDtls><Refs><EndToEndId>NOREF</EndToEndId><TxId>777253427581919001</TxId><Prtry><Tp>STO REF</Tp><Ref>0000</Ref></Prtry></Refs><RltdPties><Dbtr><Nm>PHIPPS C J</Nm></Dbtr><DbtrAcct><Id><PrtryAcct><Id>40280831323423</Id></PrtryAcct></Id></DbtrAcct><Cdtr><Nm>DAGMARA DOBIJA</Nm></Cdtr><CdtrAcct><Id><PrtryAcct><Id>23008200085166</Id></PrtryAcct></Id></CdtrAcct><Prtry><Tp>FROM CHRIS</Tp><Pty/></Prtry></RltdPties><RmtInf><Strd><AddtlRmtInf>NO REF</AddtlRmtInf></Strd><Strd><AddtlRmtInf>PHIPPS C J//FROM CHRIS</AddtlRmtInf></Strd></RmtInf><RltdDts><TxDtTm>2018-09-19T18:57:24</TxDtTm></RltdDts><AddtlTxInf>7772534275819190011020180919826402808</AddtlTxInf></TxDtls><AddtlNtryInf>COMPLETE//0000//003//CREDIT</AddtlNtryInf></Ntry></Ntfctn></BkToCstmrDbtCdtNtfctnV01></Document>