<?xml version="1.0" encoding="UTF-8"?><Document xmlns:xsi="http://www.w3.org/2001/XMLSchema-instance" xmlns="urn:iso:std:iso:20022:tech:xsd:camt.054.001.01"><BkToCstmrDbtCdtNtfctnV01><GrpHdr><MsgId>80309K//13067</MsgId><CreDtTm>2018-09-19T20:00:00</CreDtTm></GrpHdr><Ntfctn><Id>80309K//13067//1</Id><CreDtTm>2018-09-19T20:00:00</CreDtTm><Acct><Id><PrtryAcct><Id>20594233939774</Id></PrtryAcct></Id><Ccy>GBP</Ccy></Acct><TxsSummry><TtlNtries><NbOfNtries>5</NbOfNtries><Sum>170.01</Sum></TtlNtries><TtlCdtNtries><NbOfNtries>5</NbOfNtries><Sum>170.01</Sum></TtlCdtNtries><TtlDbtNtries><NbOfNtries>0</NbOfNtries><Sum>0.00</Sum></TtlDbtNtries></TxsSummry><Ntry><Amt Ccy="GBP">70.00</Amt><CdtDbtInd>CRDT</CdtDbtInd><Sts>BOOK</Sts><BookgDt><Dt>2018-09-20</Dt></BookgDt><BkTxCd><Prtry><Cd>SIP UKBA CR 40269</Cd></Prtry></BkTxCd><TxDtls><Refs><EndToEndId>NOREF</EndToEndId><TxId>500000000390096829</TxId></Refs><RltdPties><Dbtr><Nm>J Kedron</Nm></Dbtr><DbtrAcct><Id><PrtryAcct><Id>30998384437462</Id></PrtryAcct></Id></DbtrAcct><Cdtr><Nm>DAWID BRZEZICKI</Nm></Cdtr><CdtrAcct><Id><PrtryAcct><Id>23008200023706</Id></PrtryAcct></Id></CdtrAcct><Prtry><Tp>WYPLATA</Tp><Pty/></Prtry></RltdPties><RmtInf><Strd><AddtlRmtInf>NO REF</AddtlRmtInf></Strd><Strd><AddtlRmtInf>J Kedron//WYPLATA</AddtlRmtInf></Strd></RmtInf><RltdDts><TxDtTm>2018-09-19T19:36:49</TxDtTm></RltdDts><AddtlTxInf>5000000003900968291020180919826309983</AddtlTxInf></TxDtls><AddtlNtryInf>COMPLETE//0000//003//CREDIT</AddtlNtryInf></Ntry><Ntry><Amt Ccy="GBP">25.00</Amt><CdtDbtInd>CRDT</CdtDbtInd><Sts>BOOK</Sts><BookgDt><Dt>2018-09-20</Dt></BookgDt><BkTxCd><Prtry><Cd>SIP UKBA CR 40269</Cd></Prtry></BkTxCd><TxDtls><Refs><EndToEndId>NOREF</EndToEndId><TxId>200000000388431098</TxId></Refs><RltdPties><Dbtr><Nm>R Seddon</Nm></Dbtr><DbtrAcct><Id><PrtryAcct><Id>11162627510382</Id></PrtryAcct></Id></DbtrAcct><Cdtr><Nm>WILL ATKINSON</Nm></Cdtr><CdtrAcct><Id><PrtryAcct><Id>23008200433862</Id></PrtryAcct></Id></CdtrAcct><Prtry><Tp>SYNDICATE</Tp><Pty/></Prtry></RltdPties><RmtInf><Strd><AddtlRmtInf>NO REF</AddtlRmtInf></Strd><Strd><AddtlRmtInf>R Seddon//SYNDICATE</AddtlRmtInf></Strd></RmtInf><RltdDts><TxDtTm>2018-09-19T19:38:29</TxDtTm></RltdDts><AddtlTxInf>2000000003884310981020180919826111626</AddtlTxInf></TxDtls><AddtlNtryInf>COMPLETE//0000//003//CREDIT</AddtlNtryInf></Ntry><Ntry><Amt Ccy="GBP">25.00</Amt><CdtDbtInd>CRDT</CdtDbtInd><Sts>BOOK</Sts><BookgDt><Dt>2018-09-20</Dt></BookgDt><BkTxCd><Prtry><Cd>SIP UKBA CR 40269</Cd></Prtry></BkTxCd><TxDtls><Refs><EndToEndId>NOREF</EndToEndId><TxId>PPQVE6B6ZLJ6RXVYAE</TxId></Refs><RltdPties><Dbtr><Nm>Andrew Suter</Nm><PstlAdr><AdrLine>Flat 13, SW9 8GA</AdrLine><Ctry/></PstlAdr></Dbtr><DbtrAcct><Id><PrtryAcct><Id>04000436753571</Id></PrtryAcct></Id></DbtrAcct><Cdtr><Nm>Land Of Inplay</Nm></Cdtr><CdtrAcct><Id><PrtryAcct><Id>23008200433862</Id></PrtryAcct></Id></CdtrAcct><Prtry><Tp>Andy Suter Syndica</Tp><Pty/></Prtry></RltdPties><RmtInf><Strd><AddtlRmtInf>NO REF</AddtlRmtInf></Strd><Strd><AddtlRmtInf>Andrew Suter//Andy Suter Syndica</AddtlRmtInf></Strd></RmtInf><RltdDts><TxDtTm>2018-09-19T19:43:35</TxDtTm></RltdDts><AddtlTxInf>PPQVE6B6ZLJ6RXVYAE1020180919826040004</AddtlTxInf></TxDtls><AddtlNtryInf>COMPLETE//0000//003//CREDIT</AddtlNtryInf></Ntry><Ntry><Amt Ccy="GBP">50.00</Amt><CdtDbtInd>CRDT</CdtDbtInd><Sts>BOOK</Sts><BookgDt><Dt>2018-09-20</Dt></BookgDt><BkTxCd><Prtry><Cd>SIP UKBA CR 40269</Cd></Prtry></BkTxCd><TxDtls><Refs><EndToEndId>00151097632BBHLTQX</EndToEndId><TxId>00151097632BBHLTQX</TxId></Refs><RltdPties><Dbtr><Nm>DAVID TURK</Nm></Dbtr><DbtrAcct><Id><PrtryAcct><Id>09012672759696</Id></PrtryAcct></Id></DbtrAcct><Cdtr><Nm>landofinplay</Nm></Cdtr><CdtrAcct><Id><PrtryAcct><Id>23008200433862</Id></PrtryAcct></Id></CdtrAcct><Prtry><Tp>synicate</Tp><Pty/></Prtry></RltdPties><RmtInf><Strd><AddtlRmtInf>NO REF</AddtlRmtInf></Strd><Strd><AddtlRmtInf>DAVID TURK//synicate</AddtlRmtInf></Strd></RmtInf><RltdDts><TxDtTm>2018-09-19T19:48:37</TxDtTm></RltdDts><AddtlTxInf>00151097632BBHLTQX1020180919826090126</AddtlTxInf></TxDtls><AddtlNtryInf>COMPLETE//0000//003//CREDIT</AddtlNtryInf></Ntry><Ntry><Amt Ccy="GBP">0.01</Amt><CdtDbtInd>CRDT</CdtDbtInd><Sts>BOOK</Sts><BookgDt><Dt>2018-09-20</Dt></BookgDt><BkTxCd><Prtry><Cd>SIP UKBA CR 40269</Cd></Prtry></BkTxCd><TxDtls><Refs><EndToEndId>PPRD00000000AOMR9C</EndToEndId><TxId>PPRD00000000AOMR9C</TxId></Refs><RltdPties><Dbtr><Nm>PAYPAL CODE 7297</Nm><PstlAdr><AdrLine>2211 N 1st Street San Jose CA 95131</AdrLine><Ctry/></PstlAdr></Dbtr><DbtrAcct><Id><PrtryAcct><Id>23526285010101</Id></PrtryAcct></Id></DbtrAcct><Cdtr><Nm>wilford lati</Nm><PstlAdr><AdrLine>Swainson Road</AdrLine><Ctry/></PstlAdr></Cdtr><CdtrAcct><Id><PrtryAcct><Id>23008200445444</Id></PrtryAcct></Id></CdtrAcct><Prtry><Tp>PAYPAL CODE 7297</Tp><Pty/></Prtry></RltdPties><RmtInf><Strd><RfrdDocInf><RfrdDocTp><Prtry>002</Prtry></RfrdDocTp></RfrdDocInf><AddtlRmtInf>NO REF</AddtlRmtInf></Strd><Strd><AddtlRmtInf>PAYPAL CODE 7297//PAYPAL CODE 7297</AddtlRmtInf></Strd></RmtInf><RltdDts><TxDtTm>2018-09-19T19:56:03</TxDtTm></RltdDts><AddtlTxInf>PPRD00000000AOMR9C1020180919826235262</AddtlTxInf></TxDtls><AddtlNtryInf>COMPLETE//0000//003//CREDIT</AddtlNtryInf></Ntry></Ntfctn></BkToCstmrDbtCdtNtfctnV01></Document>