<?xml version="1.0" encoding="UTF-8"?><Document xmlns:xsi="http://www.w3.org/2001/XMLSchema-instance" xmlns="urn:iso:std:iso:20022:tech:xsd:camt.054.001.01"><BkToCstmrDbtCdtNtfctnV01><GrpHdr><MsgId>80309K//12640</MsgId><CreDtTm>2018-09-09T20:30:00</CreDtTm></GrpHdr><Ntfctn><Id>80309K//12640//1</Id><CreDtTm>2018-09-09T20:30:00</CreDtTm><Acct><Id><PrtryAcct><Id>20594233939774</Id></PrtryAcct></Id><Ccy>GBP</Ccy></Acct><TxsSummry><TtlNtries><NbOfNtries>3</NbOfNtries><Sum>505.00</Sum></TtlNtries><TtlCdtNtries><NbOfNtries>3</NbOfNtries><Sum>505.00</Sum></TtlCdtNtries><TtlDbtNtries><NbOfNtries>0</NbOfNtries><Sum>0.00</Sum></TtlDbtNtries></TxsSummry><Ntry><Amt Ccy="GBP">5.00</Amt><CdtDbtInd>CRDT</CdtDbtInd><Sts>BOOK</Sts><BookgDt><Dt>2018-09-10</Dt></BookgDt><BkTxCd><Prtry><Cd>SIP UKBA CR 40269</Cd></Prtry></BkTxCd><TxDtls><Refs><EndToEndId>00153425632BVYFBFT</EndToEndId><TxId>00153425632BVYFBFT</TxId></Refs><RltdPties><Dbtr><Nm>MACANTHONY NWANEBI</Nm></Dbtr><DbtrAcct><Id><PrtryAcct><Id>09012923264898</Id></PrtryAcct></Id></DbtrAcct><Cdtr><Nm>BOO HOLID LTD</Nm></Cdtr><CdtrAcct><Id><PrtryAcct><Id>23008200224058</Id></PrtryAcct></Id></CdtrAcct><Prtry><Tp>BHL ArroMo</Tp><Pty/></Prtry></RltdPties><RmtInf><Strd><AddtlRmtInf>NO REF</AddtlRmtInf></Strd><Strd><AddtlRmtInf>MACANTHONY NWANEBI//BHL ArroMo</AddtlRmtInf></Strd></RmtInf><RltdDts><TxDtTm>2018-09-09T20:14:20</TxDtTm></RltdDts><AddtlTxInf>00153425632BVYFBFT1020180909826090129</AddtlTxInf></TxDtls><AddtlNtryInf>COMPLETE//0000//003//CREDIT</AddtlNtryInf></Ntry><Ntry><Amt Ccy="GBP">10.00</Amt><CdtDbtInd>CRDT</CdtDbtInd><Sts>BOOK</Sts><BookgDt><Dt>2018-09-10</Dt></BookgDt><BkTxCd><Prtry><Cd>DCA UKBA CR 40269</Cd></Prtry></BkTxCd><TxDtls><Refs><EndToEndId>NOREF</EndToEndId><TxId>000000013516412201</TxId><Prtry><Tp>STO REF</Tp><Ref>0000</Ref></Prtry></Refs><RltdPties><Dbtr><Nm>23327202519655</Nm></Dbtr><DbtrAcct><Id><PrtryAcct><Id>20594263428524</Id></PrtryAcct></Id></DbtrAcct><Cdtr><Nm>JASON MALCOLM RAND</Nm></Cdtr><CdtrAcct><Id><PrtryAcct><Id>23008200060979</Id></PrtryAcct></Id></CdtrAcct><Prtry><Tp>MOTHER</Tp><Pty/></Prtry></RltdPties><RmtInf><Strd><AddtlRmtInf>NO REF</AddtlRmtInf></Strd><Strd><AddtlRmtInf>23327202519655//MOTHER</AddtlRmtInf></Strd></RmtInf><RltdDts><TxDtTm>2018-09-09T20:17:02</TxDtTm></RltdDts><AddtlTxInf>0000000135164122015020180909826205942</AddtlTxInf></TxDtls><AddtlNtryInf>COMPLETE//0000//003//CREDIT</AddtlNtryInf></Ntry><Ntry><Amt Ccy="GBP">490.00</Amt><CdtDbtInd>CRDT</CdtDbtInd><Sts>BOOK</Sts><BookgDt><Dt>2018-09-10</Dt></BookgDt><BkTxCd><Prtry><Cd>DCA UKBA CR 40269</Cd></Prtry></BkTxCd><TxDtls><Refs><EndToEndId>NOREF</EndToEndId><TxId>000000013516413301</TxId><Prtry><Tp>STO REF</Tp><Ref>0000</Ref></Prtry></Refs><RltdPties><Dbtr><Nm>23327201081522</Nm></Dbtr><DbtrAcct><Id><PrtryAcct><Id>20594263428524</Id></PrtryAcct></Id></DbtrAcct><Cdtr><Nm>VANGELIYA KARADALI</Nm></Cdtr><CdtrAcct><Id><PrtryAcct><Id>23008200100691</Id></PrtryAcct></Id></CdtrAcct><Prtry><Tp>0609671001</Tp><Pty/></Prtry></RltdPties><RmtInf><Strd><AddtlRmtInf>NO REF</AddtlRmtInf></Strd><Strd><AddtlRmtInf>23327201081522//0609671001</AddtlRmtInf></Strd></RmtInf><RltdDts><TxDtTm>2018-09-09T20:17:02</TxDtTm></RltdDts><AddtlTxInf>0000000135164133015020180909826205942</AddtlTxInf></TxDtls><AddtlNtryInf>COMPLETE//0000//003//CREDIT</AddtlNtryInf></Ntry></Ntfctn></BkToCstmrDbtCdtNtfctnV01></Document>