<?xml version="1.0" encoding="UTF-8"?><Document xmlns:xsi="http://www.w3.org/2001/XMLSchema-instance" xmlns="urn:iso:std:iso:20022:tech:xsd:camt.054.001.01"><BkToCstmrDbtCdtNtfctnV01><GrpHdr><MsgId>80309K//12556</MsgId><CreDtTm>2018-09-07T18:30:00</CreDtTm></GrpHdr><Ntfctn><Id>80309K//12556//1</Id><CreDtTm>2018-09-07T18:30:00</CreDtTm><Acct><Id><PrtryAcct><Id>20594233939774</Id></PrtryAcct></Id><Ccy>GBP</Ccy></Acct><TxsSummry><TtlNtries><NbOfNtries>9</NbOfNtries><Sum>188.89</Sum></TtlNtries><TtlCdtNtries><NbOfNtries>9</NbOfNtries><Sum>188.89</Sum></TtlCdtNtries><TtlDbtNtries><NbOfNtries>0</NbOfNtries><Sum>0.00</Sum></TtlDbtNtries></TxsSummry><Ntry><Amt Ccy="GBP">20.00</Amt><CdtDbtInd>CRDT</CdtDbtInd><Sts>BOOK</Sts><BookgDt><Dt>2018-09-07</Dt></BookgDt><BkTxCd><Prtry><Cd>SIP UKBA CR 40269</Cd></Prtry></BkTxCd><TxDtls><Refs><EndToEndId>THANKS!</EndToEndId><TxId>62180111549310000N</TxId><Prtry><Tp>STO REF</Tp><Ref>0000</Ref></Prtry></Refs><RltdPties><Dbtr><Nm>GARABELLO UP</Nm></Dbtr><DbtrAcct><Id><PrtryAcct><Id>60051116649281</Id></PrtryAcct></Id></DbtrAcct><Cdtr><Nm>ISRAEL FAJARDO</Nm></Cdtr><CdtrAcct><Id><PrtryAcct><Id>23008200145160</Id></PrtryAcct></Id></CdtrAcct><Prtry><Tp>THANKS!</Tp><Pty/></Prtry></RltdPties><RmtInf><Strd><AddtlRmtInf>GARABELLO UP      THANKS!           VIA MOBILE - LVP</AddtlRmtInf></Strd><Strd><AddtlRmtInf>GARABELLO UP//THANKS!</AddtlRmtInf></Strd></RmtInf><RltdDts><TxDtTm>2018-09-07T18:01:11</TxDtTm></RltdDts><AddtlTxInf>62180111549310000N1020180907826600511</AddtlTxInf></TxDtls><AddtlNtryInf>COMPLETE//0000//003//CREDIT</AddtlNtryInf></Ntry><Ntry><Amt Ccy="GBP">20.00</Amt><CdtDbtInd>CRDT</CdtDbtInd><Sts>BOOK</Sts><BookgDt><Dt>2018-09-07</Dt></BookgDt><BkTxCd><Prtry><Cd>SIP UKBA CR 40269</Cd></Prtry></BkTxCd><TxDtls><Refs><EndToEndId>NOREF</EndToEndId><TxId>000000000127460841</TxId></Refs><RltdPties><Dbtr><Nm>MR L A NEED</Nm></Dbtr><DbtrAcct><Id><PrtryAcct><Id>08910314185050</Id></PrtryAcct></Id></DbtrAcct><Cdtr><Nm>MR L NEED SAVING</Nm></Cdtr><CdtrAcct><Id><PrtryAcct><Id>23008200338418</Id></PrtryAcct></Id></CdtrAcct></RltdPties><RmtInf><Strd><AddtlRmtInf>NO REF</AddtlRmtInf></Strd><Strd><AddtlRmtInf>MR L A NEED//</AddtlRmtInf></Strd></RmtInf><RltdDts><TxDtTm>2018-09-07T18:01:25</TxDtTm></RltdDts><AddtlTxInf>0000000001274608411020180907826089103</AddtlTxInf></TxDtls><AddtlNtryInf>COMPLETE//0000//003//CREDIT</AddtlNtryInf></Ntry><Ntry><Amt Ccy="GBP">50.00</Amt><CdtDbtInd>CRDT</CdtDbtInd><Sts>BOOK</Sts><BookgDt><Dt>2018-09-07</Dt></BookgDt><BkTxCd><Prtry><Cd>SIP UKBA CR 40269</Cd></Prtry></BkTxCd><TxDtls><Refs><EndToEndId>NOREF</EndToEndId><TxId>FP18250O14368171</TxId></Refs><RltdPties><Dbtr><Nm>Fisher Rema</Nm></Dbtr><DbtrAcct><Id><PrtryAcct><Id>07024645395300</Id></PrtryAcct></Id></DbtrAcct><Cdtr><Nm>MISS TINA FISHER</Nm></Cdtr><CdtrAcct><Id><PrtryAcct><Id>23008200013489</Id></PrtryAcct></Id></CdtrAcct><Prtry><Tp>REMA</Tp><Pty/></Prtry></RltdPties><RmtInf><Strd><AddtlRmtInf>NO REF</AddtlRmtInf></Strd><Strd><AddtlRmtInf>Fisher Rema//REMA</AddtlRmtInf></Strd></RmtInf><RltdDts><TxDtTm>2018-09-07T18:11:19</TxDtTm></RltdDts><AddtlTxInf>FP18250O14368171  1020180907826070246</AddtlTxInf></TxDtls><AddtlNtryInf>COMPLETE//0000//003//CREDIT</AddtlNtryInf></Ntry><Ntry><Amt Ccy="GBP">20.00</Amt><CdtDbtInd>CRDT</CdtDbtInd><Sts>BOOK</Sts><BookgDt><Dt>2018-09-07</Dt></BookgDt><BkTxCd><Prtry><Cd>SIP UKBA CR 40269</Cd></Prtry></BkTxCd><TxDtls><Refs><EndToEndId>NOREF</EndToEndId><TxId>180907181222190127</TxId></Refs><RltdPties><Dbtr><Nm>Daniel Anderson</Nm></Dbtr><DbtrAcct><Id><PrtryAcct><Id>77682201288068</Id></PrtryAcct></Id></DbtrAcct><Cdtr><Nm>Daniel Howe</Nm></Cdtr><CdtrAcct><Id><PrtryAcct><Id>23008200211562</Id></PrtryAcct></Id></CdtrAcct></RltdPties><RmtInf><Strd><AddtlRmtInf>NO REF</AddtlRmtInf></Strd><Strd><AddtlRmtInf>Daniel Anderson//</AddtlRmtInf></Strd></RmtInf><RltdDts><TxDtTm>2018-09-07T18:12:19</TxDtTm></RltdDts><AddtlTxInf>1809071812221901271020180907826776822</AddtlTxInf></TxDtls><AddtlNtryInf>COMPLETE//0000//003//CREDIT</AddtlNtryInf></Ntry><Ntry><Amt Ccy="GBP">9.89</Amt><CdtDbtInd>CRDT</CdtDbtInd><Sts>BOOK</Sts><BookgDt><Dt>2018-09-07</Dt></BookgDt><BkTxCd><Prtry><Cd>SIP UKBA CR 40269</Cd></Prtry></BkTxCd><TxDtls><Refs><EndToEndId>PPWD00000000ALM5AS</EndToEndId><TxId>PPWD00000000ALM5AS</TxId></Refs><RltdPties><Dbtr><Nm>PayPal</Nm><PstlAdr><AdrLine>2211 N 1st Street San Jose CA 95131</AdrLine><Ctry/></PstlAdr></Dbtr><DbtrAcct><Id><PrtryAcct><Id>23526278959595</Id></PrtryAcct></Id></DbtrAcct><Cdtr><Nm>adrian bennett</Nm><PstlAdr><AdrLine>70</AdrLine><Ctry/></PstlAdr></Cdtr><CdtrAcct><Id><PrtryAcct><Id>23008200377203</Id></PrtryAcct></Id></CdtrAcct><Prtry><Tp>PPWDL4NPJ2AKVRAQ3L</Tp><Pty/></Prtry></RltdPties><RmtInf><Strd><RfrdDocInf><RfrdDocTp><Prtry>002</Prtry></RfrdDocTp></RfrdDocInf><AddtlRmtInf>NO REF</AddtlRmtInf></Strd><Strd><AddtlRmtInf>PayPal//PPWDL4NPJ2AKVRAQ3L</AddtlRmtInf></Strd></RmtInf><RltdDts><TxDtTm>2018-09-07T18:12:26</TxDtTm></RltdDts><AddtlTxInf>PPWD00000000ALM5AS1020180907826235262</AddtlTxInf></TxDtls><AddtlNtryInf>COMPLETE//0000//003//CREDIT</AddtlNtryInf></Ntry><Ntry><Amt Ccy="GBP">20.00</Amt><CdtDbtInd>CRDT</CdtDbtInd><Sts>BOOK</Sts><BookgDt><Dt>2018-09-07</Dt></BookgDt><BkTxCd><Prtry><Cd>SIP UKBA CR 40269</Cd></Prtry></BkTxCd><TxDtls><Refs><EndToEndId>NOREF</EndToEndId><TxId>200000000385303771</TxId></Refs><RltdPties><Dbtr><Nm>S Odunewu</Nm></Dbtr><DbtrAcct><Id><PrtryAcct><Id>80469212744460</Id></PrtryAcct></Id></DbtrAcct><Cdtr><Nm>TONY OGUNLESI</Nm></Cdtr><CdtrAcct><Id><PrtryAcct><Id>23008200375181</Id></PrtryAcct></Id></CdtrAcct><Prtry><Tp>TRAVEL</Tp><Pty/></Prtry></RltdPties><RmtInf><Strd><AddtlRmtInf>NO REF</AddtlRmtInf></Strd><Strd><AddtlRmtInf>S Odunewu//TRAVEL</AddtlRmtInf></Strd></RmtInf><RltdDts><TxDtTm>2018-09-07T18:14:13</TxDtTm></RltdDts><AddtlTxInf>2000000003853037711020180907826804692</AddtlTxInf></TxDtls><AddtlNtryInf>COMPLETE//0000//003//CREDIT</AddtlNtryInf></Ntry><Ntry><Amt Ccy="GBP">9.00</Amt><CdtDbtInd>CRDT</CdtDbtInd><Sts>BOOK</Sts><BookgDt><Dt>2018-09-07</Dt></BookgDt><BkTxCd><Prtry><Cd>SIP UKBA CR 40269</Cd></Prtry></BkTxCd><TxDtls><Refs><EndToEndId>NOREF</EndToEndId><TxId>600000000386688557</TxId></Refs><RltdPties><Dbtr><Nm>G Cannon</Nm></Dbtr><DbtrAcct><Id><PrtryAcct><Id>11013512346368</Id></PrtryAcct></Id></DbtrAcct><Cdtr><Nm>GEOFFREY CANNON</Nm></Cdtr><CdtrAcct><Id><PrtryAcct><Id>23008200143228</Id></PrtryAcct></Id></CdtrAcct><Prtry><Tp>ARRO</Tp><Pty/></Prtry></RltdPties><RmtInf><Strd><AddtlRmtInf>NO REF</AddtlRmtInf></Strd><Strd><AddtlRmtInf>G Cannon//ARRO</AddtlRmtInf></Strd></RmtInf><RltdDts><TxDtTm>2018-09-07T18:18:56</TxDtTm></RltdDts><AddtlTxInf>6000000003866885571020180907826110135</AddtlTxInf></TxDtls><AddtlNtryInf>COMPLETE//0000//003//CREDIT</AddtlNtryInf></Ntry><Ntry><Amt Ccy="GBP">30.00</Amt><CdtDbtInd>CRDT</CdtDbtInd><Sts>BOOK</Sts><BookgDt><Dt>2018-09-07</Dt></BookgDt><BkTxCd><Prtry><Cd>SIP UKBA CR 40269</Cd></Prtry></BkTxCd><TxDtls><Refs><EndToEndId>NOREF</EndToEndId><TxId>FP18250O14378187</TxId></Refs><RltdPties><Dbtr><Nm>Wallwork Ashton</Nm></Dbtr><DbtrAcct><Id><PrtryAcct><Id>07043642356130</Id></PrtryAcct></Id></DbtrAcct><Cdtr><Nm>MR J D VAUGHAN</Nm></Cdtr><CdtrAcct><Id><PrtryAcct><Id>23008200413723</Id></PrtryAcct></Id></CdtrAcct><Prtry><Tp>6558930509</Tp><Pty/></Prtry></RltdPties><RmtInf><Strd><AddtlRmtInf>NO REF</AddtlRmtInf></Strd><Strd><AddtlRmtInf>Wallwork Ashton//6558930509</AddtlRmtInf></Strd></RmtInf><RltdDts><TxDtTm>2018-09-07T18:22:41</TxDtTm></RltdDts><AddtlTxInf>FP18250O14378187  1020180907826070436</AddtlTxInf></TxDtls><AddtlNtryInf>COMPLETE//0000//003//CREDIT</AddtlNtryInf></Ntry><Ntry><Amt Ccy="GBP">10.00</Amt><CdtDbtInd>CRDT</CdtDbtInd><Sts>BOOK</Sts><BookgDt><Dt>2018-09-07</Dt></BookgDt><BkTxCd><Prtry><Cd>SIP UKBA CR 40269</Cd></Prtry></BkTxCd><TxDtls><Refs><EndToEndId>NOREF</EndToEndId><TxId>200000000385306397</TxId></Refs><RltdPties><Dbtr><Nm>J Kennedy</Nm></Dbtr><DbtrAcct><Id><PrtryAcct><Id>30987556518968</Id></PrtryAcct></Id></DbtrAcct><Cdtr><Nm>PAISLEY WILKINS</Nm></Cdtr><CdtrAcct><Id><PrtryAcct><Id>23008200314532</Id></PrtryAcct></Id></CdtrAcct><Prtry><Tp>SISTER</Tp><Pty/></Prtry></RltdPties><RmtInf><Strd><AddtlRmtInf>NO REF</AddtlRmtInf></Strd><Strd><AddtlRmtInf>J Kennedy//SISTER</AddtlRmtInf></Strd></RmtInf><RltdDts><TxDtTm>2018-09-07T18:23:33</TxDtTm></RltdDts><AddtlTxInf>2000000003853063971020180907826309875</AddtlTxInf></TxDtls><AddtlNtryInf>COMPLETE//0000//003//CREDIT</AddtlNtryInf></Ntry></Ntfctn></BkToCstmrDbtCdtNtfctnV01></Document>