<?xml version="1.0" encoding="UTF-8"?><Document xmlns:xsi="http://www.w3.org/2001/XMLSchema-instance" xmlns="urn:iso:std:iso:20022:tech:xsd:camt.054.001.01"><BkToCstmrDbtCdtNtfctnV01><GrpHdr><MsgId>80309K//12687</MsgId><CreDtTm>2018-09-10T23:00:00</CreDtTm></GrpHdr><Ntfctn><Id>80309K//12687//1</Id><CreDtTm>2018-09-10T23:00:00</CreDtTm><Acct><Id><PrtryAcct><Id>20594233939774</Id></PrtryAcct></Id><Ccy>GBP</Ccy></Acct><TxsSummry><TtlNtries><NbOfNtries>5</NbOfNtries><Sum>73.01</Sum></TtlNtries><TtlCdtNtries><NbOfNtries>5</NbOfNtries><Sum>73.01</Sum></TtlCdtNtries><TtlDbtNtries><NbOfNtries>0</NbOfNtries><Sum>0.00</Sum></TtlDbtNtries></TxsSummry><Ntry><Amt Ccy="GBP">50.00</Amt><CdtDbtInd>CRDT</CdtDbtInd><Sts>BOOK</Sts><BookgDt><Dt>2018-09-11</Dt></BookgDt><BkTxCd><Prtry><Cd>SIP UKBA CR 40269</Cd></Prtry></BkTxCd><TxDtls><Refs><EndToEndId>00151793632BBFWYMK</EndToEndId><TxId>00151793632BBFWYMK</TxId></Refs><RltdPties><Dbtr><Nm>DEBORAH BAXTER</Nm></Dbtr><DbtrAcct><Id><PrtryAcct><Id>09012682219919</Id></PrtryAcct></Id></DbtrAcct><Cdtr><Nm>DEBORAH BAXTER</Nm></Cdtr><CdtrAcct><Id><PrtryAcct><Id>23008200197261</Id></PrtryAcct></Id></CdtrAcct><Prtry><Tp>holiday</Tp><Pty/></Prtry></RltdPties><RmtInf><Strd><AddtlRmtInf>NO REF</AddtlRmtInf></Strd><Strd><AddtlRmtInf>DEBORAH BAXTER//holiday</AddtlRmtInf></Strd></RmtInf><RltdDts><TxDtTm>2018-09-10T22:30:31</TxDtTm></RltdDts><AddtlTxInf>00151793632BBFWYMK1020180910826090126</AddtlTxInf></TxDtls><AddtlNtryInf>COMPLETE//0000//003//CREDIT</AddtlNtryInf></Ntry><Ntry><Amt Ccy="GBP">0.01</Amt><CdtDbtInd>CRDT</CdtDbtInd><Sts>BOOK</Sts><BookgDt><Dt>2018-09-11</Dt></BookgDt><BkTxCd><Prtry><Cd>SIP UKBA CR 40269</Cd></Prtry></BkTxCd><TxDtls><Refs><EndToEndId>PPRD00000000AMDB7Q</EndToEndId><TxId>PPRD00000000AMDB7Q</TxId></Refs><RltdPties><Dbtr><Nm>PAYPAL CODE 7838</Nm><PstlAdr><AdrLine>2211 N 1st Street San Jose CA 95131</AdrLine><Ctry/></PstlAdr></Dbtr><DbtrAcct><Id><PrtryAcct><Id>23526285010101</Id></PrtryAcct></Id></DbtrAcct><Cdtr><Nm>olufumilola abiola</Nm><PstlAdr><AdrLine>7 Westland road</AdrLine><Ctry/></PstlAdr></Cdtr><CdtrAcct><Id><PrtryAcct><Id>23008200395349</Id></PrtryAcct></Id></CdtrAcct><Prtry><Tp>PAYPAL CODE 7838</Tp><Pty/></Prtry></RltdPties><RmtInf><Strd><RfrdDocInf><RfrdDocTp><Prtry>002</Prtry></RfrdDocTp></RfrdDocInf><AddtlRmtInf>NO REF</AddtlRmtInf></Strd><Strd><AddtlRmtInf>PAYPAL CODE 7838//PAYPAL CODE 7838</AddtlRmtInf></Strd></RmtInf><RltdDts><TxDtTm>2018-09-10T22:31:09</TxDtTm></RltdDts><AddtlTxInf>PPRD00000000AMDB7Q1020180910826235262</AddtlTxInf></TxDtls><AddtlNtryInf>COMPLETE//0000//003//CREDIT</AddtlNtryInf></Ntry><Ntry><Amt Ccy="GBP">10.00</Amt><CdtDbtInd>CRDT</CdtDbtInd><Sts>BOOK</Sts><BookgDt><Dt>2018-09-11</Dt></BookgDt><BkTxCd><Prtry><Cd>SIP UKBA CR 40269</Cd></Prtry></BkTxCd><TxDtls><Refs><EndToEndId>00156284632BBDDKTC</EndToEndId><TxId>00156284632BBDDKTC</TxId></Refs><RltdPties><Dbtr><Nm>KERRYANNE MORGAN</Nm></Dbtr><DbtrAcct><Id><PrtryAcct><Id>09012801910811</Id></PrtryAcct></Id></DbtrAcct><Cdtr><Nm>SAVING</Nm></Cdtr><CdtrAcct><Id><PrtryAcct><Id>23008200321741</Id></PrtryAcct></Id></CdtrAcct><Prtry><Tp>kerry</Tp><Pty/></Prtry></RltdPties><RmtInf><Strd><AddtlRmtInf>NO REF</AddtlRmtInf></Strd><Strd><AddtlRmtInf>KERRYANNE MORGAN//kerry</AddtlRmtInf></Strd></RmtInf><RltdDts><TxDtTm>2018-09-10T22:35:25</TxDtTm></RltdDts><AddtlTxInf>00156284632BBDDKTC1020180910826090128</AddtlTxInf></TxDtls><AddtlNtryInf>COMPLETE//0000//003//CREDIT</AddtlNtryInf></Ntry><Ntry><Amt Ccy="GBP">3.00</Amt><CdtDbtInd>CRDT</CdtDbtInd><Sts>BOOK</Sts><BookgDt><Dt>2018-09-11</Dt></BookgDt><BkTxCd><Prtry><Cd>SIP UKBA CR 40269</Cd></Prtry></BkTxCd><TxDtls><Refs><EndToEndId>MRS ALIKHAN</EndToEndId><TxId>38224917722250000N</TxId><Prtry><Tp>STO REF</Tp><Ref>0000</Ref></Prtry></Refs><RltdPties><Dbtr><Nm>ALIKHAN EG</Nm></Dbtr><DbtrAcct><Id><PrtryAcct><Id>60026210061703</Id></PrtryAcct></Id></DbtrAcct><Cdtr><Nm>MRS A WHARTON</Nm></Cdtr><CdtrAcct><Id><PrtryAcct><Id>23008200365081</Id></PrtryAcct></Id></CdtrAcct><Prtry><Tp>MRS ALIKHAN</Tp><Pty/></Prtry></RltdPties><RmtInf><Strd><AddtlRmtInf>ALIKHAN EG        MRS ALIKHAN       VIA ONLINE - PYMT</AddtlRmtInf></Strd><Strd><AddtlRmtInf>ALIKHAN EG//MRS ALIKHAN</AddtlRmtInf></Strd></RmtInf><RltdDts><TxDtTm>2018-09-10T22:49:18</TxDtTm></RltdDts><AddtlTxInf>38224917722250000N1020180910826600262</AddtlTxInf></TxDtls><AddtlNtryInf>COMPLETE//0000//003//CREDIT</AddtlNtryInf></Ntry><Ntry><Amt Ccy="GBP">10.00</Amt><CdtDbtInd>CRDT</CdtDbtInd><Sts>BOOK</Sts><BookgDt><Dt>2018-09-11</Dt></BookgDt><BkTxCd><Prtry><Cd>SIP UKBA CR 40269</Cd></Prtry></BkTxCd><TxDtls><Refs><EndToEndId>NOREF</EndToEndId><TxId>RP4659984284303100</TxId></Refs><RltdPties><Dbtr><Nm>MONTVILA E</Nm></Dbtr><DbtrAcct><Id><PrtryAcct><Id>20502193876969</Id></PrtryAcct></Id></DbtrAcct><Cdtr><Nm>AHMED ELHAWRANI</Nm></Cdtr><CdtrAcct><Id><PrtryAcct><Id>23008200347146</Id></PrtryAcct></Id></CdtrAcct><Prtry><Tp>DEPO</Tp><Pty/></Prtry></RltdPties><RmtInf><Strd><AddtlRmtInf>NO REF</AddtlRmtInf></Strd><Strd><AddtlRmtInf>MONTVILA E//DEPO</AddtlRmtInf></Strd></RmtInf><RltdDts><TxDtTm>2018-09-10T22:57:54</TxDtTm></RltdDts><AddtlTxInf>RP46599842843031001020180910826200026</AddtlTxInf></TxDtls><AddtlNtryInf>COMPLETE//0000//003//CREDIT</AddtlNtryInf></Ntry></Ntfctn></BkToCstmrDbtCdtNtfctnV01></Document>