<?xml version="1.0" encoding="UTF-8"?><Document xmlns:xsi="http://www.w3.org/2001/XMLSchema-instance" xmlns="urn:iso:std:iso:20022:tech:xsd:camt.054.001.01"><BkToCstmrDbtCdtNtfctnV01><GrpHdr><MsgId>80309K//13150</MsgId><CreDtTm>2018-09-21T16:00:00</CreDtTm></GrpHdr><Ntfctn><Id>80309K//13150//1</Id><CreDtTm>2018-09-21T16:00:00</CreDtTm><Acct><Id><PrtryAcct><Id>20594233939774</Id></PrtryAcct></Id><Ccy>GBP</Ccy></Acct><TxsSummry><TtlNtries><NbOfNtries>7</NbOfNtries><Sum>3312.52</Sum></TtlNtries><TtlCdtNtries><NbOfNtries>7</NbOfNtries><Sum>3312.52</Sum></TtlCdtNtries><TtlDbtNtries><NbOfNtries>0</NbOfNtries><Sum>0.00</Sum></TtlDbtNtries></TxsSummry><Ntry><Amt Ccy="GBP">5.00</Amt><CdtDbtInd>CRDT</CdtDbtInd><Sts>BOOK</Sts><BookgDt><Dt>2018-09-21</Dt></BookgDt><BkTxCd><Prtry><Cd>FDP UKBA CR 40269</Cd></Prtry></BkTxCd><TxDtls><Refs><EndToEndId>NOREF</EndToEndId><TxId>030067823051129001</TxId><Prtry><Tp>STO REF</Tp><Ref>0000</Ref></Prtry></Refs><RltdPties><Dbtr><Nm>Adebisi E</Nm></Dbtr><DbtrAcct><Id><PrtryAcct><Id>40115650347485</Id></PrtryAcct></Id></DbtrAcct><Cdtr><Nm>E ABEBISI</Nm></Cdtr><CdtrAcct><Id><PrtryAcct><Id>23008200397183</Id></PrtryAcct></Id></CdtrAcct><Prtry><Tp>EMMANUEL</Tp><Pty/></Prtry></RltdPties><RmtInf><Strd><AddtlRmtInf>NO REF</AddtlRmtInf></Strd><Strd><AddtlRmtInf>Adebisi E//EMMANUEL</AddtlRmtInf></Strd></RmtInf><RltdDts><TxDtTm>2018-09-21T15:30:03</TxDtTm></RltdDts><AddtlTxInf>0300678230511290014020180921826401156</AddtlTxInf></TxDtls><AddtlNtryInf>COMPLETE//0000//002//CREDIT</AddtlNtryInf></Ntry><Ntry><Amt Ccy="GBP">35.00</Amt><CdtDbtInd>CRDT</CdtDbtInd><Sts>BOOK</Sts><BookgDt><Dt>2018-09-21</Dt></BookgDt><BkTxCd><Prtry><Cd>SIP UKBA CR 40269</Cd></Prtry></BkTxCd><TxDtls><Refs><EndToEndId>00151251632BBFXNQL</EndToEndId><TxId>00151251632BBFXNQL</TxId></Refs><RltdPties><Dbtr><Nm>ABDALLAH DIEDHIOU</Nm></Dbtr><DbtrAcct><Id><PrtryAcct><Id>09012913180649</Id></PrtryAcct></Id></DbtrAcct><Cdtr><Nm>MARTIN DEEN</Nm></Cdtr><CdtrAcct><Id><PrtryAcct><Id>23008200237869</Id></PrtryAcct></Id></CdtrAcct><Prtry><Tp>nartjn deen</Tp><Pty/></Prtry></RltdPties><RmtInf><Strd><AddtlRmtInf>NO REF</AddtlRmtInf></Strd><Strd><AddtlRmtInf>ABDALLAH DIEDHIOU//nartjn deen</AddtlRmtInf></Strd></RmtInf><RltdDts><TxDtTm>2018-09-21T15:34:53</TxDtTm></RltdDts><AddtlTxInf>00151251632BBFXNQL1020180921826090129</AddtlTxInf></TxDtls><AddtlNtryInf>COMPLETE//0000//002//CREDIT</AddtlNtryInf></Ntry><Ntry><Amt Ccy="GBP">0.01</Amt><CdtDbtInd>CRDT</CdtDbtInd><Sts>BOOK</Sts><BookgDt><Dt>2018-09-21</Dt></BookgDt><BkTxCd><Prtry><Cd>SIP UKBA CR 40269</Cd></Prtry></BkTxCd><TxDtls><Refs><EndToEndId>PPRD00000000AP3R08</EndToEndId><TxId>PPRD00000000AP3R08</TxId></Refs><RltdPties><Dbtr><Nm>PAYPAL CODE 3868</Nm><PstlAdr><AdrLine>2211 N 1st Street San Jose CA 95131</AdrLine><Ctry/></PstlAdr></Dbtr><DbtrAcct><Id><PrtryAcct><Id>23526285010101</Id></PrtryAcct></Id></DbtrAcct><Cdtr><Nm>Jamie Halliday</Nm><PstlAdr><AdrLine>88 Rylees Road</AdrLine><Ctry/></PstlAdr></Cdtr><CdtrAcct><Id><PrtryAcct><Id>23008200455848</Id></PrtryAcct></Id></CdtrAcct><Prtry><Tp>PAYPAL CODE 3868</Tp><Pty/></Prtry></RltdPties><RmtInf><Strd><RfrdDocInf><RfrdDocTp><Prtry>002</Prtry></RfrdDocTp></RfrdDocInf><AddtlRmtInf>NO REF</AddtlRmtInf></Strd><Strd><AddtlRmtInf>PAYPAL CODE 3868//PAYPAL CODE 3868</AddtlRmtInf></Strd></RmtInf><RltdDts><TxDtTm>2018-09-21T15:41:48</TxDtTm></RltdDts><AddtlTxInf>PPRD00000000AP3R081020180921826235262</AddtlTxInf></TxDtls><AddtlNtryInf>COMPLETE//0000//002//CREDIT</AddtlNtryInf></Ntry><Ntry><Amt Ccy="GBP">522.50</Amt><CdtDbtInd>CRDT</CdtDbtInd><Sts>BOOK</Sts><BookgDt><Dt>2018-09-21</Dt></BookgDt><BkTxCd><Prtry><Cd>SIP UKBA CR 40269</Cd></Prtry></BkTxCd><TxDtls><Refs><EndToEndId>NOREF</EndToEndId><TxId>RP4659985033613300</TxId></Refs><RltdPties><Dbtr><Nm>HAMILTON CROSS</Nm></Dbtr><DbtrAcct><Id><PrtryAcct><Id>20262073551709</Id></PrtryAcct></Id></DbtrAcct><Cdtr><Nm>ROLANDA HEALTHCARE</Nm></Cdtr><CdtrAcct><Id><PrtryAcct><Id>23008200222616</Id></PrtryAcct></Id></CdtrAcct><Prtry><Tp>17/09/2018</Tp><Pty/></Prtry></RltdPties><RmtInf><Strd><AddtlRmtInf>NO REF</AddtlRmtInf></Strd><Strd><AddtlRmtInf>HAMILTON CROSS//17/09/2018</AddtlRmtInf></Strd></RmtInf><RltdDts><TxDtTm>2018-09-21T15:48:10</TxDtTm></RltdDts><AddtlTxInf>RP46599850336133001020180921826200026</AddtlTxInf></TxDtls><AddtlNtryInf>COMPLETE//0000//002//CREDIT</AddtlNtryInf></Ntry><Ntry><Amt Ccy="GBP">250.00</Amt><CdtDbtInd>CRDT</CdtDbtInd><Sts>BOOK</Sts><BookgDt><Dt>2018-09-21</Dt></BookgDt><BkTxCd><Prtry><Cd>SIP UKBA CR 40269</Cd></Prtry></BkTxCd><TxDtls><Refs><EndToEndId>NOREF</EndToEndId><TxId>983938432551129001</TxId><Prtry><Tp>STO REF</Tp><Ref>0000</Ref></Prtry></Refs><RltdPties><Dbtr><Nm>RICHARDS H</Nm></Dbtr><DbtrAcct><Id><PrtryAcct><Id>40423441236466</Id></PrtryAcct></Id></DbtrAcct><Cdtr><Nm>HARRY WELSHMAN</Nm></Cdtr><CdtrAcct><Id><PrtryAcct><Id>23008200105564</Id></PrtryAcct></Id></CdtrAcct><Prtry><Tp>CP COURSE</Tp><Pty/></Prtry></RltdPties><RmtInf><Strd><AddtlRmtInf>NO REF</AddtlRmtInf></Strd><Strd><AddtlRmtInf>RICHARDS H//CP COURSE</AddtlRmtInf></Strd></RmtInf><RltdDts><TxDtTm>2018-09-21T15:52:35</TxDtTm></RltdDts><AddtlTxInf>9839384325511290011020180921826404234</AddtlTxInf></TxDtls><AddtlNtryInf>COMPLETE//0000//002//CREDIT</AddtlNtryInf></Ntry><Ntry><Amt Ccy="GBP">0.01</Amt><CdtDbtInd>CRDT</CdtDbtInd><Sts>BOOK</Sts><BookgDt><Dt>2018-09-21</Dt></BookgDt><BkTxCd><Prtry><Cd>SIP UKBA CR 40269</Cd></Prtry></BkTxCd><TxDtls><Refs><EndToEndId>PPRD00000000AP3V2U</EndToEndId><TxId>PPRD00000000AP3V2U</TxId></Refs><RltdPties><Dbtr><Nm>PAYPAL CODE 9228</Nm><PstlAdr><AdrLine>2211 N 1st Street San Jose CA 95131</AdrLine><Ctry/></PstlAdr></Dbtr><DbtrAcct><Id><PrtryAcct><Id>23526285010101</Id></PrtryAcct></Id></DbtrAcct><Cdtr><Nm>Valentin Mihai</Nm><PstlAdr><AdrLine>13 Alliance Close</AdrLine><Ctry/></PstlAdr></Cdtr><CdtrAcct><Id><PrtryAcct><Id>23008200452158</Id></PrtryAcct></Id></CdtrAcct><Prtry><Tp>PAYPAL CODE 9228</Tp><Pty/></Prtry></RltdPties><RmtInf><Strd><RfrdDocInf><RfrdDocTp><Prtry>002</Prtry></RfrdDocTp></RfrdDocInf><AddtlRmtInf>NO REF</AddtlRmtInf></Strd><Strd><AddtlRmtInf>PAYPAL CODE 9228//PAYPAL CODE 9228</AddtlRmtInf></Strd></RmtInf><RltdDts><TxDtTm>2018-09-21T15:53:37</TxDtTm></RltdDts><AddtlTxInf>PPRD00000000AP3V2U1020180921826235262</AddtlTxInf></TxDtls><AddtlNtryInf>COMPLETE//0000//002//CREDIT</AddtlNtryInf></Ntry><Ntry><Amt Ccy="GBP">2500.00</Amt><CdtDbtInd>CRDT</CdtDbtInd><Sts>BOOK</Sts><BookgDt><Dt>2018-09-21</Dt></BookgDt><BkTxCd><Prtry><Cd>SIP UKBA CR 40269</Cd></Prtry></BkTxCd><TxDtls><Refs><EndToEndId>00153425632BWDJLFQ</EndToEndId><TxId>00153425632BWDJLFQ</TxId></Refs><RltdPties><Dbtr><Nm>PETRU ADAM</Nm></Dbtr><DbtrAcct><Id><PrtryAcct><Id>09012923334838</Id></PrtryAcct></Id></DbtrAcct><Cdtr><Nm>ISG PLUMBING LTD</Nm></Cdtr><CdtrAcct><Id><PrtryAcct><Id>23008200035706</Id></PrtryAcct></Id></CdtrAcct><Prtry><Tp>Invoice payment</Tp><Pty/></Prtry></RltdPties><RmtInf><Strd><AddtlRmtInf>NO REF</AddtlRmtInf></Strd><Strd><AddtlRmtInf>PETRU ADAM//Invoice payment</AddtlRmtInf></Strd></RmtInf><RltdDts><TxDtTm>2018-09-21T15:59:20</TxDtTm></RltdDts><AddtlTxInf>00153425632BWDJLFQ1020180921826090129</AddtlTxInf></TxDtls><AddtlNtryInf>COMPLETE//0000//002//CREDIT</AddtlNtryInf></Ntry></Ntfctn></BkToCstmrDbtCdtNtfctnV01></Document>