<?xml version="1.0" encoding="UTF-8"?><Document xmlns:xsi="http://www.w3.org/2001/XMLSchema-instance" xmlns="urn:iso:std:iso:20022:tech:xsd:camt.054.001.01"><BkToCstmrDbtCdtNtfctnV01><GrpHdr><MsgId>80309K//12789</MsgId><CreDtTm>2018-09-13T09:30:00</CreDtTm></GrpHdr><Ntfctn><Id>80309K//12789//1</Id><CreDtTm>2018-09-13T09:30:00</CreDtTm><Acct><Id><PrtryAcct><Id>20594233939774</Id></PrtryAcct></Id><Ccy>GBP</Ccy></Acct><TxsSummry><TtlNtries><NbOfNtries>7</NbOfNtries><Sum>3280.62</Sum></TtlNtries><TtlCdtNtries><NbOfNtries>7</NbOfNtries><Sum>3280.62</Sum></TtlCdtNtries><TtlDbtNtries><NbOfNtries>0</NbOfNtries><Sum>0.00</Sum></TtlDbtNtries></TxsSummry><Ntry><Amt Ccy="GBP">10.00</Amt><CdtDbtInd>CRDT</CdtDbtInd><Sts>BOOK</Sts><BookgDt><Dt>2018-09-13</Dt></BookgDt><BkTxCd><Prtry><Cd>SIP UKBA CR 40269</Cd></Prtry></BkTxCd><TxDtls><Refs><EndToEndId>JON</EndToEndId><TxId>06090108910168000N</TxId><Prtry><Tp>STO REF</Tp><Ref>0000</Ref></Prtry></Refs><RltdPties><Dbtr><Nm>LITTLE TC</Nm></Dbtr><DbtrAcct><Id><PrtryAcct><Id>60233585456721</Id></PrtryAcct></Id></DbtrAcct><Cdtr><Nm>MISS PAISLEY WILKINS</Nm></Cdtr><CdtrAcct><Id><PrtryAcct><Id>23008200314532</Id></PrtryAcct></Id></CdtrAcct><Prtry><Tp>JON</Tp><Pty/></Prtry></RltdPties><RmtInf><Strd><AddtlRmtInf>LITTLE TC         JON               VIA MOBILE - LVP</AddtlRmtInf></Strd><Strd><AddtlRmtInf>LITTLE TC//JON</AddtlRmtInf></Strd></RmtInf><RltdDts><TxDtTm>2018-09-13T09:01:09</TxDtTm></RltdDts><AddtlTxInf>06090108910168000N1020180913826602335</AddtlTxInf></TxDtls><AddtlNtryInf>COMPLETE//0000//001//CREDIT</AddtlNtryInf></Ntry><Ntry><Amt Ccy="GBP">85.00</Amt><CdtDbtInd>CRDT</CdtDbtInd><Sts>BOOK</Sts><BookgDt><Dt>2018-09-13</Dt></BookgDt><BkTxCd><Prtry><Cd>SIP UKBA CR 40269</Cd></Prtry></BkTxCd><TxDtls><Refs><EndToEndId>NOREF</EndToEndId><TxId>RP4659984431891300</TxId></Refs><RltdPties><Dbtr><Nm>DAWICKA B</Nm></Dbtr><DbtrAcct><Id><PrtryAcct><Id>20090373320685</Id></PrtryAcct></Id></DbtrAcct><Cdtr><Nm>I DAWICKA</Nm></Cdtr><CdtrAcct><Id><PrtryAcct><Id>23008200299801</Id></PrtryAcct></Id></CdtrAcct><Prtry><Tp>B DAWICKA</Tp><Pty/></Prtry></RltdPties><RmtInf><Strd><AddtlRmtInf>NO REF</AddtlRmtInf></Strd><Strd><AddtlRmtInf>DAWICKA B//B DAWICKA</AddtlRmtInf></Strd></RmtInf><RltdDts><TxDtTm>2018-09-13T09:09:34</TxDtTm></RltdDts><AddtlTxInf>RP46599844318913001020180913826200026</AddtlTxInf></TxDtls><AddtlNtryInf>COMPLETE//0000//001//CREDIT</AddtlNtryInf></Ntry><Ntry><Amt Ccy="GBP">700.00</Amt><CdtDbtInd>CRDT</CdtDbtInd><Sts>BOOK</Sts><BookgDt><Dt>2018-09-13</Dt></BookgDt><BkTxCd><Prtry><Cd>SIP UKBA CR 40269</Cd></Prtry></BkTxCd><TxDtls><Refs><EndToEndId>NOREF</EndToEndId><TxId>537370744190319001</TxId><Prtry><Tp>STO REF</Tp><Ref>0000</Ref></Prtry></Refs><RltdPties><Dbtr><Nm>MIR H</Nm></Dbtr><DbtrAcct><Id><PrtryAcct><Id>40100051556991</Id></PrtryAcct></Id></DbtrAcct><Cdtr><Nm>T T Senenge</Nm></Cdtr><CdtrAcct><Id><PrtryAcct><Id>23008200297504</Id></PrtryAcct></Id></CdtrAcct><Prtry><Tp>expenses</Tp><Pty/></Prtry></RltdPties><RmtInf><Strd><AddtlRmtInf>NO REF</AddtlRmtInf></Strd><Strd><AddtlRmtInf>MIR H//expenses</AddtlRmtInf></Strd></RmtInf><RltdDts><TxDtTm>2018-09-13T09:14:47</TxDtTm></RltdDts><AddtlTxInf>5373707441903190011020180913826401000</AddtlTxInf></TxDtls><AddtlNtryInf>COMPLETE//0000//001//CREDIT</AddtlNtryInf></Ntry><Ntry><Amt Ccy="GBP">120.00</Amt><CdtDbtInd>CRDT</CdtDbtInd><Sts>BOOK</Sts><BookgDt><Dt>2018-09-13</Dt></BookgDt><BkTxCd><Prtry><Cd>DCA UKBA CR 40269</Cd></Prtry></BkTxCd><TxDtls><Refs><EndToEndId>NOREF</EndToEndId><TxId>000000013551927301</TxId><Prtry><Tp>STO REF</Tp><Ref>0000</Ref></Prtry></Refs><RltdPties><Dbtr><Nm>OSARO FADAKA T/A B</Nm></Dbtr><DbtrAcct><Id><PrtryAcct><Id>20000013559378</Id></PrtryAcct></Id></DbtrAcct><Cdtr><Nm>OSARO FADAKA</Nm></Cdtr><CdtrAcct><Id><PrtryAcct><Id>23008200094558</Id></PrtryAcct></Id></CdtrAcct><Prtry><Tp>BABS</Tp><Pty/></Prtry></RltdPties><RmtInf><Strd><AddtlRmtInf>NO REF</AddtlRmtInf></Strd><Strd><AddtlRmtInf>OSARO FADAKA T/A B//BABS</AddtlRmtInf></Strd></RmtInf><RltdDts><TxDtTm>2018-09-13T09:14:47</TxDtTm></RltdDts><AddtlTxInf>0000000135519273015020180913826200000</AddtlTxInf></TxDtls><AddtlNtryInf>COMPLETE//0000//001//CREDIT</AddtlNtryInf></Ntry><Ntry><Amt Ccy="GBP">679.62</Amt><CdtDbtInd>CRDT</CdtDbtInd><Sts>BOOK</Sts><BookgDt><Dt>2018-09-13</Dt></BookgDt><BkTxCd><Prtry><Cd>SIP UKBA CR 40269</Cd></Prtry></BkTxCd><TxDtls><Refs><EndToEndId>NOREF</EndToEndId><TxId>200000000386643545</TxId></Refs><RltdPties><Dbtr><Nm>R M H Building Ser</Nm></Dbtr><DbtrAcct><Id><PrtryAcct><Id>30902100394809</Id></PrtryAcct></Id></DbtrAcct><Cdtr><Nm>MATT LIDBETTER CON</Nm></Cdtr><CdtrAcct><Id><PrtryAcct><Id>23008200222957</Id></PrtryAcct></Id></CdtrAcct><Prtry><Tp>RICH03</Tp><Pty/></Prtry></RltdPties><RmtInf><Strd><AddtlRmtInf>NO REF</AddtlRmtInf></Strd><Strd><AddtlRmtInf>R M H Building Ser//RICH03</AddtlRmtInf></Strd></RmtInf><RltdDts><TxDtTm>2018-09-13T09:15:01</TxDtTm></RltdDts><AddtlTxInf>2000000003866435451020180913826309021</AddtlTxInf></TxDtls><AddtlNtryInf>COMPLETE//0000//001//CREDIT</AddtlNtryInf></Ntry><Ntry><Amt Ccy="GBP">186.00</Amt><CdtDbtInd>CRDT</CdtDbtInd><Sts>BOOK</Sts><BookgDt><Dt>2018-09-13</Dt></BookgDt><BkTxCd><Prtry><Cd>SIP UKBA CR 40269</Cd></Prtry></BkTxCd><TxDtls><Refs><EndToEndId>GRANDDAD</EndToEndId><TxId>23091601245372000N</TxId><Prtry><Tp>STO REF</Tp><Ref>0000</Ref></Prtry></Refs><RltdPties><Dbtr><Nm>RYDER DS</Nm></Dbtr><DbtrAcct><Id><PrtryAcct><Id>01056307296665</Id></PrtryAcct></Id></DbtrAcct><Cdtr><Nm>DENE STOREY</Nm></Cdtr><CdtrAcct><Id><PrtryAcct><Id>23008200189204</Id></PrtryAcct></Id></CdtrAcct><Prtry><Tp>GRANDDAD</Tp><Pty/></Prtry></RltdPties><RmtInf><Strd><AddtlRmtInf>RYDER DS          GRANDDAD          VIA ONLINE - PYMT</AddtlRmtInf></Strd><Strd><AddtlRmtInf>RYDER DS//GRANDDAD</AddtlRmtInf></Strd></RmtInf><RltdDts><TxDtTm>2018-09-13T09:16:01</TxDtTm></RltdDts><AddtlTxInf>23091601245372000N1020180913826010563</AddtlTxInf></TxDtls><AddtlNtryInf>COMPLETE//0000//001//CREDIT</AddtlNtryInf></Ntry><Ntry><Amt Ccy="GBP">1500.00</Amt><CdtDbtInd>CRDT</CdtDbtInd><Sts>BOOK</Sts><BookgDt><Dt>2018-09-13</Dt></BookgDt><BkTxCd><Prtry><Cd>SIP UKBA CR 40269</Cd></Prtry></BkTxCd><TxDtls><Refs><EndToEndId>NOREF</EndToEndId><TxId>FP18256O18224573</TxId></Refs><RltdPties><Dbtr><Nm>Bond Elisabeth</Nm></Dbtr><DbtrAcct><Id><PrtryAcct><Id>07011622144725</Id></PrtryAcct></Id></DbtrAcct><Cdtr><Nm>CHASE COURIERS</Nm></Cdtr><CdtrAcct><Id><PrtryAcct><Id>23008200415469</Id></PrtryAcct></Id></CdtrAcct><Prtry><Tp>ELISABETH BOND</Tp><Pty/></Prtry></RltdPties><RmtInf><Strd><AddtlRmtInf>NO REF</AddtlRmtInf></Strd><Strd><AddtlRmtInf>Bond Elisabeth//ELISABETH BOND</AddtlRmtInf></Strd></RmtInf><RltdDts><TxDtTm>2018-09-13T09:20:30</TxDtTm></RltdDts><AddtlTxInf>FP18256O18224573  1020180913826070116</AddtlTxInf></TxDtls><AddtlNtryInf>COMPLETE//0000//001//CREDIT</AddtlNtryInf></Ntry></Ntfctn></BkToCstmrDbtCdtNtfctnV01></Document>