<?xml version="1.0" encoding="UTF-8"?><Document xmlns:xsi="http://www.w3.org/2001/XMLSchema-instance" xmlns="urn:iso:std:iso:20022:tech:xsd:camt.054.001.01"><BkToCstmrDbtCdtNtfctnV01><GrpHdr><MsgId>80309K//12981</MsgId><CreDtTm>2018-09-17T20:00:00</CreDtTm></GrpHdr><Ntfctn><Id>80309K//12981//1</Id><CreDtTm>2018-09-17T20:00:00</CreDtTm><Acct><Id><PrtryAcct><Id>20594233939774</Id></PrtryAcct></Id><Ccy>GBP</Ccy></Acct><TxsSummry><TtlNtries><NbOfNtries>6</NbOfNtries><Sum>222.01</Sum></TtlNtries><TtlCdtNtries><NbOfNtries>6</NbOfNtries><Sum>222.01</Sum></TtlCdtNtries><TtlDbtNtries><NbOfNtries>0</NbOfNtries><Sum>0.00</Sum></TtlDbtNtries></TxsSummry><Ntry><Amt Ccy="GBP">40.00</Amt><CdtDbtInd>CRDT</CdtDbtInd><Sts>BOOK</Sts><BookgDt><Dt>2018-09-18</Dt></BookgDt><BkTxCd><Prtry><Cd>SIP UKBA CR 40269</Cd></Prtry></BkTxCd><TxDtls><Refs><EndToEndId>NOREF</EndToEndId><TxId>180917194051425620</TxId></Refs><RltdPties><Dbtr><Nm>Orette Weller</Nm></Dbtr><DbtrAcct><Id><PrtryAcct><Id>77850953293860</Id></PrtryAcct></Id></DbtrAcct><Cdtr><Nm>problem</Nm></Cdtr><CdtrAcct><Id><PrtryAcct><Id>23008200355687</Id></PrtryAcct></Id></CdtrAcct></RltdPties><RmtInf><Strd><AddtlRmtInf>NO REF</AddtlRmtInf></Strd><Strd><AddtlRmtInf>Orette Weller//</AddtlRmtInf></Strd></RmtInf><RltdDts><TxDtTm>2018-09-17T19:40:48</TxDtTm></RltdDts><AddtlTxInf>1809171940514256201020180917826778509</AddtlTxInf></TxDtls><AddtlNtryInf>COMPLETE//0000//003//CREDIT</AddtlNtryInf></Ntry><Ntry><Amt Ccy="GBP">11.00</Amt><CdtDbtInd>CRDT</CdtDbtInd><Sts>BOOK</Sts><BookgDt><Dt>2018-09-18</Dt></BookgDt><BkTxCd><Prtry><Cd>SIP UKBA CR 40269</Cd></Prtry></BkTxCd><TxDtls><Refs><EndToEndId>HELP</EndToEndId><TxId>17194732029434000N</TxId><Prtry><Tp>STO REF</Tp><Ref>0000</Ref></Prtry></Refs><RltdPties><Dbtr><Nm>MUHAMMAD RF</Nm></Dbtr><DbtrAcct><Id><PrtryAcct><Id>60500642222605</Id></PrtryAcct></Id></DbtrAcct><Cdtr><Nm>RASHIDAH MUHAMMAD</Nm></Cdtr><CdtrAcct><Id><PrtryAcct><Id>23008200315642</Id></PrtryAcct></Id></CdtrAcct><Prtry><Tp>HELP</Tp><Pty/></Prtry></RltdPties><RmtInf><Strd><AddtlRmtInf>MUHAMMAD RF       HELP              VIA MOBILE - LVP</AddtlRmtInf></Strd><Strd><AddtlRmtInf>MUHAMMAD RF//HELP</AddtlRmtInf></Strd></RmtInf><RltdDts><TxDtTm>2018-09-17T19:47:32</TxDtTm></RltdDts><AddtlTxInf>17194732029434000N1020180917826605006</AddtlTxInf></TxDtls><AddtlNtryInf>COMPLETE//0000//003//CREDIT</AddtlNtryInf></Ntry><Ntry><Amt Ccy="GBP">50.00</Amt><CdtDbtInd>CRDT</CdtDbtInd><Sts>BOOK</Sts><BookgDt><Dt>2018-09-18</Dt></BookgDt><BkTxCd><Prtry><Cd>SIP UKBA CR 40269</Cd></Prtry></BkTxCd><TxDtls><Refs><EndToEndId>PPWD00000000AO2UWA</EndToEndId><TxId>PPWD00000000AO2UWA</TxId></Refs><RltdPties><Dbtr><Nm>PayPal</Nm><PstlAdr><AdrLine>2211 N 1st Street San Jose CA 95131</AdrLine><Ctry/></PstlAdr></Dbtr><DbtrAcct><Id><PrtryAcct><Id>23526278959595</Id></PrtryAcct></Id></DbtrAcct><Cdtr><Nm>John Andrew Robins-Walker</Nm><PstlAdr><AdrLine>64 Theynes Croft</AdrLine><Ctry/></PstlAdr></Cdtr><CdtrAcct><Id><PrtryAcct><Id>23008200427602</Id></PrtryAcct></Id></CdtrAcct><Prtry><Tp>PPWDL44H22AL63X5H8</Tp><Pty/></Prtry></RltdPties><RmtInf><Strd><RfrdDocInf><RfrdDocTp><Prtry>002</Prtry></RfrdDocTp></RfrdDocInf><AddtlRmtInf>NO REF</AddtlRmtInf></Strd><Strd><AddtlRmtInf>PayPal//PPWDL44H22AL63X5H8</AddtlRmtInf></Strd></RmtInf><RltdDts><TxDtTm>2018-09-17T19:48:29</TxDtTm></RltdDts><AddtlTxInf>PPWD00000000AO2UWA1020180917826235262</AddtlTxInf></TxDtls><AddtlNtryInf>COMPLETE//0000//003//CREDIT</AddtlNtryInf></Ntry><Ntry><Amt Ccy="GBP">21.00</Amt><CdtDbtInd>CRDT</CdtDbtInd><Sts>BOOK</Sts><BookgDt><Dt>2018-09-18</Dt></BookgDt><BkTxCd><Prtry><Cd>DCA UKBA CR 40269</Cd></Prtry></BkTxCd><TxDtls><Refs><EndToEndId>NOREF</EndToEndId><TxId>000000013589952401</TxId><Prtry><Tp>STO REF</Tp><Ref>8207</Ref></Prtry></Refs><RltdPties><Dbtr><Nm>EVA AMBER DONKER</Nm></Dbtr><DbtrAcct><Id><PrtryAcct><Id>20035373152596</Id></PrtryAcct></Id></DbtrAcct><Cdtr><Nm>JANE ALABI</Nm></Cdtr><CdtrAcct><Id><PrtryAcct><Id>23008200450398</Id></PrtryAcct></Id></CdtrAcct><Prtry><Tp>JANE ALABI</Tp><Pty/></Prtry></RltdPties><RmtInf><Strd><AddtlRmtInf>NO REF</AddtlRmtInf></Strd><Strd><AddtlRmtInf>EVA AMBER DONKER//JANE ALABI</AddtlRmtInf></Strd></RmtInf><RltdDts><TxDtTm>2018-09-17T19:52:40</TxDtTm></RltdDts><AddtlTxInf>0000000135899524015020180917826200353</AddtlTxInf></TxDtls><AddtlNtryInf>COMPLETE//0000//003//CREDIT</AddtlNtryInf></Ntry><Ntry><Amt Ccy="GBP">0.01</Amt><CdtDbtInd>CRDT</CdtDbtInd><Sts>BOOK</Sts><BookgDt><Dt>2018-09-18</Dt></BookgDt><BkTxCd><Prtry><Cd>SIP UKBA CR 40269</Cd></Prtry></BkTxCd><TxDtls><Refs><EndToEndId>PPRD00000000AO2YQ6</EndToEndId><TxId>PPRD00000000AO2YQ6</TxId></Refs><RltdPties><Dbtr><Nm>PAYPAL CODE 8771</Nm><PstlAdr><AdrLine>2211 N 1st Street San Jose CA 95131</AdrLine><Ctry/></PstlAdr></Dbtr><DbtrAcct><Id><PrtryAcct><Id>23526285010101</Id></PrtryAcct></Id></DbtrAcct><Cdtr><Nm>steve torney</Nm><PstlAdr><AdrLine>33 McGregor Avenue</AdrLine><Ctry/></PstlAdr></Cdtr><CdtrAcct><Id><PrtryAcct><Id>23008200451162</Id></PrtryAcct></Id></CdtrAcct><Prtry><Tp>PAYPAL CODE 8771</Tp><Pty/></Prtry></RltdPties><RmtInf><Strd><RfrdDocInf><RfrdDocTp><Prtry>002</Prtry></RfrdDocTp></RfrdDocInf><AddtlRmtInf>NO REF</AddtlRmtInf></Strd><Strd><AddtlRmtInf>PAYPAL CODE 8771//PAYPAL CODE 8771</AddtlRmtInf></Strd></RmtInf><RltdDts><TxDtTm>2018-09-17T19:59:31</TxDtTm></RltdDts><AddtlTxInf>PPRD00000000AO2YQ61020180917826235262</AddtlTxInf></TxDtls><AddtlNtryInf>COMPLETE//0000//003//CREDIT</AddtlNtryInf></Ntry><Ntry><Amt Ccy="GBP">100.00</Amt><CdtDbtInd>CRDT</CdtDbtInd><Sts>BOOK</Sts><BookgDt><Dt>2018-09-18</Dt></BookgDt><BkTxCd><Prtry><Cd>SIP UKBA CR 40269</Cd></Prtry></BkTxCd><TxDtls><Refs><EndToEndId>NOREF</EndToEndId><TxId>RP4679961614890300</TxId></Refs><RltdPties><Dbtr><Nm>ARCHIBONG S</Nm></Dbtr><DbtrAcct><Id><PrtryAcct><Id>20274890570176</Id></PrtryAcct></Id></DbtrAcct><Cdtr><Nm>MR O OLOWOOKERE</Nm></Cdtr><CdtrAcct><Id><PrtryAcct><Id>23008200442296</Id></PrtryAcct></Id></CdtrAcct><Prtry><Tp>SHARON</Tp><Pty/></Prtry></RltdPties><RmtInf><Strd><AddtlRmtInf>NO REF</AddtlRmtInf></Strd><Strd><AddtlRmtInf>ARCHIBONG S//SHARON</AddtlRmtInf></Strd></RmtInf><RltdDts><TxDtTm>2018-09-17T19:59:57</TxDtTm></RltdDts><AddtlTxInf>RP46799616148903001020180917826200026</AddtlTxInf></TxDtls><AddtlNtryInf>COMPLETE//0000//003//CREDIT</AddtlNtryInf></Ntry></Ntfctn></BkToCstmrDbtCdtNtfctnV01></Document>