<?xml version="1.0" encoding="UTF-8"?><Document xmlns:xsi="http://www.w3.org/2001/XMLSchema-instance" xmlns="urn:iso:std:iso:20022:tech:xsd:camt.054.001.01"><BkToCstmrDbtCdtNtfctnV01><GrpHdr><MsgId>80309K//12636</MsgId><CreDtTm>2018-09-09T18:30:00</CreDtTm></GrpHdr><Ntfctn><Id>80309K//12636//1</Id><CreDtTm>2018-09-09T18:30:00</CreDtTm><Acct><Id><PrtryAcct><Id>20594233939774</Id></PrtryAcct></Id><Ccy>GBP</Ccy></Acct><TxsSummry><TtlNtries><NbOfNtries>2</NbOfNtries><Sum>370.00</Sum></TtlNtries><TtlCdtNtries><NbOfNtries>2</NbOfNtries><Sum>370.00</Sum></TtlCdtNtries><TtlDbtNtries><NbOfNtries>0</NbOfNtries><Sum>0.00</Sum></TtlDbtNtries></TxsSummry><Ntry><Amt Ccy="GBP">10.00</Amt><CdtDbtInd>CRDT</CdtDbtInd><Sts>BOOK</Sts><BookgDt><Dt>2018-09-10</Dt></BookgDt><BkTxCd><Prtry><Cd>SIP UKBA CR 40269</Cd></Prtry></BkTxCd><TxDtls><Refs><EndToEndId>NOREF</EndToEndId><TxId>600000000387021234</TxId></Refs><RltdPties><Dbtr><Nm>R Greenhouse</Nm></Dbtr><DbtrAcct><Id><PrtryAcct><Id>77330813767360</Id></PrtryAcct></Id></DbtrAcct><Cdtr><Nm>S HARLEY</Nm></Cdtr><CdtrAcct><Id><PrtryAcct><Id>23008200398153</Id></PrtryAcct></Id></CdtrAcct></RltdPties><RmtInf><Strd><AddtlRmtInf>NO REF</AddtlRmtInf></Strd><Strd><AddtlRmtInf>R Greenhouse//</AddtlRmtInf></Strd></RmtInf><RltdDts><TxDtTm>2018-09-09T18:00:12</TxDtTm></RltdDts><AddtlTxInf>6000000003870212341020180909826773308</AddtlTxInf></TxDtls><AddtlNtryInf>COMPLETE//0000//003//CREDIT</AddtlNtryInf></Ntry><Ntry><Amt Ccy="GBP">360.00</Amt><CdtDbtInd>CRDT</CdtDbtInd><Sts>BOOK</Sts><BookgDt><Dt>2018-09-10</Dt></BookgDt><BkTxCd><Prtry><Cd>SIP UKBA CR 40269</Cd></Prtry></BkTxCd><TxDtls><Refs><EndToEndId>NOREF</EndToEndId><TxId>RP4679961000396300</TxId></Refs><RltdPties><Dbtr><Nm>BAGWELL GC+NF</Nm></Dbtr><DbtrAcct><Id><PrtryAcct><Id>20304790103586</Id></PrtryAcct></Id></DbtrAcct><Cdtr><Nm>J BELL</Nm></Cdtr><CdtrAcct><Id><PrtryAcct><Id>23008200205169</Id></PrtryAcct></Id></CdtrAcct><Prtry><Tp>N BAGWELL</Tp><Pty/></Prtry></RltdPties><RmtInf><Strd><AddtlRmtInf>NO REF</AddtlRmtInf></Strd><Strd><AddtlRmtInf>BAGWELL GC+NF//N BAGWELL</AddtlRmtInf></Strd></RmtInf><RltdDts><TxDtTm>2018-09-09T18:13:53</TxDtTm></RltdDts><AddtlTxInf>RP46799610003963001020180909826200026</AddtlTxInf></TxDtls><AddtlNtryInf>COMPLETE//0000//003//CREDIT</AddtlNtryInf></Ntry></Ntfctn></BkToCstmrDbtCdtNtfctnV01></Document>