<?xml version="1.0" encoding="UTF-8"?><Document xmlns:xsi="http://www.w3.org/2001/XMLSchema-instance" xmlns="urn:iso:std:iso:20022:tech:xsd:camt.054.001.01"><BkToCstmrDbtCdtNtfctnV01><GrpHdr><MsgId>80309K//12453</MsgId><CreDtTm>2018-09-05T14:00:00</CreDtTm></GrpHdr><Ntfctn><Id>80309K//12453//1</Id><CreDtTm>2018-09-05T14:00:00</CreDtTm><Acct><Id><PrtryAcct><Id>20594233939774</Id></PrtryAcct></Id><Ccy>GBP</Ccy></Acct><TxsSummry><TtlNtries><NbOfNtries>6</NbOfNtries><Sum>1650.57</Sum></TtlNtries><TtlCdtNtries><NbOfNtries>6</NbOfNtries><Sum>1650.57</Sum></TtlCdtNtries><TtlDbtNtries><NbOfNtries>0</NbOfNtries><Sum>0.00</Sum></TtlDbtNtries></TxsSummry><Ntry><Amt Ccy="GBP">290.00</Amt><CdtDbtInd>CRDT</CdtDbtInd><Sts>BOOK</Sts><BookgDt><Dt>2018-09-05</Dt></BookgDt><BkTxCd><Prtry><Cd>SIP UKBA CR 40269</Cd></Prtry></BkTxCd><TxDtls><Refs><EndToEndId>Rathoretechltd</EndToEndId><TxId>TW0000000039307976</TxId></Refs><RltdPties><Dbtr><Nm>Asadullah Rathore TW</Nm></Dbtr><DbtrAcct><Id><PrtryAcct><Id>23147090180957</Id></PrtryAcct></Id></DbtrAcct><Cdtr><Nm>Rathore Tech Ltd</Nm></Cdtr><CdtrAcct><Id><PrtryAcct><Id>23008200222719</Id></PrtryAcct></Id></CdtrAcct><Prtry><Tp>Rathoretechltd</Tp><Pty/></Prtry></RltdPties><RmtInf><Strd><AddtlRmtInf>NO REF</AddtlRmtInf></Strd><Strd><AddtlRmtInf>Asadullah Rathore //Rathoretechltd</AddtlRmtInf></Strd></RmtInf><RltdDts><TxDtTm>2018-09-05T13:31:06</TxDtTm></RltdDts><AddtlTxInf>TW00000000393079761020180905826231470</AddtlTxInf></TxDtls><AddtlNtryInf>COMPLETE//0000//002//CREDIT</AddtlNtryInf></Ntry><Ntry><Amt Ccy="GBP">161.50</Amt><CdtDbtInd>CRDT</CdtDbtInd><Sts>BOOK</Sts><BookgDt><Dt>2018-09-05</Dt></BookgDt><BkTxCd><Prtry><Cd>SIP UKBA CR 40269</Cd></Prtry></BkTxCd><TxDtls><Refs><EndToEndId>000000FT18248N2BSJ</EndToEndId><TxId>000000FT18248N2BSJ</TxId></Refs><RltdPties><Dbtr><Nm>MELVILLE CARS LIMITED</Nm><PstlAdr><AdrLine>1C THROWLEY WAY;SUTTON</AdrLine><Ctry/></PstlAdr></Dbtr><DbtrAcct><Id><PrtryAcct><Id>23058019805743</Id></PrtryAcct></Id></DbtrAcct><Cdtr><Nm>m kahn 072</Nm><PstlAdr><AdrLine>WIRECARD;WIRECARD CARD SOLUTIONS</AdrLine><Ctry/></PstlAdr></Cdtr><CdtrAcct><Id><PrtryAcct><Id>23008200402571</Id></PrtryAcct></Id></CdtrAcct><Prtry><Tp>ret deposit</Tp><Pty/></Prtry></RltdPties><RmtInf><Strd><AddtlRmtInf>NO REF</AddtlRmtInf></Strd><Strd><AddtlRmtInf>MELVILLE CARS LIMI//ret deposit</AddtlRmtInf></Strd></RmtInf><RltdDts><TxDtTm>2018-09-05T13:38:14</TxDtTm></RltdDts><AddtlTxInf>000000FT18248N2BSJ1020180905826230580</AddtlTxInf></TxDtls><AddtlNtryInf>COMPLETE//0000//002//CREDIT</AddtlNtryInf></Ntry><Ntry><Amt Ccy="GBP">1099.07</Amt><CdtDbtInd>CRDT</CdtDbtInd><Sts>BOOK</Sts><BookgDt><Dt>2018-09-05</Dt></BookgDt><BkTxCd><Prtry><Cd>SIP UKBA CR 40269</Cd></Prtry></BkTxCd><TxDtls><Refs><EndToEndId>000000FT182483WHXH</EndToEndId><TxId>000000FT182483WHXH</TxId></Refs><RltdPties><Dbtr><Nm>TWELVE 3S LIMITED</Nm><PstlAdr><AdrLine>76 ALIE STREET;LONDON</AdrLine><Ctry/></PstlAdr></Dbtr><DbtrAcct><Id><PrtryAcct><Id>23058019381005</Id></PrtryAcct></Id></DbtrAcct><Cdtr><Nm>Jason Matthews</Nm><PstlAdr><AdrLine>NA</AdrLine><Ctry/></PstlAdr></Cdtr><CdtrAcct><Id><PrtryAcct><Id>23008200285541</Id></PrtryAcct></Id></CdtrAcct><Prtry><Tp>12x3</Tp><Pty/></Prtry></RltdPties><RmtInf><Strd><AddtlRmtInf>NO REF</AddtlRmtInf></Strd><Strd><AddtlRmtInf>TWELVE 3S LIMITED//12x3</AddtlRmtInf></Strd></RmtInf><RltdDts><TxDtTm>2018-09-05T13:42:16</TxDtTm></RltdDts><AddtlTxInf>000000FT182483WHXH1020180905826230580</AddtlTxInf></TxDtls><AddtlNtryInf>COMPLETE//0000//002//CREDIT</AddtlNtryInf></Ntry><Ntry><Amt Ccy="GBP">15.00</Amt><CdtDbtInd>CRDT</CdtDbtInd><Sts>BOOK</Sts><BookgDt><Dt>2018-09-05</Dt></BookgDt><BkTxCd><Prtry><Cd>SIP UKBA CR 40269</Cd></Prtry></BkTxCd><TxDtls><Refs><EndToEndId>NOREF</EndToEndId><TxId>129437703431509001</TxId><Prtry><Tp>STO REF</Tp><Ref>0000</Ref></Prtry></Refs><RltdPties><Dbtr><Nm>ASIM  H</Nm></Dbtr><DbtrAcct><Id><PrtryAcct><Id>40090074839781</Id></PrtryAcct></Id></DbtrAcct><Cdtr><Nm>Ha garments</Nm></Cdtr><CdtrAcct><Id><PrtryAcct><Id>23008200223747</Id></PrtryAcct></Id></CdtrAcct><Prtry><Tp>Arro</Tp><Pty/></Prtry></RltdPties><RmtInf><Strd><AddtlRmtInf>NO REF</AddtlRmtInf></Strd><Strd><AddtlRmtInf>ASIM  H//Arro</AddtlRmtInf></Strd></RmtInf><RltdDts><TxDtTm>2018-09-05T13:43:08</TxDtTm></RltdDts><AddtlTxInf>1294377034315090011020180905826400900</AddtlTxInf></TxDtls><AddtlNtryInf>COMPLETE//0000//002//CREDIT</AddtlNtryInf></Ntry><Ntry><Amt Ccy="GBP">80.00</Amt><CdtDbtInd>CRDT</CdtDbtInd><Sts>BOOK</Sts><BookgDt><Dt>2018-09-05</Dt></BookgDt><BkTxCd><Prtry><Cd>SIP UKBA CR 40269</Cd></Prtry></BkTxCd><TxDtls><Refs><EndToEndId>NOREF</EndToEndId><TxId>500000000386208405</TxId></Refs><RltdPties><Dbtr><Nm>Petrovic N Mr</Nm></Dbtr><DbtrAcct><Id><PrtryAcct><Id>30844619093368</Id></PrtryAcct></Id></DbtrAcct><Cdtr><Nm>BAEMMS LTD</Nm></Cdtr><CdtrAcct><Id><PrtryAcct><Id>23008200223303</Id></PrtryAcct></Id></CdtrAcct><Prtry><Tp>NENAD PETROVIC</Tp><Pty/></Prtry></RltdPties><RmtInf><Strd><AddtlRmtInf>NO REF</AddtlRmtInf></Strd><Strd><AddtlRmtInf>Petrovic N Mr//NENAD PETROVIC</AddtlRmtInf></Strd></RmtInf><RltdDts><TxDtTm>2018-09-05T13:50:01</TxDtTm></RltdDts><AddtlTxInf>5000000003862084051020180905826308446</AddtlTxInf></TxDtls><AddtlNtryInf>COMPLETE//0000//002//CREDIT</AddtlNtryInf></Ntry><Ntry><Amt Ccy="GBP">5.00</Amt><CdtDbtInd>CRDT</CdtDbtInd><Sts>BOOK</Sts><BookgDt><Dt>2018-09-05</Dt></BookgDt><BkTxCd><Prtry><Cd>SIP UKBA CR 40269</Cd></Prtry></BkTxCd><TxDtls><Refs><EndToEndId>FRIEND</EndToEndId><TxId>60135005128497000N</TxId><Prtry><Tp>STO REF</Tp><Ref>0000</Ref></Prtry></Refs><RltdPties><Dbtr><Nm>ADAMS MS</Nm></Dbtr><DbtrAcct><Id><PrtryAcct><Id>52303145641633</Id></PrtryAcct></Id></DbtrAcct><Cdtr><Nm>TEQHON LIMITED</Nm></Cdtr><CdtrAcct><Id><PrtryAcct><Id>23008200031784</Id></PrtryAcct></Id></CdtrAcct><Prtry><Tp>FRIEND</Tp><Pty/></Prtry></RltdPties><RmtInf><Strd><AddtlRmtInf>ADAMS MS          FRIEND            VIA MOBILE - LVP</AddtlRmtInf></Strd><Strd><AddtlRmtInf>ADAMS MS//FRIEND</AddtlRmtInf></Strd></RmtInf><RltdDts><TxDtTm>2018-09-05T13:50:05</TxDtTm></RltdDts><AddtlTxInf>60135005128497000N1020180905826523031</AddtlTxInf></TxDtls><AddtlNtryInf>COMPLETE//0000//002//CREDIT</AddtlNtryInf></Ntry></Ntfctn></BkToCstmrDbtCdtNtfctnV01></Document>