<?xml version="1.0" encoding="UTF-8"?><Document xmlns:xsi="http://www.w3.org/2001/XMLSchema-instance" xmlns="urn:iso:std:iso:20022:tech:xsd:camt.054.001.01"><BkToCstmrDbtCdtNtfctnV01><GrpHdr><MsgId>80309K//12303</MsgId><CreDtTm>2018-09-02T03:00:00</CreDtTm></GrpHdr><Ntfctn><Id>80309K//12303//1</Id><CreDtTm>2018-09-02T03:00:00</CreDtTm><Acct><Id><PrtryAcct><Id>20594233939774</Id></PrtryAcct></Id><Ccy>GBP</Ccy></Acct><TxsSummry><TtlNtries><NbOfNtries>2</NbOfNtries><Sum>50.12</Sum></TtlNtries><TtlCdtNtries><NbOfNtries>2</NbOfNtries><Sum>50.12</Sum></TtlCdtNtries><TtlDbtNtries><NbOfNtries>0</NbOfNtries><Sum>0.00</Sum></TtlDbtNtries></TxsSummry><Ntry><Amt Ccy="GBP">50.00</Amt><CdtDbtInd>CRDT</CdtDbtInd><Sts>BOOK</Sts><BookgDt><Dt>2018-09-03</Dt></BookgDt><BkTxCd><Prtry><Cd>SIP UKBA CR 40269</Cd></Prtry></BkTxCd><TxDtls><Refs><EndToEndId>PPWD00000000AK3KOU</EndToEndId><TxId>PPWD00000000AK3KOU</TxId></Refs><RltdPties><Dbtr><Nm>PayPal</Nm><PstlAdr><AdrLine>2211 N 1st Street San Jose CA 95131</AdrLine><Ctry/></PstlAdr></Dbtr><DbtrAcct><Id><PrtryAcct><Id>23526278959595</Id></PrtryAcct></Id></DbtrAcct><Cdtr><Nm>Poorandai Phillips</Nm><PstlAdr><AdrLine>44 Whytecliffe Road South</AdrLine><Ctry/></PstlAdr></Cdtr><CdtrAcct><Id><PrtryAcct><Id>23008200419500</Id></PrtryAcct></Id></CdtrAcct><Prtry><Tp>PPWDL5PEJ2AKQQ2KGW</Tp><Pty/></Prtry></RltdPties><RmtInf><Strd><RfrdDocInf><RfrdDocTp><Prtry>002</Prtry></RfrdDocTp></RfrdDocInf><AddtlRmtInf>NO REF</AddtlRmtInf></Strd><Strd><AddtlRmtInf>PayPal//PPWDL5PEJ2AKQQ2KGW</AddtlRmtInf></Strd></RmtInf><RltdDts><TxDtTm>2018-09-02T02:35:16</TxDtTm></RltdDts><AddtlTxInf>PPWD00000000AK3KOU1020180902826235262</AddtlTxInf></TxDtls><AddtlNtryInf>COMPLETE//0000//003//CREDIT</AddtlNtryInf></Ntry><Ntry><Amt Ccy="GBP">0.12</Amt><CdtDbtInd>CRDT</CdtDbtInd><Sts>BOOK</Sts><BookgDt><Dt>2018-09-03</Dt></BookgDt><BkTxCd><Prtry><Cd>SIP UKBA CR 40269</Cd></Prtry></BkTxCd><TxDtls><Refs><EndToEndId>NOREF</EndToEndId><TxId>300000000388436820</TxId></Refs><RltdPties><Dbtr><Nm>J Quick</Nm></Dbtr><DbtrAcct><Id><PrtryAcct><Id>11060212085861</Id></PrtryAcct></Id></DbtrAcct><Cdtr><Nm>JAMIE ARRO</Nm></Cdtr><CdtrAcct><Id><PrtryAcct><Id>23008200165900</Id></PrtryAcct></Id></CdtrAcct><Prtry><Tp>MONEY</Tp><Pty/></Prtry></RltdPties><RmtInf><Strd><AddtlRmtInf>NO REF</AddtlRmtInf></Strd><Strd><AddtlRmtInf>J Quick//MONEY</AddtlRmtInf></Strd></RmtInf><RltdDts><TxDtTm>2018-09-02T02:39:24</TxDtTm></RltdDts><AddtlTxInf>3000000003884368201020180902826110602</AddtlTxInf></TxDtls><AddtlNtryInf>COMPLETE//0000//003//CREDIT</AddtlNtryInf></Ntry></Ntfctn></BkToCstmrDbtCdtNtfctnV01></Document>