<?xml version="1.0" encoding="UTF-8"?><Document xmlns:xsi="http://www.w3.org/2001/XMLSchema-instance" xmlns="urn:iso:std:iso:20022:tech:xsd:camt.054.001.01"><BkToCstmrDbtCdtNtfctnV01><GrpHdr><MsgId>80309K//13350</MsgId><CreDtTm>2018-09-26T10:30:00</CreDtTm></GrpHdr><Ntfctn><Id>80309K//13350//1</Id><CreDtTm>2018-09-26T10:30:00</CreDtTm><Acct><Id><PrtryAcct><Id>20594233939774</Id></PrtryAcct></Id><Ccy>GBP</Ccy></Acct><TxsSummry><TtlNtries><NbOfNtries>12</NbOfNtries><Sum>5669.60</Sum></TtlNtries><TtlCdtNtries><NbOfNtries>12</NbOfNtries><Sum>5669.60</Sum></TtlCdtNtries><TtlDbtNtries><NbOfNtries>0</NbOfNtries><Sum>0.00</Sum></TtlDbtNtries></TxsSummry><Ntry><Amt Ccy="GBP">430.33</Amt><CdtDbtInd>CRDT</CdtDbtInd><Sts>BOOK</Sts><BookgDt><Dt>2018-09-26</Dt></BookgDt><BkTxCd><Prtry><Cd>SIP UKBA CR 40269</Cd></Prtry></BkTxCd><TxDtls><Refs><EndToEndId>PPWD00000000AQ8ZGS</EndToEndId><TxId>PPWD00000000AQ8ZGS</TxId></Refs><RltdPties><Dbtr><Nm>PayPal</Nm><PstlAdr><AdrLine>2211 N 1st Street San Jose CA 95131</AdrLine><Ctry/></PstlAdr></Dbtr><DbtrAcct><Id><PrtryAcct><Id>23526278959595</Id></PrtryAcct></Id></DbtrAcct><Cdtr><Nm>Mohamed Yusuf</Nm><PstlAdr><AdrLine>419 Whaley old road</AdrLine><Ctry/></PstlAdr></Cdtr><CdtrAcct><Id><PrtryAcct><Id>23008200059486</Id></PrtryAcct></Id></CdtrAcct><Prtry><Tp>PPWDL57P22ALDB9AJY</Tp><Pty/></Prtry></RltdPties><RmtInf><Strd><RfrdDocInf><RfrdDocTp><Prtry>002</Prtry></RfrdDocTp></RfrdDocInf><AddtlRmtInf>NO REF</AddtlRmtInf></Strd><Strd><AddtlRmtInf>PayPal//PPWDL57P22ALDB9AJY</AddtlRmtInf></Strd></RmtInf><RltdDts><TxDtTm>2018-09-26T10:04:26</TxDtTm></RltdDts><AddtlTxInf>PPWD00000000AQ8ZGS1020180926826235262</AddtlTxInf></TxDtls><AddtlNtryInf>COMPLETE//0000//001//CREDIT</AddtlNtryInf></Ntry><Ntry><Amt Ccy="GBP">3620.00</Amt><CdtDbtInd>CRDT</CdtDbtInd><Sts>BOOK</Sts><BookgDt><Dt>2018-09-26</Dt></BookgDt><BkTxCd><Prtry><Cd>SIP UKBA CR 40269</Cd></Prtry></BkTxCd><TxDtls><Refs><EndToEndId>NOREF</EndToEndId><TxId>ZQFP82680000SR2A</TxId></Refs><RltdPties><Dbtr><Nm>ANDREW ELLIS BLDRS</Nm></Dbtr><DbtrAcct><Id><PrtryAcct><Id>16332710094384</Id></PrtryAcct></Id></DbtrAcct><Cdtr><Nm>ELLANOR WINDOWS</Nm></Cdtr><CdtrAcct><Id><PrtryAcct><Id>23008200152792</Id></PrtryAcct></Id></CdtrAcct><Prtry><Tp>ELL101</Tp><Pty/></Prtry></RltdPties><RmtInf><Strd><AddtlRmtInf>ANDREW ELLIS BLDRSELL101</AddtlRmtInf></Strd><Strd><AddtlRmtInf>ANDREW ELLIS BLDRS//ELL101</AddtlRmtInf></Strd></RmtInf><RltdDts><TxDtTm>2018-09-26T10:05:35</TxDtTm></RltdDts><AddtlTxInf>ZQFP82680000SR2A  1020180926826163327</AddtlTxInf></TxDtls><AddtlNtryInf>COMPLETE//0000//001//CREDIT</AddtlNtryInf></Ntry><Ntry><Amt Ccy="GBP">20.00</Amt><CdtDbtInd>CRDT</CdtDbtInd><Sts>BOOK</Sts><BookgDt><Dt>2018-09-26</Dt></BookgDt><BkTxCd><Prtry><Cd>SIP UKBA CR 40269</Cd></Prtry></BkTxCd><TxDtls><Refs><EndToEndId>NOREF</EndToEndId><TxId>RP4679962269570200</TxId></Refs><RltdPties><Dbtr><Nm>HEADLEY N P</Nm></Dbtr><DbtrAcct><Id><PrtryAcct><Id>20891583302474</Id></PrtryAcct></Id></DbtrAcct><Cdtr><Nm>D MACKLIN</Nm></Cdtr><CdtrAcct><Id><PrtryAcct><Id>23008200413408</Id></PrtryAcct></Id></CdtrAcct><Prtry><Tp>HAY</Tp><Pty/></Prtry></RltdPties><RmtInf><Strd><AddtlRmtInf>NO REF</AddtlRmtInf></Strd><Strd><AddtlRmtInf>HEADLEY N P//HAY</AddtlRmtInf></Strd></RmtInf><RltdDts><TxDtTm>2018-09-26T10:09:19</TxDtTm></RltdDts><AddtlTxInf>RP46799622695702001020180926826200026</AddtlTxInf></TxDtls><AddtlNtryInf>COMPLETE//0000//001//CREDIT</AddtlNtryInf></Ntry><Ntry><Amt Ccy="GBP">75.84</Amt><CdtDbtInd>CRDT</CdtDbtInd><Sts>BOOK</Sts><BookgDt><Dt>2018-09-26</Dt></BookgDt><BkTxCd><Prtry><Cd>SIP UKBA CR 40269</Cd></Prtry></BkTxCd><TxDtls><Refs><EndToEndId>PPWD00000000AQ93CU</EndToEndId><TxId>PPWD00000000AQ93CU</TxId></Refs><RltdPties><Dbtr><Nm>PayPal</Nm><PstlAdr><AdrLine>2211 N 1st Street San Jose CA 95131</AdrLine><Ctry/></PstlAdr></Dbtr><DbtrAcct><Id><PrtryAcct><Id>23526278959595</Id></PrtryAcct></Id></DbtrAcct><Cdtr><Nm>Thomas Burns</Nm><PstlAdr><AdrLine>2 Jubilee Crescent</AdrLine><Ctry/></PstlAdr></Cdtr><CdtrAcct><Id><PrtryAcct><Id>23008200454492</Id></PrtryAcct></Id></CdtrAcct><Prtry><Tp>PPWDL4VH22ALDBFGBW</Tp><Pty/></Prtry></RltdPties><RmtInf><Strd><RfrdDocInf><RfrdDocTp><Prtry>002</Prtry></RfrdDocTp></RfrdDocInf><AddtlRmtInf>NO REF</AddtlRmtInf></Strd><Strd><AddtlRmtInf>PayPal//PPWDL4VH22ALDBFGBW</AddtlRmtInf></Strd></RmtInf><RltdDts><TxDtTm>2018-09-26T10:14:54</TxDtTm></RltdDts><AddtlTxInf>PPWD00000000AQ93CU1020180926826235262</AddtlTxInf></TxDtls><AddtlNtryInf>COMPLETE//0000//001//CREDIT</AddtlNtryInf></Ntry><Ntry><Amt Ccy="GBP">52.00</Amt><CdtDbtInd>CRDT</CdtDbtInd><Sts>BOOK</Sts><BookgDt><Dt>2018-09-26</Dt></BookgDt><BkTxCd><Prtry><Cd>DCA UKBA CR 40269</Cd></Prtry></BkTxCd><TxDtls><Refs><EndToEndId>NOREF</EndToEndId><TxId>000000013670187901</TxId><Prtry><Tp>STO REF</Tp><Ref>0000</Ref></Prtry></Refs><RltdPties><Dbtr><Nm>23327202364516</Nm></Dbtr><DbtrAcct><Id><PrtryAcct><Id>20594263428524</Id></PrtryAcct></Id></DbtrAcct><Cdtr><Nm>SWANY MAXIMIN</Nm></Cdtr><CdtrAcct><Id><PrtryAcct><Id>23008200344554</Id></PrtryAcct></Id></CdtrAcct><Prtry><Tp>ME</Tp><Pty/></Prtry></RltdPties><RmtInf><Strd><AddtlRmtInf>NO REF</AddtlRmtInf></Strd><Strd><AddtlRmtInf>23327202364516//ME</AddtlRmtInf></Strd></RmtInf><RltdDts><TxDtTm>2018-09-26T10:16:35</TxDtTm></RltdDts><AddtlTxInf>0000000136701879015020180926826205942</AddtlTxInf></TxDtls><AddtlNtryInf>COMPLETE//0000//001//CREDIT</AddtlNtryInf></Ntry><Ntry><Amt Ccy="GBP">890.34</Amt><CdtDbtInd>CRDT</CdtDbtInd><Sts>BOOK</Sts><BookgDt><Dt>2018-09-26</Dt></BookgDt><BkTxCd><Prtry><Cd>SIP UKBA CR 40269</Cd></Prtry></BkTxCd><TxDtls><Refs><EndToEndId>NOREF</EndToEndId><TxId>RP4679962270507900</TxId></Refs><RltdPties><Dbtr><Nm>BOULANGER CM</Nm></Dbtr><DbtrAcct><Id><PrtryAcct><Id>20010900916722</Id></PrtryAcct></Id></DbtrAcct><Cdtr><Nm>M BROOME</Nm></Cdtr><CdtrAcct><Id><PrtryAcct><Id>23008200467708</Id></PrtryAcct></Id></CdtrAcct><Prtry><Tp>SERVICES</Tp><Pty/></Prtry></RltdPties><RmtInf><Strd><AddtlRmtInf>NO REF</AddtlRmtInf></Strd><Strd><AddtlRmtInf>BOULANGER CM//SERVICES</AddtlRmtInf></Strd></RmtInf><RltdDts><TxDtTm>2018-09-26T10:18:49</TxDtTm></RltdDts><AddtlTxInf>RP46799622705079001020180926826200026</AddtlTxInf></TxDtls><AddtlNtryInf>COMPLETE//0000//001//CREDIT</AddtlNtryInf></Ntry><Ntry><Amt Ccy="GBP">30.00</Amt><CdtDbtInd>CRDT</CdtDbtInd><Sts>BOOK</Sts><BookgDt><Dt>2018-09-26</Dt></BookgDt><BkTxCd><Prtry><Cd>SIP UKBA CR 40269</Cd></Prtry></BkTxCd><TxDtls><Refs><EndToEndId>NOREF</EndToEndId><TxId>000000000128527893</TxId></Refs><RltdPties><Dbtr><Nm>MR Y CETINKAYA</Nm></Dbtr><DbtrAcct><Id><PrtryAcct><Id>08924916154966</Id></PrtryAcct></Id></DbtrAcct><Cdtr><Nm>C BAYLEY</Nm></Cdtr><CdtrAcct><Id><PrtryAcct><Id>23008200043906</Id></PrtryAcct></Id></CdtrAcct><Prtry><Tp>YILMAZ CETINKAYA</Tp><Pty/></Prtry></RltdPties><RmtInf><Strd><AddtlRmtInf>NO REF</AddtlRmtInf></Strd><Strd><AddtlRmtInf>MR Y CETINKAYA//YILMAZ CETINKAYA</AddtlRmtInf></Strd></RmtInf><RltdDts><TxDtTm>2018-09-26T10:20:56</TxDtTm></RltdDts><AddtlTxInf>0000000001285278931020180926826089249</AddtlTxInf></TxDtls><AddtlNtryInf>COMPLETE//0000//001//CREDIT</AddtlNtryInf></Ntry><Ntry><Amt Ccy="GBP">5.00</Amt><CdtDbtInd>CRDT</CdtDbtInd><Sts>BOOK</Sts><BookgDt><Dt>2018-09-26</Dt></BookgDt><BkTxCd><Prtry><Cd>SIP UKBA CR 40269</Cd></Prtry></BkTxCd><TxDtls><Refs><EndToEndId>NOREF</EndToEndId><TxId>PDSH62478B2H66T3PY</TxId></Refs><RltdPties><Dbtr><Nm>Andrew Boyle</Nm><PstlAdr><AdrLine>Flat 2, BT34 3BG</AdrLine><Ctry/></PstlAdr></Dbtr><DbtrAcct><Id><PrtryAcct><Id>04000499604867</Id></PrtryAcct></Id></DbtrAcct><Cdtr><Nm>Andy Shan Ramburn</Nm></Cdtr><CdtrAcct><Id><PrtryAcct><Id>23008200319400</Id></PrtryAcct></Id></CdtrAcct><Prtry><Tp>29057069</Tp><Pty/></Prtry></RltdPties><RmtInf><Strd><AddtlRmtInf>NO REF</AddtlRmtInf></Strd><Strd><AddtlRmtInf>Andrew Boyle//29057069</AddtlRmtInf></Strd></RmtInf><RltdDts><TxDtTm>2018-09-26T10:21:43</TxDtTm></RltdDts><AddtlTxInf>PDSH62478B2H66T3PY1020180926826040004</AddtlTxInf></TxDtls><AddtlNtryInf>COMPLETE//0000//001//CREDIT</AddtlNtryInf></Ntry><Ntry><Amt Ccy="GBP">50.00</Amt><CdtDbtInd>CRDT</CdtDbtInd><Sts>BOOK</Sts><BookgDt><Dt>2018-09-26</Dt></BookgDt><BkTxCd><Prtry><Cd>DCA UKBA CR 40269</Cd></Prtry></BkTxCd><TxDtls><Refs><EndToEndId>NOREF</EndToEndId><TxId>000000013670266301</TxId><Prtry><Tp>STO REF</Tp><Ref>9506</Ref></Prtry></Refs><RltdPties><Dbtr><Nm>DAVID AVERY-HAGGAN</Nm></Dbtr><DbtrAcct><Id><PrtryAcct><Id>20035373152596</Id></PrtryAcct></Id></DbtrAcct><Cdtr><Nm>LIZ ANDERSON</Nm></Cdtr><CdtrAcct><Id><PrtryAcct><Id>23008200305981</Id></PrtryAcct></Id></CdtrAcct><Prtry><Tp>LIZ ANDERSON</Tp><Pty/></Prtry></RltdPties><RmtInf><Strd><AddtlRmtInf>NO REF</AddtlRmtInf></Strd><Strd><AddtlRmtInf>DAVID AVERY-HAGGAN//LIZ ANDERSON</AddtlRmtInf></Strd></RmtInf><RltdDts><TxDtTm>2018-09-26T10:22:09</TxDtTm></RltdDts><AddtlTxInf>0000000136702663015020180926826200353</AddtlTxInf></TxDtls><AddtlNtryInf>COMPLETE//0000//001//CREDIT</AddtlNtryInf></Ntry><Ntry><Amt Ccy="GBP">195.09</Amt><CdtDbtInd>CRDT</CdtDbtInd><Sts>BOOK</Sts><BookgDt><Dt>2018-09-26</Dt></BookgDt><BkTxCd><Prtry><Cd>SIP UKBA CR 40269</Cd></Prtry></BkTxCd><TxDtls><Refs><EndToEndId>NOREF</EndToEndId><TxId>FP18269O08766603</TxId></Refs><RltdPties><Dbtr><Nm>Cramp Joseph</Nm></Dbtr><DbtrAcct><Id><PrtryAcct><Id>07043609515894</Id></PrtryAcct></Id></DbtrAcct><Cdtr><Nm>DIGITAL MONSTER LT</Nm></Cdtr><CdtrAcct><Id><PrtryAcct><Id>23008200041167</Id></PrtryAcct></Id></CdtrAcct><Prtry><Tp>CRAM2</Tp><Pty/></Prtry></RltdPties><RmtInf><Strd><AddtlRmtInf>NO REF</AddtlRmtInf></Strd><Strd><AddtlRmtInf>Cramp Joseph//CRAM2</AddtlRmtInf></Strd></RmtInf><RltdDts><TxDtTm>2018-09-26T10:24:24</TxDtTm></RltdDts><AddtlTxInf>FP18269O08766603  1020180926826070436</AddtlTxInf></TxDtls><AddtlNtryInf>COMPLETE//0000//001//CREDIT</AddtlNtryInf></Ntry><Ntry><Amt Ccy="GBP">300.00</Amt><CdtDbtInd>CRDT</CdtDbtInd><Sts>BOOK</Sts><BookgDt><Dt>2018-09-26</Dt></BookgDt><BkTxCd><Prtry><Cd>SIP UKBA CR 40269</Cd></Prtry></BkTxCd><TxDtls><Refs><EndToEndId>NOREF</EndToEndId><TxId>800407946201629001</TxId><Prtry><Tp>STO REF</Tp><Ref>0000</Ref></Prtry></Refs><RltdPties><Dbtr><Nm>NGANGUMON</Nm></Dbtr><DbtrAcct><Id><PrtryAcct><Id>40224791606476</Id></PrtryAcct></Id></DbtrAcct><Cdtr><Nm>M Dunni</Nm></Cdtr><CdtrAcct><Id><PrtryAcct><Id>23008200464838</Id></PrtryAcct></Id></CdtrAcct><Prtry><Tp>LGTV</Tp><Pty/></Prtry></RltdPties><RmtInf><Strd><AddtlRmtInf>NO REF</AddtlRmtInf></Strd><Strd><AddtlRmtInf>NGANGUMON//LGTV</AddtlRmtInf></Strd></RmtInf><RltdDts><TxDtTm>2018-09-26T10:26:50</TxDtTm></RltdDts><AddtlTxInf>8004079462016290011020180926826402247</AddtlTxInf></TxDtls><AddtlNtryInf>COMPLETE//0000//001//CREDIT</AddtlNtryInf></Ntry><Ntry><Amt Ccy="GBP">1.00</Amt><CdtDbtInd>CRDT</CdtDbtInd><Sts>BOOK</Sts><BookgDt><Dt>2018-09-26</Dt></BookgDt><BkTxCd><Prtry><Cd>SIP UKBA CR 40269</Cd></Prtry></BkTxCd><TxDtls><Refs><EndToEndId>NOREF</EndToEndId><TxId>FP18269O08771364</TxId></Refs><RltdPties><Dbtr><Nm>Das Shathi</Nm></Dbtr><DbtrAcct><Id><PrtryAcct><Id>07043641814291</Id></PrtryAcct></Id></DbtrAcct><Cdtr><Nm>GSM GLOBAL TECH</Nm></Cdtr><CdtrAcct><Id><PrtryAcct><Id>23008200037328</Id></PrtryAcct></Id></CdtrAcct><Prtry><Tp>ARRO MONEY</Tp><Pty/></Prtry></RltdPties><RmtInf><Strd><AddtlRmtInf>NO REF</AddtlRmtInf></Strd><Strd><AddtlRmtInf>Das Shathi//ARRO MONEY</AddtlRmtInf></Strd></RmtInf><RltdDts><TxDtTm>2018-09-26T10:29:43</TxDtTm></RltdDts><AddtlTxInf>FP18269O08771364  1020180926826070436</AddtlTxInf></TxDtls><AddtlNtryInf>COMPLETE//0000//001//CREDIT</AddtlNtryInf></Ntry></Ntfctn></BkToCstmrDbtCdtNtfctnV01></Document>