<?xml version="1.0" encoding="UTF-8"?><Document xmlns:xsi="http://www.w3.org/2001/XMLSchema-instance" xmlns="urn:iso:std:iso:20022:tech:xsd:camt.054.001.01"><BkToCstmrDbtCdtNtfctnV01><GrpHdr><MsgId>80309K//13329</MsgId><CreDtTm>2018-09-25T21:00:00</CreDtTm></GrpHdr><Ntfctn><Id>80309K//13329//1</Id><CreDtTm>2018-09-25T21:00:00</CreDtTm><Acct><Id><PrtryAcct><Id>20594233939774</Id></PrtryAcct></Id><Ccy>GBP</Ccy></Acct><TxsSummry><TtlNtries><NbOfNtries>8</NbOfNtries><Sum>475.01</Sum></TtlNtries><TtlCdtNtries><NbOfNtries>8</NbOfNtries><Sum>475.01</Sum></TtlCdtNtries><TtlDbtNtries><NbOfNtries>0</NbOfNtries><Sum>0.00</Sum></TtlDbtNtries></TxsSummry><Ntry><Amt Ccy="GBP">20.00</Amt><CdtDbtInd>CRDT</CdtDbtInd><Sts>BOOK</Sts><BookgDt><Dt>2018-09-26</Dt></BookgDt><BkTxCd><Prtry><Cd>SIP UKBA CR 40269</Cd></Prtry></BkTxCd><TxDtls><Refs><EndToEndId>NOREF</EndToEndId><TxId>180925203302446876</TxId></Refs><RltdPties><Dbtr><Nm>Kenneth Burton</Nm></Dbtr><DbtrAcct><Id><PrtryAcct><Id>77686300539968</Id></PrtryAcct></Id></DbtrAcct><Cdtr><Nm>m burton</Nm></Cdtr><CdtrAcct><Id><PrtryAcct><Id>23008200320610</Id></PrtryAcct></Id></CdtrAcct></RltdPties><RmtInf><Strd><AddtlRmtInf>NO REF</AddtlRmtInf></Strd><Strd><AddtlRmtInf>Kenneth Burton//</AddtlRmtInf></Strd></RmtInf><RltdDts><TxDtTm>2018-09-25T20:32:59</TxDtTm></RltdDts><AddtlTxInf>1809252033024468761020180925826776863</AddtlTxInf></TxDtls><AddtlNtryInf>COMPLETE//0000//003//CREDIT</AddtlNtryInf></Ntry><Ntry><Amt Ccy="GBP">40.00</Amt><CdtDbtInd>CRDT</CdtDbtInd><Sts>BOOK</Sts><BookgDt><Dt>2018-09-26</Dt></BookgDt><BkTxCd><Prtry><Cd>SIP UKBA CR 40269</Cd></Prtry></BkTxCd><TxDtls><Refs><EndToEndId>NOREF</EndToEndId><TxId>RP4679962238648400</TxId></Refs><RltdPties><Dbtr><Nm>MR L BAPTISTA</Nm></Dbtr><DbtrAcct><Id><PrtryAcct><Id>20315270246646</Id></PrtryAcct></Id></DbtrAcct><Cdtr><Nm>MARIANA PEREZ</Nm></Cdtr><CdtrAcct><Id><PrtryAcct><Id>23008200357989</Id></PrtryAcct></Id></CdtrAcct><Prtry><Tp>ALLOWANCE</Tp><Pty/></Prtry></RltdPties><RmtInf><Strd><AddtlRmtInf>NO REF</AddtlRmtInf></Strd><Strd><AddtlRmtInf>MR L BAPTISTA//ALLOWANCE</AddtlRmtInf></Strd></RmtInf><RltdDts><TxDtTm>2018-09-25T20:37:55</TxDtTm></RltdDts><AddtlTxInf>RP46799622386484001020180925826200026</AddtlTxInf></TxDtls><AddtlNtryInf>COMPLETE//0000//003//CREDIT</AddtlNtryInf></Ntry><Ntry><Amt Ccy="GBP">0.01</Amt><CdtDbtInd>CRDT</CdtDbtInd><Sts>BOOK</Sts><BookgDt><Dt>2018-09-26</Dt></BookgDt><BkTxCd><Prtry><Cd>SIP UKBA CR 40269</Cd></Prtry></BkTxCd><TxDtls><Refs><EndToEndId>PPRD00000000AQ5C2U</EndToEndId><TxId>PPRD00000000AQ5C2U</TxId></Refs><RltdPties><Dbtr><Nm>PAYPAL CODE 8631</Nm><PstlAdr><AdrLine>2211 N 1st Street San Jose CA 95131</AdrLine><Ctry/></PstlAdr></Dbtr><DbtrAcct><Id><PrtryAcct><Id>23526285010101</Id></PrtryAcct></Id></DbtrAcct><Cdtr><Nm>Jamie Russell</Nm><PstlAdr><AdrLine>7 Tantallon Drive</AdrLine><Ctry/></PstlAdr></Cdtr><CdtrAcct><Id><PrtryAcct><Id>23008200455941</Id></PrtryAcct></Id></CdtrAcct><Prtry><Tp>PAYPAL CODE 8631</Tp><Pty/></Prtry></RltdPties><RmtInf><Strd><RfrdDocInf><RfrdDocTp><Prtry>002</Prtry></RfrdDocTp></RfrdDocInf><AddtlRmtInf>NO REF</AddtlRmtInf></Strd><Strd><AddtlRmtInf>PAYPAL CODE 8631//PAYPAL CODE 8631</AddtlRmtInf></Strd></RmtInf><RltdDts><TxDtTm>2018-09-25T20:38:31</TxDtTm></RltdDts><AddtlTxInf>PPRD00000000AQ5C2U1020180925826235262</AddtlTxInf></TxDtls><AddtlNtryInf>COMPLETE//0000//003//CREDIT</AddtlNtryInf></Ntry><Ntry><Amt Ccy="GBP">45.00</Amt><CdtDbtInd>CRDT</CdtDbtInd><Sts>BOOK</Sts><BookgDt><Dt>2018-09-26</Dt></BookgDt><BkTxCd><Prtry><Cd>SIP UKBA CR 40269</Cd></Prtry></BkTxCd><TxDtls><Refs><EndToEndId>NOREF</EndToEndId><TxId>FP18268O08354614</TxId></Refs><RltdPties><Dbtr><Nm>Morley Connor</Nm></Dbtr><DbtrAcct><Id><PrtryAcct><Id>07024616906479</Id></PrtryAcct></Id></DbtrAcct><Cdtr><Nm>MARTIN</Nm></Cdtr><CdtrAcct><Id><PrtryAcct><Id>23008200135967</Id></PrtryAcct></Id></CdtrAcct><Prtry><Tp>FOOD</Tp><Pty/></Prtry></RltdPties><RmtInf><Strd><AddtlRmtInf>NO REF</AddtlRmtInf></Strd><Strd><AddtlRmtInf>Morley Connor//FOOD</AddtlRmtInf></Strd></RmtInf><RltdDts><TxDtTm>2018-09-25T20:42:37</TxDtTm></RltdDts><AddtlTxInf>FP18268O08354614  1020180925826070246</AddtlTxInf></TxDtls><AddtlNtryInf>COMPLETE//0000//003//CREDIT</AddtlNtryInf></Ntry><Ntry><Amt Ccy="GBP">140.00</Amt><CdtDbtInd>CRDT</CdtDbtInd><Sts>BOOK</Sts><BookgDt><Dt>2018-09-26</Dt></BookgDt><BkTxCd><Prtry><Cd>SIP UKBA CR 40269</Cd></Prtry></BkTxCd><TxDtls><Refs><EndToEndId>BTS TICKETS</EndToEndId><TxId>36204306199455000N</TxId><Prtry><Tp>STO REF</Tp><Ref>0000</Ref></Prtry></Refs><RltdPties><Dbtr><Nm>SCOTT R</Nm></Dbtr><DbtrAcct><Id><PrtryAcct><Id>55814291149770</Id></PrtryAcct></Id></DbtrAcct><Cdtr><Nm>SOPH</Nm></Cdtr><CdtrAcct><Id><PrtryAcct><Id>23008200317645</Id></PrtryAcct></Id></CdtrAcct><Prtry><Tp>BTS TICKETS</Tp><Pty/></Prtry></RltdPties><RmtInf><Strd><AddtlRmtInf>SCOTT R           BTS TICKETS       VIA MOBILE - LVP</AddtlRmtInf></Strd><Strd><AddtlRmtInf>SCOTT R//BTS TICKETS</AddtlRmtInf></Strd></RmtInf><RltdDts><TxDtTm>2018-09-25T20:43:06</TxDtTm></RltdDts><AddtlTxInf>36204306199455000N1020180925826558142</AddtlTxInf></TxDtls><AddtlNtryInf>COMPLETE//0000//003//CREDIT</AddtlNtryInf></Ntry><Ntry><Amt Ccy="GBP">10.00</Amt><CdtDbtInd>CRDT</CdtDbtInd><Sts>BOOK</Sts><BookgDt><Dt>2018-09-26</Dt></BookgDt><BkTxCd><Prtry><Cd>SIP UKBA CR 40269</Cd></Prtry></BkTxCd><TxDtls><Refs><EndToEndId>NOREF</EndToEndId><TxId>FP18268O08362321</TxId></Refs><RltdPties><Dbtr><Nm>DEDHIA LEEZA</Nm></Dbtr><DbtrAcct><Id><PrtryAcct><Id>07043629540011</Id></PrtryAcct></Id></DbtrAcct><Cdtr><Nm>SAMIR DEDHIA</Nm></Cdtr><CdtrAcct><Id><PrtryAcct><Id>23008200420231</Id></PrtryAcct></Id></CdtrAcct><Prtry><Tp>ARRO</Tp><Pty/></Prtry></RltdPties><RmtInf><Strd><AddtlRmtInf>NO REF</AddtlRmtInf></Strd><Strd><AddtlRmtInf>DEDHIA LEEZA//ARRO</AddtlRmtInf></Strd></RmtInf><RltdDts><TxDtTm>2018-09-25T20:52:28</TxDtTm></RltdDts><AddtlTxInf>FP18268O08362321  1020180925826070436</AddtlTxInf></TxDtls><AddtlNtryInf>COMPLETE//0000//003//CREDIT</AddtlNtryInf></Ntry><Ntry><Amt Ccy="GBP">20.00</Amt><CdtDbtInd>CRDT</CdtDbtInd><Sts>BOOK</Sts><BookgDt><Dt>2018-09-26</Dt></BookgDt><BkTxCd><Prtry><Cd>SIP UKBA CR 40269</Cd></Prtry></BkTxCd><TxDtls><Refs><EndToEndId>000000FT18268JXLY3</EndToEndId><TxId>000000FT18268JXLY3</TxId></Refs><RltdPties><Dbtr><Nm>MEHRNOOSH FALLAH MEHDIPOUR</Nm><PstlAdr><AdrLine>FLAT 52, BODIAM COURT;LONDON</AdrLine><Ctry/></PstlAdr></Dbtr><DbtrAcct><Id><PrtryAcct><Id>23058020378174</Id></PrtryAcct></Id></DbtrAcct><Cdtr><Nm>f mehdipour</Nm><PstlAdr><AdrLine>WIRECARD;WIRECARD CARD SOLUTIONS</AdrLine><Ctry/></PstlAdr></Cdtr><CdtrAcct><Id><PrtryAcct><Id>23008200441906</Id></PrtryAcct></Id></CdtrAcct><Prtry><Tp>M</Tp><Pty/></Prtry></RltdPties><RmtInf><Strd><AddtlRmtInf>NO REF</AddtlRmtInf></Strd><Strd><AddtlRmtInf>MEHRNOOSH FALLAH M//M</AddtlRmtInf></Strd></RmtInf><RltdDts><TxDtTm>2018-09-25T20:53:49</TxDtTm></RltdDts><AddtlTxInf>000000FT18268JXLY31020180925826230580</AddtlTxInf></TxDtls><AddtlNtryInf>COMPLETE//0000//003//CREDIT</AddtlNtryInf></Ntry><Ntry><Amt Ccy="GBP">200.00</Amt><CdtDbtInd>CRDT</CdtDbtInd><Sts>BOOK</Sts><BookgDt><Dt>2018-09-26</Dt></BookgDt><BkTxCd><Prtry><Cd>SIP UKBA CR 40269</Cd></Prtry></BkTxCd><TxDtls><Refs><EndToEndId>NOREF</EndToEndId><TxId>038099545502529001</TxId><Prtry><Tp>STO REF</Tp><Ref>0000</Ref></Prtry></Refs><RltdPties><Dbtr><Nm>SPRAGUEJP</Nm></Dbtr><DbtrAcct><Id><PrtryAcct><Id>40184671417339</Id></PrtryAcct></Id></DbtrAcct><Cdtr><Nm>JUAN ACOSTA</Nm></Cdtr><CdtrAcct><Id><PrtryAcct><Id>23008200199526</Id></PrtryAcct></Id></CdtrAcct><Prtry><Tp>JON SPRAGUE</Tp><Pty/></Prtry></RltdPties><RmtInf><Strd><AddtlRmtInf>NO REF</AddtlRmtInf></Strd><Strd><AddtlRmtInf>SPRAGUEJP//JON SPRAGUE</AddtlRmtInf></Strd></RmtInf><RltdDts><TxDtTm>2018-09-25T20:55:46</TxDtTm></RltdDts><AddtlTxInf>0380995455025290011020180925826401846</AddtlTxInf></TxDtls><AddtlNtryInf>COMPLETE//0000//003//CREDIT</AddtlNtryInf></Ntry></Ntfctn></BkToCstmrDbtCdtNtfctnV01></Document>