<?xml version="1.0" encoding="UTF-8"?><Document xmlns:xsi="http://www.w3.org/2001/XMLSchema-instance" xmlns="urn:iso:std:iso:20022:tech:xsd:camt.054.001.01"><BkToCstmrDbtCdtNtfctnV01><GrpHdr><MsgId>80309K//12465</MsgId><CreDtTm>2018-09-05T20:00:00</CreDtTm></GrpHdr><Ntfctn><Id>80309K//12465//1</Id><CreDtTm>2018-09-05T20:00:00</CreDtTm><Acct><Id><PrtryAcct><Id>20594233939774</Id></PrtryAcct></Id><Ccy>GBP</Ccy></Acct><TxsSummry><TtlNtries><NbOfNtries>7</NbOfNtries><Sum>393.91</Sum></TtlNtries><TtlCdtNtries><NbOfNtries>7</NbOfNtries><Sum>393.91</Sum></TtlCdtNtries><TtlDbtNtries><NbOfNtries>0</NbOfNtries><Sum>0.00</Sum></TtlDbtNtries></TxsSummry><Ntry><Amt Ccy="GBP">17.00</Amt><CdtDbtInd>CRDT</CdtDbtInd><Sts>BOOK</Sts><BookgDt><Dt>2018-09-06</Dt></BookgDt><BkTxCd><Prtry><Cd>SIP UKBA CR 40269</Cd></Prtry></BkTxCd><TxDtls><Refs><EndToEndId>00151596632BBDHCFS</EndToEndId><TxId>00151596632BBDHCFS</TxId></Refs><RltdPties><Dbtr><Nm>ADENIYI OKE</Nm></Dbtr><DbtrAcct><Id><PrtryAcct><Id>09012745555112</Id></PrtryAcct></Id></DbtrAcct><Cdtr><Nm>TANNES SOLUTION</Nm></Cdtr><CdtrAcct><Id><PrtryAcct><Id>23008200220991</Id></PrtryAcct></Id></CdtrAcct><Prtry><Tp>Niyi</Tp><Pty/></Prtry></RltdPties><RmtInf><Strd><AddtlRmtInf>NO REF</AddtlRmtInf></Strd><Strd><AddtlRmtInf>ADENIYI OKE//Niyi</AddtlRmtInf></Strd></RmtInf><RltdDts><TxDtTm>2018-09-05T19:32:33</TxDtTm></RltdDts><AddtlTxInf>00151596632BBDHCFS1020180905826090127</AddtlTxInf></TxDtls><AddtlNtryInf>COMPLETE//0000//003//CREDIT</AddtlNtryInf></Ntry><Ntry><Amt Ccy="GBP">0.01</Amt><CdtDbtInd>CRDT</CdtDbtInd><Sts>BOOK</Sts><BookgDt><Dt>2018-09-06</Dt></BookgDt><BkTxCd><Prtry><Cd>SIP UKBA CR 40269</Cd></Prtry></BkTxCd><TxDtls><Refs><EndToEndId>PPRD00000000AL3EB6</EndToEndId><TxId>PPRD00000000AL3EB6</TxId></Refs><RltdPties><Dbtr><Nm>PAYPAL CODE 4198</Nm><PstlAdr><AdrLine>2211 N 1st Street San Jose CA 95131</AdrLine><Ctry/></PstlAdr></Dbtr><DbtrAcct><Id><PrtryAcct><Id>23526285010101</Id></PrtryAcct></Id></DbtrAcct><Cdtr><Nm>Rachel Best</Nm><PstlAdr><AdrLine>6 Park Road</AdrLine><Ctry/></PstlAdr></Cdtr><CdtrAcct><Id><PrtryAcct><Id>23008200291026</Id></PrtryAcct></Id></CdtrAcct><Prtry><Tp>PAYPAL CODE 4198</Tp><Pty/></Prtry></RltdPties><RmtInf><Strd><RfrdDocInf><RfrdDocTp><Prtry>002</Prtry></RfrdDocTp></RfrdDocInf><AddtlRmtInf>NO REF</AddtlRmtInf></Strd><Strd><AddtlRmtInf>PAYPAL CODE 4198//PAYPAL CODE 4198</AddtlRmtInf></Strd></RmtInf><RltdDts><TxDtTm>2018-09-05T19:33:41</TxDtTm></RltdDts><AddtlTxInf>PPRD00000000AL3EB61020180905826235262</AddtlTxInf></TxDtls><AddtlNtryInf>COMPLETE//0000//003//CREDIT</AddtlNtryInf></Ntry><Ntry><Amt Ccy="GBP">40.00</Amt><CdtDbtInd>CRDT</CdtDbtInd><Sts>BOOK</Sts><BookgDt><Dt>2018-09-06</Dt></BookgDt><BkTxCd><Prtry><Cd>SIP UKBA CR 40269</Cd></Prtry></BkTxCd><TxDtls><Refs><EndToEndId>NOREF</EndToEndId><TxId>400000000391095461</TxId></Refs><RltdPties><Dbtr><Nm>Canavan S Mrs</Nm></Dbtr><DbtrAcct><Id><PrtryAcct><Id>11050700128760</Id></PrtryAcct></Id></DbtrAcct><Cdtr><Nm>TERESSA</Nm></Cdtr><CdtrAcct><Id><PrtryAcct><Id>23008200067845</Id></PrtryAcct></Id></CdtrAcct></RltdPties><RmtInf><Strd><AddtlRmtInf>NO REF</AddtlRmtInf></Strd><Strd><AddtlRmtInf>Canavan S Mrs//</AddtlRmtInf></Strd></RmtInf><RltdDts><TxDtTm>2018-09-05T19:40:06</TxDtTm></RltdDts><AddtlTxInf>4000000003910954611020180905826110507</AddtlTxInf></TxDtls><AddtlNtryInf>COMPLETE//0000//003//CREDIT</AddtlNtryInf></Ntry><Ntry><Amt Ccy="GBP">17.00</Amt><CdtDbtInd>CRDT</CdtDbtInd><Sts>BOOK</Sts><BookgDt><Dt>2018-09-06</Dt></BookgDt><BkTxCd><Prtry><Cd>DCA UKBA CR 40269</Cd></Prtry></BkTxCd><TxDtls><Refs><EndToEndId>NOREF</EndToEndId><TxId>000000013486658001</TxId><Prtry><Tp>STO REF</Tp><Ref>9425</Ref></Prtry></Refs><RltdPties><Dbtr><Nm>ANDRIS SIRBU</Nm></Dbtr><DbtrAcct><Id><PrtryAcct><Id>20035373152596</Id></PrtryAcct></Id></DbtrAcct><Cdtr><Nm>ANDRIS SIRBU4</Nm></Cdtr><CdtrAcct><Id><PrtryAcct><Id>23008200179207</Id></PrtryAcct></Id></CdtrAcct><Prtry><Tp>ANDRIS SIRBU</Tp><Pty/></Prtry></RltdPties><RmtInf><Strd><AddtlRmtInf>NO REF</AddtlRmtInf></Strd><Strd><AddtlRmtInf>ANDRIS SIRBU//ANDRIS SIRBU</AddtlRmtInf></Strd></RmtInf><RltdDts><TxDtTm>2018-09-05T19:52:40</TxDtTm></RltdDts><AddtlTxInf>0000000134866580015020180905826200353</AddtlTxInf></TxDtls><AddtlNtryInf>COMPLETE//0000//003//CREDIT</AddtlNtryInf></Ntry><Ntry><Amt Ccy="GBP">30.00</Amt><CdtDbtInd>CRDT</CdtDbtInd><Sts>BOOK</Sts><BookgDt><Dt>2018-09-06</Dt></BookgDt><BkTxCd><Prtry><Cd>SIP UKBA CR 40269</Cd></Prtry></BkTxCd><TxDtls><Refs><EndToEndId>NOREF</EndToEndId><TxId>100000000384638060</TxId></Refs><RltdPties><Dbtr><Nm>L Wiggan</Nm></Dbtr><DbtrAcct><Id><PrtryAcct><Id>11086301717718</Id></PrtryAcct></Id></DbtrAcct><Cdtr><Nm>LORNAWIGGAN</Nm></Cdtr><CdtrAcct><Id><PrtryAcct><Id>23008200133361</Id></PrtryAcct></Id></CdtrAcct><Prtry><Tp>HOLIDAY SPENDS</Tp><Pty/></Prtry></RltdPties><RmtInf><Strd><AddtlRmtInf>NO REF</AddtlRmtInf></Strd><Strd><AddtlRmtInf>L Wiggan//HOLIDAY SPENDS</AddtlRmtInf></Strd></RmtInf><RltdDts><TxDtTm>2018-09-05T19:55:13</TxDtTm></RltdDts><AddtlTxInf>1000000003846380601020180905826110863</AddtlTxInf></TxDtls><AddtlNtryInf>COMPLETE//0000//003//CREDIT</AddtlNtryInf></Ntry><Ntry><Amt Ccy="GBP">39.90</Amt><CdtDbtInd>CRDT</CdtDbtInd><Sts>BOOK</Sts><BookgDt><Dt>2018-09-06</Dt></BookgDt><BkTxCd><Prtry><Cd>SIP UKBA CR 40269</Cd></Prtry></BkTxCd><TxDtls><Refs><EndToEndId>00151607632BBKSDMJ</EndToEndId><TxId>00151607632BBKSDMJ</TxId></Refs><RltdPties><Dbtr><Nm>ELIZABETH JONES</Nm></Dbtr><DbtrAcct><Id><PrtryAcct><Id>09012907232817</Id></PrtryAcct></Id></DbtrAcct><Cdtr><Nm>ISPY1</Nm></Cdtr><CdtrAcct><Id><PrtryAcct><Id>23008200223382</Id></PrtryAcct></Id></CdtrAcct><Prtry><Tp>Liz</Tp><Pty/></Prtry></RltdPties><RmtInf><Strd><AddtlRmtInf>NO REF</AddtlRmtInf></Strd><Strd><AddtlRmtInf>ELIZABETH JONES//Liz</AddtlRmtInf></Strd></RmtInf><RltdDts><TxDtTm>2018-09-05T19:57:00</TxDtTm></RltdDts><AddtlTxInf>00151607632BBKSDMJ1020180905826090129</AddtlTxInf></TxDtls><AddtlNtryInf>COMPLETE//0000//003//CREDIT</AddtlNtryInf></Ntry><Ntry><Amt Ccy="GBP">250.00</Amt><CdtDbtInd>CRDT</CdtDbtInd><Sts>BOOK</Sts><BookgDt><Dt>2018-09-06</Dt></BookgDt><BkTxCd><Prtry><Cd>SIP UKBA CR 40269</Cd></Prtry></BkTxCd><TxDtls><Refs><EndToEndId>NOREF</EndToEndId><TxId>233684007591509001</TxId><Prtry><Tp>STO REF</Tp><Ref>0000</Ref></Prtry></Refs><RltdPties><Dbtr><Nm>GANGADHAR    NPB</Nm></Dbtr><DbtrAcct><Id><PrtryAcct><Id>40380443807878</Id></PrtryAcct></Id></DbtrAcct><Cdtr><Nm>Ntls services</Nm></Cdtr><CdtrAcct><Id><PrtryAcct><Id>23008200221749</Id></PrtryAcct></Id></CdtrAcct><Prtry><Tp>81 Centrium Clean</Tp><Pty/></Prtry></RltdPties><RmtInf><Strd><AddtlRmtInf>NO REF</AddtlRmtInf></Strd><Strd><AddtlRmtInf>GANGADHAR    NPB//81 Centrium Clean</AddtlRmtInf></Strd></RmtInf><RltdDts><TxDtTm>2018-09-05T19:57:00</TxDtTm></RltdDts><AddtlTxInf>2336840075915090011020180905826403804</AddtlTxInf></TxDtls><AddtlNtryInf>COMPLETE//0000//003//CREDIT</AddtlNtryInf></Ntry></Ntfctn></BkToCstmrDbtCdtNtfctnV01></Document>