<?xml version="1.0" encoding="UTF-8"?><Document xmlns:xsi="http://www.w3.org/2001/XMLSchema-instance" xmlns="urn:iso:std:iso:20022:tech:xsd:camt.054.001.01"><BkToCstmrDbtCdtNtfctnV01><GrpHdr><MsgId>80309K//13095</MsgId><CreDtTm>2018-09-20T11:00:00</CreDtTm></GrpHdr><Ntfctn><Id>80309K//13095//1</Id><CreDtTm>2018-09-20T11:00:00</CreDtTm><Acct><Id><PrtryAcct><Id>20594233939774</Id></PrtryAcct></Id><Ccy>GBP</Ccy></Acct><TxsSummry><TtlNtries><NbOfNtries>6</NbOfNtries><Sum>3630.70</Sum></TtlNtries><TtlCdtNtries><NbOfNtries>6</NbOfNtries><Sum>3630.70</Sum></TtlCdtNtries><TtlDbtNtries><NbOfNtries>0</NbOfNtries><Sum>0.00</Sum></TtlDbtNtries></TxsSummry><Ntry><Amt Ccy="GBP">259.70</Amt><CdtDbtInd>CRDT</CdtDbtInd><Sts>BOOK</Sts><BookgDt><Dt>2018-09-20</Dt></BookgDt><BkTxCd><Prtry><Cd>FDP UKBA CR 40269</Cd></Prtry></BkTxCd><TxDtls><Refs><EndToEndId>NOREF</EndToEndId><TxId>7141760253010311CN</TxId><Prtry><Tp>STO REF</Tp><Ref>0000</Ref></Prtry></Refs><RltdPties><Dbtr><Nm>Lilliput Dunmurry</Nm><PstlAdr><AdrLine>Lilliput Dunmurry</AdrLine><Ctry/></PstlAdr></Dbtr><DbtrAcct><Id><PrtryAcct><Id>93842414308265</Id></PrtryAcct></Id></DbtrAcct><Cdtr><Nm>K Kutysz</Nm></Cdtr><CdtrAcct><Id><PrtryAcct><Id>23008200401281</Id></PrtryAcct></Id></CdtrAcct><Prtry><Tp>LILLIPUT</Tp><Pty/></Prtry></RltdPties><RmtInf><Strd><AddtlRmtInf>NO REF</AddtlRmtInf></Strd><Strd><AddtlRmtInf>Lilliput Dunmurry//LILLIPUT</AddtlRmtInf></Strd></RmtInf><RltdDts><TxDtTm>2018-09-20T10:35:22</TxDtTm></RltdDts><AddtlTxInf>7141760253010311CN4020180920826400250</AddtlTxInf></TxDtls><AddtlNtryInf>COMPLETE//0000//001//CREDIT</AddtlNtryInf></Ntry><Ntry><Amt Ccy="GBP">20.00</Amt><CdtDbtInd>CRDT</CdtDbtInd><Sts>BOOK</Sts><BookgDt><Dt>2018-09-20</Dt></BookgDt><BkTxCd><Prtry><Cd>SIP UKBA CR 40269</Cd></Prtry></BkTxCd><TxDtls><Refs><EndToEndId>KENNY</EndToEndId><TxId>23103733403416000R</TxId><Prtry><Tp>STO REF</Tp><Ref>0000</Ref></Prtry></Refs><RltdPties><Dbtr><Nm>AKINSANMI OW</Nm></Dbtr><DbtrAcct><Id><PrtryAcct><Id>83520017931918</Id></PrtryAcct></Id></DbtrAcct><Cdtr><Nm>SONIAN</Nm></Cdtr><CdtrAcct><Id><PrtryAcct><Id>23008200331960</Id></PrtryAcct></Id></CdtrAcct><Prtry><Tp>KENNY</Tp><Pty/></Prtry></RltdPties><RmtInf><Strd><AddtlRmtInf>AKINSANMI OW      KENNY             VIA MOBILE - LVP</AddtlRmtInf></Strd><Strd><AddtlRmtInf>AKINSANMI OW//KENNY</AddtlRmtInf></Strd></RmtInf><RltdDts><TxDtTm>2018-09-20T10:37:33</TxDtTm></RltdDts><AddtlTxInf>23103733403416000R1020180920826835200</AddtlTxInf></TxDtls><AddtlNtryInf>COMPLETE//0000//001//CREDIT</AddtlNtryInf></Ntry><Ntry><Amt Ccy="GBP">275.00</Amt><CdtDbtInd>CRDT</CdtDbtInd><Sts>BOOK</Sts><BookgDt><Dt>2018-09-20</Dt></BookgDt><BkTxCd><Prtry><Cd>SIP UKBA CR 40269</Cd></Prtry></BkTxCd><TxDtls><Refs><EndToEndId>NOREF</EndToEndId><TxId>180920104734830200</TxId></Refs><RltdPties><Dbtr><Nm>Faisal Tapsoba</Nm></Dbtr><DbtrAcct><Id><PrtryAcct><Id>77271034440660</Id></PrtryAcct></Id></DbtrAcct><Cdtr><Nm>Kim ltd</Nm></Cdtr><CdtrAcct><Id><PrtryAcct><Id>23008200443663</Id></PrtryAcct></Id></CdtrAcct><Prtry><Tp>TAPSOBA</Tp><Pty/></Prtry></RltdPties><RmtInf><Strd><AddtlRmtInf>NO REF</AddtlRmtInf></Strd><Strd><AddtlRmtInf>Faisal Tapsoba//TAPSOBA</AddtlRmtInf></Strd></RmtInf><RltdDts><TxDtTm>2018-09-20T10:47:32</TxDtTm></RltdDts><AddtlTxInf>1809201047348302001020180920826772710</AddtlTxInf></TxDtls><AddtlNtryInf>COMPLETE//0000//001//CREDIT</AddtlNtryInf></Ntry><Ntry><Amt Ccy="GBP">3000.00</Amt><CdtDbtInd>CRDT</CdtDbtInd><Sts>BOOK</Sts><BookgDt><Dt>2018-09-20</Dt></BookgDt><BkTxCd><Prtry><Cd>SIP UKBA CR 40269</Cd></Prtry></BkTxCd><TxDtls><Refs><EndToEndId>RWC002</EndToEndId><TxId>58104754139787000N</TxId><Prtry><Tp>STO REF</Tp><Ref>0000</Ref></Prtry></Refs><RltdPties><Dbtr><Nm>COSTELLOE RJ</Nm></Dbtr><DbtrAcct><Id><PrtryAcct><Id>60051619587651</Id></PrtryAcct></Id></DbtrAcct><Cdtr><Nm>RICHARD COSTELLOE</Nm></Cdtr><CdtrAcct><Id><PrtryAcct><Id>23008200121824</Id></PrtryAcct></Id></CdtrAcct><Prtry><Tp>RWC002</Tp><Pty/></Prtry></RltdPties><RmtInf><Strd><AddtlRmtInf>COSTELLOE RJ      RWC002            VIA ONLINE - PYMT</AddtlRmtInf></Strd><Strd><AddtlRmtInf>COSTELLOE RJ//RWC002</AddtlRmtInf></Strd></RmtInf><RltdDts><TxDtTm>2018-09-20T10:47:54</TxDtTm></RltdDts><AddtlTxInf>58104754139787000N1020180920826600516</AddtlTxInf></TxDtls><AddtlNtryInf>COMPLETE//0000//001//CREDIT</AddtlNtryInf></Ntry><Ntry><Amt Ccy="GBP">20.00</Amt><CdtDbtInd>CRDT</CdtDbtInd><Sts>BOOK</Sts><BookgDt><Dt>2018-09-20</Dt></BookgDt><BkTxCd><Prtry><Cd>SIP UKBA CR 40269</Cd></Prtry></BkTxCd><TxDtls><Refs><EndToEndId>NOREF</EndToEndId><TxId>300000000393921754</TxId></Refs><RltdPties><Dbtr><Nm>M Akubueze</Nm></Dbtr><DbtrAcct><Id><PrtryAcct><Id>11132510426269</Id></PrtryAcct></Id></DbtrAcct><Cdtr><Nm>NONYE AKUBUEZE</Nm></Cdtr><CdtrAcct><Id><PrtryAcct><Id>23008200355888</Id></PrtryAcct></Id></CdtrAcct><Prtry><Tp>KAYAK</Tp><Pty/></Prtry></RltdPties><RmtInf><Strd><AddtlRmtInf>NO REF</AddtlRmtInf></Strd><Strd><AddtlRmtInf>M Akubueze//KAYAK</AddtlRmtInf></Strd></RmtInf><RltdDts><TxDtTm>2018-09-20T10:48:05</TxDtTm></RltdDts><AddtlTxInf>3000000003939217541020180920826111325</AddtlTxInf></TxDtls><AddtlNtryInf>COMPLETE//0000//001//CREDIT</AddtlNtryInf></Ntry><Ntry><Amt Ccy="GBP">56.00</Amt><CdtDbtInd>CRDT</CdtDbtInd><Sts>BOOK</Sts><BookgDt><Dt>2018-09-20</Dt></BookgDt><BkTxCd><Prtry><Cd>SIP UKBA CR 40269</Cd></Prtry></BkTxCd><TxDtls><Refs><EndToEndId>00151137632BBFFLVR</EndToEndId><TxId>00151137632BBFFLVR</TxId></Refs><RltdPties><Dbtr><Nm>AYSE AYDINLI</Nm></Dbtr><DbtrAcct><Id><PrtryAcct><Id>09012872107352</Id></PrtryAcct></Id></DbtrAcct><Cdtr><Nm>MRS A L AYDINLI</Nm></Cdtr><CdtrAcct><Id><PrtryAcct><Id>23008200025169</Id></PrtryAcct></Id></CdtrAcct><Prtry><Tp>ARRA</Tp><Pty/></Prtry></RltdPties><RmtInf><Strd><AddtlRmtInf>NO REF</AddtlRmtInf></Strd><Strd><AddtlRmtInf>AYSE AYDINLI//ARRA</AddtlRmtInf></Strd></RmtInf><RltdDts><TxDtTm>2018-09-20T10:52:59</TxDtTm></RltdDts><AddtlTxInf>00151137632BBFFLVR1020180920826090128</AddtlTxInf></TxDtls><AddtlNtryInf>COMPLETE//0000//001//CREDIT</AddtlNtryInf></Ntry></Ntfctn></BkToCstmrDbtCdtNtfctnV01></Document>