<?xml version="1.0" encoding="UTF-8"?><Document xmlns:xsi="http://www.w3.org/2001/XMLSchema-instance" xmlns="urn:iso:std:iso:20022:tech:xsd:camt.054.001.01"><BkToCstmrDbtCdtNtfctnV01><GrpHdr><MsgId>80309K//13262</MsgId><CreDtTm>2018-09-24T10:30:00</CreDtTm></GrpHdr><Ntfctn><Id>80309K//13262//1</Id><CreDtTm>2018-09-24T10:30:00</CreDtTm><Acct><Id><PrtryAcct><Id>20594233939774</Id></PrtryAcct></Id><Ccy>GBP</Ccy></Acct><TxsSummry><TtlNtries><NbOfNtries>7</NbOfNtries><Sum>4643.49</Sum></TtlNtries><TtlCdtNtries><NbOfNtries>7</NbOfNtries><Sum>4643.49</Sum></TtlCdtNtries><TtlDbtNtries><NbOfNtries>0</NbOfNtries><Sum>0.00</Sum></TtlDbtNtries></TxsSummry><Ntry><Amt Ccy="GBP">10.00</Amt><CdtDbtInd>CRDT</CdtDbtInd><Sts>BOOK</Sts><BookgDt><Dt>2018-09-24</Dt></BookgDt><BkTxCd><Prtry><Cd>SIP UKBA CR 40269</Cd></Prtry></BkTxCd><TxDtls><Refs><EndToEndId>NOREF</EndToEndId><TxId>RP4659985188497700</TxId></Refs><RltdPties><Dbtr><Nm>BROWN R</Nm></Dbtr><DbtrAcct><Id><PrtryAcct><Id>20258530994235</Id></PrtryAcct></Id></DbtrAcct><Cdtr><Nm>BAEMMS LTD</Nm></Cdtr><CdtrAcct><Id><PrtryAcct><Id>23008200223303</Id></PrtryAcct></Id></CdtrAcct><Prtry><Tp>R J BROWN</Tp><Pty/></Prtry></RltdPties><RmtInf><Strd><AddtlRmtInf>NO REF</AddtlRmtInf></Strd><Strd><AddtlRmtInf>BROWN R//R J BROWN</AddtlRmtInf></Strd></RmtInf><RltdDts><TxDtTm>2018-09-24T10:08:40</TxDtTm></RltdDts><AddtlTxInf>RP46599851884977001020180924826200026</AddtlTxInf></TxDtls><AddtlNtryInf>COMPLETE//0000//001//CREDIT</AddtlNtryInf></Ntry><Ntry><Amt Ccy="GBP">23.00</Amt><CdtDbtInd>CRDT</CdtDbtInd><Sts>BOOK</Sts><BookgDt><Dt>2018-09-24</Dt></BookgDt><BkTxCd><Prtry><Cd>DCA UKBA CR 40269</Cd></Prtry></BkTxCd><TxDtls><Refs><EndToEndId>NOREF</EndToEndId><TxId>000000013645509501</TxId><Prtry><Tp>STO REF</Tp><Ref>0000</Ref></Prtry></Refs><RltdPties><Dbtr><Nm>CHARMAINE GALLI</Nm></Dbtr><DbtrAcct><Id><PrtryAcct><Id>20324850309311</Id></PrtryAcct></Id></DbtrAcct><Cdtr><Nm>LEEDS CITY CREDIT</Nm></Cdtr><CdtrAcct><Id><PrtryAcct><Id>23008200303446</Id></PrtryAcct></Id></CdtrAcct><Prtry><Tp>CHARMAINE9492GMAI</Tp><Pty/></Prtry></RltdPties><RmtInf><Strd><AddtlRmtInf>NO REF</AddtlRmtInf></Strd><Strd><AddtlRmtInf>CHARMAINE GALLI//CHARMAINE9492GMAI</AddtlRmtInf></Strd></RmtInf><RltdDts><TxDtTm>2018-09-24T10:12:09</TxDtTm></RltdDts><AddtlTxInf>0000000136455095015020180924826203248</AddtlTxInf></TxDtls><AddtlNtryInf>COMPLETE//0000//001//CREDIT</AddtlNtryInf></Ntry><Ntry><Amt Ccy="GBP">0.48</Amt><CdtDbtInd>CRDT</CdtDbtInd><Sts>BOOK</Sts><BookgDt><Dt>2018-09-24</Dt></BookgDt><BkTxCd><Prtry><Cd>SIP UKBA CR 40269</Cd></Prtry></BkTxCd><TxDtls><Refs><EndToEndId>000000FT182677SH1Y</EndToEndId><TxId>000000FT182677SH1Y</TxId></Refs><RltdPties><Dbtr><Nm>SHANNON BARBARA ANN KERRIGAN</Nm><PstlAdr><AdrLine>157 OSIER CRESCENT;LONDON</AdrLine><Ctry/></PstlAdr></Dbtr><DbtrAcct><Id><PrtryAcct><Id>23058019275906</Id></PrtryAcct></Id></DbtrAcct><Cdtr><Nm>Mr Ibrahim Ali</Nm><PstlAdr><AdrLine>WIRECARD;WIRECARD CARD SOLUTIONS</AdrLine><Ctry/></PstlAdr></Cdtr><CdtrAcct><Id><PrtryAcct><Id>23008200140895</Id></PrtryAcct></Id></CdtrAcct><Prtry><Tp>shan</Tp><Pty/></Prtry></RltdPties><RmtInf><Strd><AddtlRmtInf>NO REF</AddtlRmtInf></Strd><Strd><AddtlRmtInf>SHANNON BARBARA AN//shan</AddtlRmtInf></Strd></RmtInf><RltdDts><TxDtTm>2018-09-24T10:15:40</TxDtTm></RltdDts><AddtlTxInf>000000FT182677SH1Y1020180924826230580</AddtlTxInf></TxDtls><AddtlNtryInf>COMPLETE//0000//001//CREDIT</AddtlNtryInf></Ntry><Ntry><Amt Ccy="GBP">660.00</Amt><CdtDbtInd>CRDT</CdtDbtInd><Sts>BOOK</Sts><BookgDt><Dt>2018-09-24</Dt></BookgDt><BkTxCd><Prtry><Cd>SIP UKBA CR 40269</Cd></Prtry></BkTxCd><TxDtls><Refs><EndToEndId>INV-0002</EndToEndId><TxId>30101651814352000N</TxId><Prtry><Tp>STO REF</Tp><Ref>0000</Ref></Prtry></Refs><RltdPties><Dbtr><Nm>TAB X TAB LIMITED</Nm></Dbtr><DbtrAcct><Id><PrtryAcct><Id>60020860965711</Id></PrtryAcct></Id></DbtrAcct><Cdtr><Nm>TUSCUN GROUP LTD</Nm></Cdtr><CdtrAcct><Id><PrtryAcct><Id>23008200039884</Id></PrtryAcct></Id></CdtrAcct><Prtry><Tp>INV-0002</Tp><Pty/></Prtry></RltdPties><RmtInf><Strd><AddtlRmtInf>TAB X TAB LIMITED INV-0002          VIA ONLINE - PYMT</AddtlRmtInf></Strd><Strd><AddtlRmtInf>TAB X TAB LIMITED//INV-0002</AddtlRmtInf></Strd></RmtInf><RltdDts><TxDtTm>2018-09-24T10:16:52</TxDtTm></RltdDts><AddtlTxInf>30101651814352000N1020180924826600208</AddtlTxInf></TxDtls><AddtlNtryInf>COMPLETE//0000//001//CREDIT</AddtlNtryInf></Ntry><Ntry><Amt Ccy="GBP">3750.00</Amt><CdtDbtInd>CRDT</CdtDbtInd><Sts>BOOK</Sts><BookgDt><Dt>2018-09-24</Dt></BookgDt><BkTxCd><Prtry><Cd>DCA UKBA CR 40269</Cd></Prtry></BkTxCd><TxDtls><Refs><EndToEndId>NOREF</EndToEndId><TxId>000000013645594401</TxId><Prtry><Tp>STO REF</Tp><Ref>9392</Ref></Prtry></Refs><RltdPties><Dbtr><Nm>MONESE LTD</Nm></Dbtr><DbtrAcct><Id><PrtryAcct><Id>20035373152596</Id></PrtryAcct></Id></DbtrAcct><Cdtr><Nm>M. EPINGEAC1</Nm></Cdtr><CdtrAcct><Id><PrtryAcct><Id>23008200240577</Id></PrtryAcct></Id></CdtrAcct><Prtry><Tp>MONESE EPINGEACFA</Tp><Pty/></Prtry></RltdPties><RmtInf><Strd><AddtlRmtInf>NO REF</AddtlRmtInf></Strd><Strd><AddtlRmtInf>MONESE LTD//MONESE EPINGEACFA</AddtlRmtInf></Strd></RmtInf><RltdDts><TxDtTm>2018-09-24T10:22:06</TxDtTm></RltdDts><AddtlTxInf>0000000136455944015020180924826200353</AddtlTxInf></TxDtls><AddtlNtryInf>COMPLETE//0000//001//CREDIT</AddtlNtryInf></Ntry><Ntry><Amt Ccy="GBP">200.00</Amt><CdtDbtInd>CRDT</CdtDbtInd><Sts>BOOK</Sts><BookgDt><Dt>2018-09-24</Dt></BookgDt><BkTxCd><Prtry><Cd>SIP UKBA CR 40269</Cd></Prtry></BkTxCd><TxDtls><Refs><EndToEndId>NOREF</EndToEndId><TxId>400000000396132595</TxId></Refs><RltdPties><Dbtr><Nm>R Ibbotson</Nm></Dbtr><DbtrAcct><Id><PrtryAcct><Id>77740118008060</Id></PrtryAcct></Id></DbtrAcct><Cdtr><Nm>CHELSEA HAMSHAW</Nm></Cdtr><CdtrAcct><Id><PrtryAcct><Id>23008200021049</Id></PrtryAcct></Id></CdtrAcct><Prtry><Tp>BUMP</Tp><Pty/></Prtry></RltdPties><RmtInf><Strd><AddtlRmtInf>NO REF</AddtlRmtInf></Strd><Strd><AddtlRmtInf>R Ibbotson//BUMP</AddtlRmtInf></Strd></RmtInf><RltdDts><TxDtTm>2018-09-24T10:22:41</TxDtTm></RltdDts><AddtlTxInf>4000000003961325951020180924826777401</AddtlTxInf></TxDtls><AddtlNtryInf>COMPLETE//0000//001//CREDIT</AddtlNtryInf></Ntry><Ntry><Amt Ccy="GBP">0.01</Amt><CdtDbtInd>CRDT</CdtDbtInd><Sts>BOOK</Sts><BookgDt><Dt>2018-09-24</Dt></BookgDt><BkTxCd><Prtry><Cd>SIP UKBA CR 40269</Cd></Prtry></BkTxCd><TxDtls><Refs><EndToEndId>PPRD00000000APP7OK</EndToEndId><TxId>PPRD00000000APP7OK</TxId></Refs><RltdPties><Dbtr><Nm>PAYPAL CODE 3278</Nm><PstlAdr><AdrLine>2211 N 1st Street San Jose CA 95131</AdrLine><Ctry/></PstlAdr></Dbtr><DbtrAcct><Id><PrtryAcct><Id>23526285010101</Id></PrtryAcct></Id></DbtrAcct><Cdtr><Nm>Preeminence Beauty Solutions LTD</Nm><PstlAdr><AdrLine>11 Circuit Close</AdrLine><Ctry/></PstlAdr></Cdtr><CdtrAcct><Id><PrtryAcct><Id>23008200410075</Id></PrtryAcct></Id></CdtrAcct><Prtry><Tp>PAYPAL CODE 3278</Tp><Pty/></Prtry></RltdPties><RmtInf><Strd><RfrdDocInf><RfrdDocTp><Prtry>002</Prtry></RfrdDocTp></RfrdDocInf><AddtlRmtInf>NO REF</AddtlRmtInf></Strd><Strd><AddtlRmtInf>PAYPAL CODE 3278//PAYPAL CODE 3278</AddtlRmtInf></Strd></RmtInf><RltdDts><TxDtTm>2018-09-24T10:25:10</TxDtTm></RltdDts><AddtlTxInf>PPRD00000000APP7OK1020180924826235262</AddtlTxInf></TxDtls><AddtlNtryInf>COMPLETE//0000//001//CREDIT</AddtlNtryInf></Ntry></Ntfctn></BkToCstmrDbtCdtNtfctnV01></Document>