<?xml version="1.0" encoding="UTF-8"?><Document xmlns:xsi="http://www.w3.org/2001/XMLSchema-instance" xmlns="urn:iso:std:iso:20022:tech:xsd:camt.054.001.01"><BkToCstmrDbtCdtNtfctnV01><GrpHdr><MsgId>80309K//13448</MsgId><CreDtTm>2018-09-28T13:30:00</CreDtTm></GrpHdr><Ntfctn><Id>80309K//13448//1</Id><CreDtTm>2018-09-28T13:30:00</CreDtTm><Acct><Id><PrtryAcct><Id>20594233939774</Id></PrtryAcct></Id><Ccy>GBP</Ccy></Acct><TxsSummry><TtlNtries><NbOfNtries>14</NbOfNtries><Sum>4648.87</Sum></TtlNtries><TtlCdtNtries><NbOfNtries>14</NbOfNtries><Sum>4648.87</Sum></TtlCdtNtries><TtlDbtNtries><NbOfNtries>0</NbOfNtries><Sum>0.00</Sum></TtlDbtNtries></TxsSummry><Ntry><Amt Ccy="GBP">921.60</Amt><CdtDbtInd>CRDT</CdtDbtInd><Sts>BOOK</Sts><BookgDt><Dt>2018-09-28</Dt></BookgDt><BkTxCd><Prtry><Cd>SIP UKBA CR 40269</Cd></Prtry></BkTxCd><TxDtls><Refs><EndToEndId>NOREF</EndToEndId><TxId>46130216198996000N</TxId><Prtry><Tp>STO REF</Tp><Ref>0000</Ref></Prtry></Refs><RltdPties><Dbtr><Nm>WILLIAMS K L</Nm></Dbtr><DbtrAcct><Id><PrtryAcct><Id>60092159978937</Id></PrtryAcct></Id></DbtrAcct><Cdtr><Nm>JIM VALLELLY</Nm></Cdtr><CdtrAcct><Id><PrtryAcct><Id>23008200472935</Id></PrtryAcct></Id></CdtrAcct></RltdPties><RmtInf><Strd><AddtlRmtInf>WILLIAMS K L</AddtlRmtInf></Strd><Strd><AddtlRmtInf>WILLIAMS K L//</AddtlRmtInf></Strd></RmtInf><RltdDts><TxDtTm>2018-09-28T13:02:16</TxDtTm></RltdDts><AddtlTxInf>46130216198996000N1020180928826600921</AddtlTxInf></TxDtls><AddtlNtryInf>COMPLETE//0000//002//CREDIT</AddtlNtryInf></Ntry><Ntry><Amt Ccy="GBP">356.29</Amt><CdtDbtInd>CRDT</CdtDbtInd><Sts>BOOK</Sts><BookgDt><Dt>2018-09-28</Dt></BookgDt><BkTxCd><Prtry><Cd>SIP UKBA CR 40269</Cd></Prtry></BkTxCd><TxDtls><Refs><EndToEndId>ARGYLL HOTEL</EndToEndId><TxId>43130223517494000R</TxId><Prtry><Tp>STO REF</Tp><Ref>0000</Ref></Prtry></Refs><RltdPties><Dbtr><Nm>THE ARGYLL HOTEL</Nm></Dbtr><DbtrAcct><Id><PrtryAcct><Id>16192610580110</Id></PrtryAcct></Id></DbtrAcct><Cdtr><Nm>ROB DIMOND</Nm></Cdtr><CdtrAcct><Id><PrtryAcct><Id>23008200066097</Id></PrtryAcct></Id></CdtrAcct><Prtry><Tp>ARGYLL HOTEL</Tp><Pty/></Prtry></RltdPties><RmtInf><Strd><AddtlRmtInf>THE ARGYLL HOTEL  ARGYLL HOTEL      VIA ONLINE - PYMT</AddtlRmtInf></Strd><Strd><AddtlRmtInf>THE ARGYLL HOTEL//ARGYLL HOTEL</AddtlRmtInf></Strd></RmtInf><RltdDts><TxDtTm>2018-09-28T13:02:24</TxDtTm></RltdDts><AddtlTxInf>43130223517494000R1020180928826161926</AddtlTxInf></TxDtls><AddtlNtryInf>COMPLETE//0000//002//CREDIT</AddtlNtryInf></Ntry><Ntry><Amt Ccy="GBP">20.00</Amt><CdtDbtInd>CRDT</CdtDbtInd><Sts>BOOK</Sts><BookgDt><Dt>2018-09-28</Dt></BookgDt><BkTxCd><Prtry><Cd>SIP UKBA CR 40269</Cd></Prtry></BkTxCd><TxDtls><Refs><EndToEndId>NOREF</EndToEndId><TxId>FP18271O11598038</TxId></Refs><RltdPties><Dbtr><Nm>Nolan Charles</Nm></Dbtr><DbtrAcct><Id><PrtryAcct><Id>07011638994406</Id></PrtryAcct></Id></DbtrAcct><Cdtr><Nm>MS SARAH PARKER</Nm></Cdtr><CdtrAcct><Id><PrtryAcct><Id>23008200053707</Id></PrtryAcct></Id></CdtrAcct><Prtry><Tp>XMAS PARTY</Tp><Pty/></Prtry></RltdPties><RmtInf><Strd><AddtlRmtInf>NO REF</AddtlRmtInf></Strd><Strd><AddtlRmtInf>Nolan Charles//XMAS PARTY</AddtlRmtInf></Strd></RmtInf><RltdDts><TxDtTm>2018-09-28T13:03:00</TxDtTm></RltdDts><AddtlTxInf>FP18271O11598038  1020180928826070116</AddtlTxInf></TxDtls><AddtlNtryInf>COMPLETE//0000//002//CREDIT</AddtlNtryInf></Ntry><Ntry><Amt Ccy="GBP">70.47</Amt><CdtDbtInd>CRDT</CdtDbtInd><Sts>BOOK</Sts><BookgDt><Dt>2018-09-28</Dt></BookgDt><BkTxCd><Prtry><Cd>SIP UKBA CR 40269</Cd></Prtry></BkTxCd><TxDtls><Refs><EndToEndId>LYONS REMOVALS</EndToEndId><TxId>53130352142762000R</TxId><Prtry><Tp>STO REF</Tp><Ref>0000</Ref></Prtry></Refs><RltdPties><Dbtr><Nm>JA &amp; JR LYON REM/S</Nm></Dbtr><DbtrAcct><Id><PrtryAcct><Id>16333310438404</Id></PrtryAcct></Id></DbtrAcct><Cdtr><Nm>CARL EASTENS</Nm></Cdtr><CdtrAcct><Id><PrtryAcct><Id>23008200204673</Id></PrtryAcct></Id></CdtrAcct><Prtry><Tp>LYONS REMOVALS</Tp><Pty/></Prtry></RltdPties><RmtInf><Strd><AddtlRmtInf>JA &amp; JR LYON REM/SLYONS REMOVALS    VIA ONLINE - PYMT</AddtlRmtInf></Strd><Strd><AddtlRmtInf>JA &amp; JR LYON REM/S//LYONS REMOVALS</AddtlRmtInf></Strd></RmtInf><RltdDts><TxDtTm>2018-09-28T13:03:52</TxDtTm></RltdDts><AddtlTxInf>53130352142762000R1020180928826163333</AddtlTxInf></TxDtls><AddtlNtryInf>COMPLETE//0000//002//CREDIT</AddtlNtryInf></Ntry><Ntry><Amt Ccy="GBP">15.00</Amt><CdtDbtInd>CRDT</CdtDbtInd><Sts>BOOK</Sts><BookgDt><Dt>2018-09-28</Dt></BookgDt><BkTxCd><Prtry><Cd>SIP UKBA CR 40269</Cd></Prtry></BkTxCd><TxDtls><Refs><EndToEndId>NOREF</EndToEndId><TxId>500000000392960753</TxId></Refs><RltdPties><Dbtr><Nm>F Russell-Morgan</Nm></Dbtr><DbtrAcct><Id><PrtryAcct><Id>30928665553460</Id></PrtryAcct></Id></DbtrAcct><Cdtr><Nm>L</Nm></Cdtr><CdtrAcct><Id><PrtryAcct><Id>23008200249168</Id></PrtryAcct></Id></CdtrAcct><Prtry><Tp>PLAY</Tp><Pty/></Prtry></RltdPties><RmtInf><Strd><AddtlRmtInf>NO REF</AddtlRmtInf></Strd><Strd><AddtlRmtInf>F Russell-Morgan//PLAY</AddtlRmtInf></Strd></RmtInf><RltdDts><TxDtTm>2018-09-28T13:10:52</TxDtTm></RltdDts><AddtlTxInf>5000000003929607531020180928826309286</AddtlTxInf></TxDtls><AddtlNtryInf>COMPLETE//0000//002//CREDIT</AddtlNtryInf></Ntry><Ntry><Amt Ccy="GBP">10.00</Amt><CdtDbtInd>CRDT</CdtDbtInd><Sts>BOOK</Sts><BookgDt><Dt>2018-09-28</Dt></BookgDt><BkTxCd><Prtry><Cd>SIP UKBA CR 40269</Cd></Prtry></BkTxCd><TxDtls><Refs><EndToEndId>NOREF</EndToEndId><TxId>200000000391297693</TxId></Refs><RltdPties><Dbtr><Nm>E Docherty</Nm></Dbtr><DbtrAcct><Id><PrtryAcct><Id>77210434337960</Id></PrtryAcct></Id></DbtrAcct><Cdtr><Nm>JAMES NEW</Nm></Cdtr><CdtrAcct><Id><PrtryAcct><Id>23008200089440</Id></PrtryAcct></Id></CdtrAcct><Prtry><Tp>LONDON</Tp><Pty/></Prtry></RltdPties><RmtInf><Strd><AddtlRmtInf>NO REF</AddtlRmtInf></Strd><Strd><AddtlRmtInf>E Docherty//LONDON</AddtlRmtInf></Strd></RmtInf><RltdDts><TxDtTm>2018-09-28T13:18:14</TxDtTm></RltdDts><AddtlTxInf>2000000003912976931020180928826772104</AddtlTxInf></TxDtls><AddtlNtryInf>COMPLETE//0000//002//CREDIT</AddtlNtryInf></Ntry><Ntry><Amt Ccy="GBP">0.01</Amt><CdtDbtInd>CRDT</CdtDbtInd><Sts>BOOK</Sts><BookgDt><Dt>2018-09-28</Dt></BookgDt><BkTxCd><Prtry><Cd>SIP UKBA CR 40269</Cd></Prtry></BkTxCd><TxDtls><Refs><EndToEndId>PPRD00000000AQU05G</EndToEndId><TxId>PPRD00000000AQU05G</TxId></Refs><RltdPties><Dbtr><Nm>PAYPAL CODE 1629</Nm><PstlAdr><AdrLine>2211 N 1st Street San Jose CA 95131</AdrLine><Ctry/></PstlAdr></Dbtr><DbtrAcct><Id><PrtryAcct><Id>23526285010101</Id></PrtryAcct></Id></DbtrAcct><Cdtr><Nm>Marcus Tasker</Nm><PstlAdr><AdrLine>7 Wakefield Close</AdrLine><Ctry/></PstlAdr></Cdtr><CdtrAcct><Id><PrtryAcct><Id>23008200473365</Id></PrtryAcct></Id></CdtrAcct><Prtry><Tp>PAYPAL CODE 1629</Tp><Pty/></Prtry></RltdPties><RmtInf><Strd><RfrdDocInf><RfrdDocTp><Prtry>002</Prtry></RfrdDocTp></RfrdDocInf><AddtlRmtInf>NO REF</AddtlRmtInf></Strd><Strd><AddtlRmtInf>PAYPAL CODE 1629//PAYPAL CODE 1629</AddtlRmtInf></Strd></RmtInf><RltdDts><TxDtTm>2018-09-28T13:19:05</TxDtTm></RltdDts><AddtlTxInf>PPRD00000000AQU05G1020180928826235262</AddtlTxInf></TxDtls><AddtlNtryInf>COMPLETE//0000//002//CREDIT</AddtlNtryInf></Ntry><Ntry><Amt Ccy="GBP">1500.00</Amt><CdtDbtInd>CRDT</CdtDbtInd><Sts>BOOK</Sts><BookgDt><Dt>2018-09-28</Dt></BookgDt><BkTxCd><Prtry><Cd>SIP UKBA CR 40269</Cd></Prtry></BkTxCd><TxDtls><Refs><EndToEndId>NOREF</EndToEndId><TxId>PFTQ6Z7QWM18KT3MK0</TxId></Refs><RltdPties><Dbtr><Nm>Florina Suciu</Nm><PstlAdr><AdrLine>116 Glencoe Road, ME4 5QF</AdrLine><Ctry/></PstlAdr></Dbtr><DbtrAcct><Id><PrtryAcct><Id>04000472476727</Id></PrtryAcct></Id></DbtrAcct><Cdtr><Nm>Hamafad Ltd</Nm></Cdtr><CdtrAcct><Id><PrtryAcct><Id>23008200037426</Id></PrtryAcct></Id></CdtrAcct></RltdPties><RmtInf><Strd><AddtlRmtInf>NO REF</AddtlRmtInf></Strd><Strd><AddtlRmtInf>Florina Suciu//</AddtlRmtInf></Strd></RmtInf><RltdDts><TxDtTm>2018-09-28T13:19:35</TxDtTm></RltdDts><AddtlTxInf>PFTQ6Z7QWM18KT3MK01020180928826040004</AddtlTxInf></TxDtls><AddtlNtryInf>COMPLETE//0000//002//CREDIT</AddtlNtryInf></Ntry><Ntry><Amt Ccy="GBP">800.00</Amt><CdtDbtInd>CRDT</CdtDbtInd><Sts>BOOK</Sts><BookgDt><Dt>2018-09-28</Dt></BookgDt><BkTxCd><Prtry><Cd>SIP UKBA CR 40269</Cd></Prtry></BkTxCd><TxDtls><Refs><EndToEndId>NO REF</EndToEndId><TxId>BX1809282075128200</TxId></Refs><RltdPties><Dbtr><Nm>HILLSIDE SPORTS GP</Nm></Dbtr><DbtrAcct><Id><PrtryAcct><Id>20658253013081</Id></PrtryAcct></Id></DbtrAcct><Cdtr><Nm>JEFFREY DAVIS</Nm><PstlAdr><AdrLine>54 Westacott Close   LONDON  N193LF</AdrLine><AdrLine>GB</AdrLine><Ctry/></PstlAdr></Cdtr><CdtrAcct><Id><PrtryAcct><Id>23008200465366</Id></PrtryAcct></Id></CdtrAcct><Prtry><Tp>NO REF</Tp><Pty/></Prtry></RltdPties><RmtInf><Strd><RfrdDocInf><RfrdDocTp><Prtry>002</Prtry></RfrdDocTp></RfrdDocInf><AddtlRmtInf>NO REF</AddtlRmtInf></Strd><Strd><AddtlRmtInf>HILLSIDE SPORTS GP//NO REF</AddtlRmtInf></Strd></RmtInf><RltdDts><TxDtTm>2018-09-28T13:20:24</TxDtTm></RltdDts><AddtlTxInf>BX18092820751282001020180928826200000</AddtlTxInf></TxDtls><AddtlNtryInf>COMPLETE//0000//002//CREDIT</AddtlNtryInf></Ntry><Ntry><Amt Ccy="GBP">303.00</Amt><CdtDbtInd>CRDT</CdtDbtInd><Sts>BOOK</Sts><BookgDt><Dt>2018-09-28</Dt></BookgDt><BkTxCd><Prtry><Cd>DCA UKBA CR 40269</Cd></Prtry></BkTxCd><TxDtls><Refs><EndToEndId>NOREF</EndToEndId><TxId>000000013697259201</TxId><Prtry><Tp>STO REF</Tp><Ref>3103</Ref></Prtry></Refs><RltdPties><Dbtr><Nm>A BIRCH</Nm></Dbtr><DbtrAcct><Id><PrtryAcct><Id>20035373152596</Id></PrtryAcct></Id></DbtrAcct><Cdtr><Nm>ALEX BIRCH1</Nm></Cdtr><CdtrAcct><Id><PrtryAcct><Id>23008200067887</Id></PrtryAcct></Id></CdtrAcct><Prtry><Tp>ALEX BIRCH</Tp><Pty/></Prtry></RltdPties><RmtInf><Strd><AddtlRmtInf>NO REF</AddtlRmtInf></Strd><Strd><AddtlRmtInf>A BIRCH//ALEX BIRCH</AddtlRmtInf></Strd></RmtInf><RltdDts><TxDtTm>2018-09-28T13:22:17</TxDtTm></RltdDts><AddtlTxInf>0000000136972592015020180928826200353</AddtlTxInf></TxDtls><AddtlNtryInf>COMPLETE//0000//002//CREDIT</AddtlNtryInf></Ntry><Ntry><Amt Ccy="GBP">100.00</Amt><CdtDbtInd>CRDT</CdtDbtInd><Sts>BOOK</Sts><BookgDt><Dt>2018-09-28</Dt></BookgDt><BkTxCd><Prtry><Cd>SIP UKBA CR 40269</Cd></Prtry></BkTxCd><TxDtls><Refs><EndToEndId>00151175632BBHZBVG</EndToEndId><TxId>00151175632BBHZBVG</TxId></Refs><RltdPties><Dbtr><Nm>NIMEE TIEMO</Nm></Dbtr><DbtrAcct><Id><PrtryAcct><Id>09012691225855</Id></PrtryAcct></Id></DbtrAcct><Cdtr><Nm>CLASSIC DIFFERE</Nm></Cdtr><CdtrAcct><Id><PrtryAcct><Id>23008200042452</Id></PrtryAcct></Id></CdtrAcct><Prtry><Tp>Event</Tp><Pty/></Prtry></RltdPties><RmtInf><Strd><AddtlRmtInf>NO REF</AddtlRmtInf></Strd><Strd><AddtlRmtInf>NIMEE TIEMO//Event</AddtlRmtInf></Strd></RmtInf><RltdDts><TxDtTm>2018-09-28T13:24:31</TxDtTm></RltdDts><AddtlTxInf>00151175632BBHZBVG1020180928826090126</AddtlTxInf></TxDtls><AddtlNtryInf>COMPLETE//0000//002//CREDIT</AddtlNtryInf></Ntry><Ntry><Amt Ccy="GBP">522.50</Amt><CdtDbtInd>CRDT</CdtDbtInd><Sts>BOOK</Sts><BookgDt><Dt>2018-09-28</Dt></BookgDt><BkTxCd><Prtry><Cd>SIP UKBA CR 40269</Cd></Prtry></BkTxCd><TxDtls><Refs><EndToEndId>NOREF</EndToEndId><TxId>RP4659985559130800</TxId></Refs><RltdPties><Dbtr><Nm>HAMILTON CROSS</Nm></Dbtr><DbtrAcct><Id><PrtryAcct><Id>20262073551709</Id></PrtryAcct></Id></DbtrAcct><Cdtr><Nm>ROLANDA HEALTHCARE</Nm></Cdtr><CdtrAcct><Id><PrtryAcct><Id>23008200222616</Id></PrtryAcct></Id></CdtrAcct><Prtry><Tp>INVOICE 24/09/18</Tp><Pty/></Prtry></RltdPties><RmtInf><Strd><AddtlRmtInf>NO REF</AddtlRmtInf></Strd><Strd><AddtlRmtInf>HAMILTON CROSS//INVOICE 24/09/18</AddtlRmtInf></Strd></RmtInf><RltdDts><TxDtTm>2018-09-28T13:26:39</TxDtTm></RltdDts><AddtlTxInf>RP46599855591308001020180928826200026</AddtlTxInf></TxDtls><AddtlNtryInf>COMPLETE//0000//002//CREDIT</AddtlNtryInf></Ntry><Ntry><Amt Ccy="GBP">20.00</Amt><CdtDbtInd>CRDT</CdtDbtInd><Sts>BOOK</Sts><BookgDt><Dt>2018-09-28</Dt></BookgDt><BkTxCd><Prtry><Cd>SIP UKBA CR 40269</Cd></Prtry></BkTxCd><TxDtls><Refs><EndToEndId>PPWD00000000AQU3DG</EndToEndId><TxId>PPWD00000000AQU3DG</TxId></Refs><RltdPties><Dbtr><Nm>PayPal</Nm><PstlAdr><AdrLine>2211 N 1st Street San Jose CA 95131</AdrLine><Ctry/></PstlAdr></Dbtr><DbtrAcct><Id><PrtryAcct><Id>23526278959595</Id></PrtryAcct></Id></DbtrAcct><Cdtr><Nm>Gregory White</Nm><PstlAdr><AdrLine>161 Sandy Lane</AdrLine><Ctry/></PstlAdr></Cdtr><CdtrAcct><Id><PrtryAcct><Id>23008200463903</Id></PrtryAcct></Id></CdtrAcct><Prtry><Tp>PPWDL55PJ2ALFCQ36A</Tp><Pty/></Prtry></RltdPties><RmtInf><Strd><RfrdDocInf><RfrdDocTp><Prtry>002</Prtry></RfrdDocTp></RfrdDocInf><AddtlRmtInf>NO REF</AddtlRmtInf></Strd><Strd><AddtlRmtInf>PayPal//PPWDL55PJ2ALFCQ36A</AddtlRmtInf></Strd></RmtInf><RltdDts><TxDtTm>2018-09-28T13:27:40</TxDtTm></RltdDts><AddtlTxInf>PPWD00000000AQU3DG1020180928826235262</AddtlTxInf></TxDtls><AddtlNtryInf>COMPLETE//0000//002//CREDIT</AddtlNtryInf></Ntry><Ntry><Amt Ccy="GBP">10.00</Amt><CdtDbtInd>CRDT</CdtDbtInd><Sts>BOOK</Sts><BookgDt><Dt>2018-09-28</Dt></BookgDt><BkTxCd><Prtry><Cd>SIP UKBA CR 40269</Cd></Prtry></BkTxCd><TxDtls><Refs><EndToEndId>000000FT182712TX31</EndToEndId><TxId>000000FT182712TX31</TxId></Refs><RltdPties><Dbtr><Nm>TRANSFERGO LTD</Nm><PstlAdr><AdrLine>ONE CANADA SQUARE LEVEL39;CANARY W;</AdrLine><AdrLine>HARF, LONDON</AdrLine><Ctry/></PstlAdr></Dbtr><DbtrAcct><Id><PrtryAcct><Id>23058019521303</Id></PrtryAcct></Id></DbtrAcct><Cdtr><Nm>MJ PROFESSIONAL BO</Nm><PstlAdr><AdrLine>WIRECARD;Newcastle Upon Tyne</AdrLine><Ctry/></PstlAdr></Cdtr><CdtrAcct><Id><PrtryAcct><Id>23008200033446</Id></PrtryAcct></Id></CdtrAcct><Prtry><Tp>Referral reward</Tp><Pty/></Prtry></RltdPties><RmtInf><Strd><AddtlRmtInf>NO REF</AddtlRmtInf></Strd><Strd><AddtlRmtInf>TRANSFERGO LTD//Referral reward</AddtlRmtInf></Strd></RmtInf><RltdDts><TxDtTm>2018-09-28T13:28:40</TxDtTm></RltdDts><AddtlTxInf>000000FT182712TX311020180928826230580</AddtlTxInf></TxDtls><AddtlNtryInf>COMPLETE//0000//002//CREDIT</AddtlNtryInf></Ntry></Ntfctn></BkToCstmrDbtCdtNtfctnV01></Document>