<?xml version="1.0" encoding="UTF-8"?><Document xmlns:xsi="http://www.w3.org/2001/XMLSchema-instance" xmlns="urn:iso:std:iso:20022:tech:xsd:camt.054.001.01"><BkToCstmrDbtCdtNtfctnV01><GrpHdr><MsgId>80309K//12862</MsgId><CreDtTm>2018-09-14T23:00:00</CreDtTm></GrpHdr><Ntfctn><Id>80309K//12862//1</Id><CreDtTm>2018-09-14T23:00:00</CreDtTm><Acct><Id><PrtryAcct><Id>20594233939774</Id></PrtryAcct></Id><Ccy>GBP</Ccy></Acct><TxsSummry><TtlNtries><NbOfNtries>7</NbOfNtries><Sum>1257.30</Sum></TtlNtries><TtlCdtNtries><NbOfNtries>7</NbOfNtries><Sum>1257.30</Sum></TtlCdtNtries><TtlDbtNtries><NbOfNtries>0</NbOfNtries><Sum>0.00</Sum></TtlDbtNtries></TxsSummry><Ntry><Amt Ccy="GBP">20.00</Amt><CdtDbtInd>CRDT</CdtDbtInd><Sts>BOOK</Sts><BookgDt><Dt>2018-09-17</Dt></BookgDt><BkTxCd><Prtry><Cd>SIP UKBA CR 40269</Cd></Prtry></BkTxCd><TxDtls><Refs><EndToEndId>NOREF</EndToEndId><TxId>RP4659984584016700</TxId></Refs><RltdPties><Dbtr><Nm>BLACKMORE P</Nm></Dbtr><DbtrAcct><Id><PrtryAcct><Id>20508293986020</Id></PrtryAcct></Id></DbtrAcct><Cdtr><Nm>ME</Nm></Cdtr><CdtrAcct><Id><PrtryAcct><Id>23008200393423</Id></PrtryAcct></Id></CdtrAcct><Prtry><Tp>ME</Tp><Pty/></Prtry></RltdPties><RmtInf><Strd><AddtlRmtInf>NO REF</AddtlRmtInf></Strd><Strd><AddtlRmtInf>BLACKMORE P//ME</AddtlRmtInf></Strd></RmtInf><RltdDts><TxDtTm>2018-09-14T22:34:41</TxDtTm></RltdDts><AddtlTxInf>RP46599845840167001020180914826200026</AddtlTxInf></TxDtls><AddtlNtryInf>COMPLETE//0000//003//CREDIT</AddtlNtryInf></Ntry><Ntry><Amt Ccy="GBP">6.00</Amt><CdtDbtInd>CRDT</CdtDbtInd><Sts>BOOK</Sts><BookgDt><Dt>2018-09-17</Dt></BookgDt><BkTxCd><Prtry><Cd>SIP UKBA CR 40269</Cd></Prtry></BkTxCd><TxDtls><Refs><EndToEndId>1010701001</EndToEndId><TxId>46223631212199000N</TxId><Prtry><Tp>STO REF</Tp><Ref>0000</Ref></Prtry></Refs><RltdPties><Dbtr><Nm>SMITH A</Nm></Dbtr><DbtrAcct><Id><PrtryAcct><Id>60062031365302</Id></PrtryAcct></Id></DbtrAcct><Cdtr><Nm>ALISON 1P CHALLENGE</Nm></Cdtr><CdtrAcct><Id><PrtryAcct><Id>23008200071909</Id></PrtryAcct></Id></CdtrAcct><Prtry><Tp>1010701001</Tp><Pty/></Prtry></RltdPties><RmtInf><Strd><AddtlRmtInf>SMITH A           1010701001        VIA MOBILE - LVP</AddtlRmtInf></Strd><Strd><AddtlRmtInf>SMITH A//1010701001</AddtlRmtInf></Strd></RmtInf><RltdDts><TxDtTm>2018-09-14T22:36:31</TxDtTm></RltdDts><AddtlTxInf>46223631212199000N1020180914826600620</AddtlTxInf></TxDtls><AddtlNtryInf>COMPLETE//0000//003//CREDIT</AddtlNtryInf></Ntry><Ntry><Amt Ccy="GBP">699.00</Amt><CdtDbtInd>CRDT</CdtDbtInd><Sts>BOOK</Sts><BookgDt><Dt>2018-09-17</Dt></BookgDt><BkTxCd><Prtry><Cd>SIP UKBA CR 40269</Cd></Prtry></BkTxCd><TxDtls><Refs><EndToEndId>NOREF</EndToEndId><TxId>200000000387236950</TxId></Refs><RltdPties><Dbtr><Nm>E Roberts</Nm></Dbtr><DbtrAcct><Id><PrtryAcct><Id>11060600808841</Id></PrtryAcct></Id></DbtrAcct><Cdtr><Nm>DETECTIVE AGENCY</Nm></Cdtr><CdtrAcct><Id><PrtryAcct><Id>23008200223382</Id></PrtryAcct></Id></CdtrAcct><Prtry><Tp>12743</Tp><Pty/></Prtry></RltdPties><RmtInf><Strd><AddtlRmtInf>NO REF</AddtlRmtInf></Strd><Strd><AddtlRmtInf>E Roberts//12743</AddtlRmtInf></Strd></RmtInf><RltdDts><TxDtTm>2018-09-14T22:48:44</TxDtTm></RltdDts><AddtlTxInf>2000000003872369501020180914826110606</AddtlTxInf></TxDtls><AddtlNtryInf>COMPLETE//0000//003//CREDIT</AddtlNtryInf></Ntry><Ntry><Amt Ccy="GBP">20.00</Amt><CdtDbtInd>CRDT</CdtDbtInd><Sts>BOOK</Sts><BookgDt><Dt>2018-09-17</Dt></BookgDt><BkTxCd><Prtry><Cd>SIP UKBA CR 40269</Cd></Prtry></BkTxCd><TxDtls><Refs><EndToEndId>COLLETTE</EndToEndId><TxId>42224925157099000N</TxId><Prtry><Tp>STO REF</Tp><Ref>0000</Ref></Prtry></Refs><RltdPties><Dbtr><Nm>O&apos;MAHONY CA</Nm></Dbtr><DbtrAcct><Id><PrtryAcct><Id>60204444582420</Id></PrtryAcct></Id></DbtrAcct><Cdtr><Nm>CALVIN SALIMU</Nm></Cdtr><CdtrAcct><Id><PrtryAcct><Id>23008200239269</Id></PrtryAcct></Id></CdtrAcct><Prtry><Tp>COLLETTE</Tp><Pty/></Prtry></RltdPties><RmtInf><Strd><AddtlRmtInf>O&apos;MAHONY CA       COLLETTE          VIA MOBILE - LVP</AddtlRmtInf></Strd><Strd><AddtlRmtInf>O&apos;MAHONY CA//COLLETTE</AddtlRmtInf></Strd></RmtInf><RltdDts><TxDtTm>2018-09-14T22:49:25</TxDtTm></RltdDts><AddtlTxInf>42224925157099000N1020180914826602044</AddtlTxInf></TxDtls><AddtlNtryInf>COMPLETE//0000//003//CREDIT</AddtlNtryInf></Ntry><Ntry><Amt Ccy="GBP">150.00</Amt><CdtDbtInd>CRDT</CdtDbtInd><Sts>BOOK</Sts><BookgDt><Dt>2018-09-17</Dt></BookgDt><BkTxCd><Prtry><Cd>SIP UKBA CR 40269</Cd></Prtry></BkTxCd><TxDtls><Refs><EndToEndId>NOREF</EndToEndId><TxId>100000000387245247</TxId></Refs><RltdPties><Dbtr><Nm>B Karem</Nm></Dbtr><DbtrAcct><Id><PrtryAcct><Id>77852740625860</Id></PrtryAcct></Id></DbtrAcct><Cdtr><Nm>MARTINS SENBERGS</Nm></Cdtr><CdtrAcct><Id><PrtryAcct><Id>23008200307426</Id></PrtryAcct></Id></CdtrAcct><Prtry><Tp>SALARY</Tp><Pty/></Prtry></RltdPties><RmtInf><Strd><AddtlRmtInf>NO REF</AddtlRmtInf></Strd><Strd><AddtlRmtInf>B Karem//SALARY</AddtlRmtInf></Strd></RmtInf><RltdDts><TxDtTm>2018-09-14T22:50:23</TxDtTm></RltdDts><AddtlTxInf>1000000003872452471020180914826778527</AddtlTxInf></TxDtls><AddtlNtryInf>COMPLETE//0000//003//CREDIT</AddtlNtryInf></Ntry><Ntry><Amt Ccy="GBP">2.30</Amt><CdtDbtInd>CRDT</CdtDbtInd><Sts>BOOK</Sts><BookgDt><Dt>2018-09-17</Dt></BookgDt><BkTxCd><Prtry><Cd>SIP UKBA CR 40269</Cd></Prtry></BkTxCd><TxDtls><Refs><EndToEndId>NOREF</EndToEndId><TxId>RP4679961424714200</TxId></Refs><RltdPties><Dbtr><Nm>JONES HARLEY DAV</Nm></Dbtr><DbtrAcct><Id><PrtryAcct><Id>20533383446727</Id></PrtryAcct></Id></DbtrAcct><Cdtr><Nm>H JONES</Nm></Cdtr><CdtrAcct><Id><PrtryAcct><Id>23008200330014</Id></PrtryAcct></Id></CdtrAcct><Prtry><Tp>BATTYU</Tp><Pty/></Prtry></RltdPties><RmtInf><Strd><AddtlRmtInf>NO REF</AddtlRmtInf></Strd><Strd><AddtlRmtInf>JONES HARLEY DAV//BATTYU</AddtlRmtInf></Strd></RmtInf><RltdDts><TxDtTm>2018-09-14T22:52:18</TxDtTm></RltdDts><AddtlTxInf>RP46799614247142001020180914826200026</AddtlTxInf></TxDtls><AddtlNtryInf>COMPLETE//0000//003//CREDIT</AddtlNtryInf></Ntry><Ntry><Amt Ccy="GBP">360.00</Amt><CdtDbtInd>CRDT</CdtDbtInd><Sts>BOOK</Sts><BookgDt><Dt>2018-09-17</Dt></BookgDt><BkTxCd><Prtry><Cd>SIP UKBA CR 40269</Cd></Prtry></BkTxCd><TxDtls><Refs><EndToEndId>NOREF</EndToEndId><TxId>FP18257O19888592</TxId></Refs><RltdPties><Dbtr><Nm>Newman Graham</Nm></Dbtr><DbtrAcct><Id><PrtryAcct><Id>07043625219669</Id></PrtryAcct></Id></DbtrAcct><Cdtr><Nm>MR GRAHAM NEWMAN</Nm></Cdtr><CdtrAcct><Id><PrtryAcct><Id>23008200307545</Id></PrtryAcct></Id></CdtrAcct><Prtry><Tp>GN</Tp><Pty/></Prtry></RltdPties><RmtInf><Strd><AddtlRmtInf>NO REF</AddtlRmtInf></Strd><Strd><AddtlRmtInf>Newman Graham//GN</AddtlRmtInf></Strd></RmtInf><RltdDts><TxDtTm>2018-09-14T22:59:34</TxDtTm></RltdDts><AddtlTxInf>FP18257O19888592  1020180914826070436</AddtlTxInf></TxDtls><AddtlNtryInf>COMPLETE//0000//003//CREDIT</AddtlNtryInf></Ntry></Ntfctn></BkToCstmrDbtCdtNtfctnV01></Document>