<?xml version="1.0" encoding="UTF-8"?><Document xmlns:xsi="http://www.w3.org/2001/XMLSchema-instance" xmlns="urn:iso:std:iso:20022:tech:xsd:camt.054.001.01"><BkToCstmrDbtCdtNtfctnV01><GrpHdr><MsgId>80309K//12998</MsgId><CreDtTm>2018-09-18T06:30:00</CreDtTm></GrpHdr><Ntfctn><Id>80309K//12998//1</Id><CreDtTm>2018-09-18T06:30:00</CreDtTm><Acct><Id><PrtryAcct><Id>20594233939774</Id></PrtryAcct></Id><Ccy>GBP</Ccy></Acct><TxsSummry><TtlNtries><NbOfNtries>2</NbOfNtries><Sum>67.50</Sum></TtlNtries><TtlCdtNtries><NbOfNtries>2</NbOfNtries><Sum>67.50</Sum></TtlCdtNtries><TtlDbtNtries><NbOfNtries>0</NbOfNtries><Sum>0.00</Sum></TtlDbtNtries></TxsSummry><Ntry><Amt Ccy="GBP">22.50</Amt><CdtDbtInd>CRDT</CdtDbtInd><Sts>BOOK</Sts><BookgDt><Dt>2018-09-18</Dt></BookgDt><BkTxCd><Prtry><Cd>SIP UKBA CR 40269</Cd></Prtry></BkTxCd><TxDtls><Refs><EndToEndId>PPWD00000000AO5D44</EndToEndId><TxId>PPWD00000000AO5D44</TxId></Refs><RltdPties><Dbtr><Nm>PayPal</Nm><PstlAdr><AdrLine>2211 N 1st Street San Jose CA 95131</AdrLine><Ctry/></PstlAdr></Dbtr><DbtrAcct><Id><PrtryAcct><Id>23526278959595</Id></PrtryAcct></Id></DbtrAcct><Cdtr><Nm>shaun rowley</Nm><PstlAdr><AdrLine>18 Chaucer Road</AdrLine><Ctry/></PstlAdr></Cdtr><CdtrAcct><Id><PrtryAcct><Id>23008200195443</Id></PrtryAcct></Id></CdtrAcct><Prtry><Tp>PPWDL5RP22AL6K2UXL</Tp><Pty/></Prtry></RltdPties><RmtInf><Strd><RfrdDocInf><RfrdDocTp><Prtry>002</Prtry></RfrdDocTp></RfrdDocInf><AddtlRmtInf>NO REF</AddtlRmtInf></Strd><Strd><AddtlRmtInf>PayPal//PPWDL5RP22AL6K2UXL</AddtlRmtInf></Strd></RmtInf><RltdDts><TxDtTm>2018-09-18T06:17:25</TxDtTm></RltdDts><AddtlTxInf>PPWD00000000AO5D441020180918826235262</AddtlTxInf></TxDtls><AddtlNtryInf>COMPLETE//0000//003//CREDIT</AddtlNtryInf></Ntry><Ntry><Amt Ccy="GBP">45.00</Amt><CdtDbtInd>CRDT</CdtDbtInd><Sts>BOOK</Sts><BookgDt><Dt>2018-09-18</Dt></BookgDt><BkTxCd><Prtry><Cd>SIP UKBA CR 40269</Cd></Prtry></BkTxCd><TxDtls><Refs><EndToEndId>00151071632BBKZWGJ</EndToEndId><TxId>00151071632BBKZWGJ</TxId></Refs><RltdPties><Dbtr><Nm>EMMANUEL IKWUAKO</Nm></Dbtr><DbtrAcct><Id><PrtryAcct><Id>09012889231855</Id></PrtryAcct></Id></DbtrAcct><Cdtr><Nm>JEDIDIAH G L LTD</Nm></Cdtr><CdtrAcct><Id><PrtryAcct><Id>23008200032558</Id></PrtryAcct></Id></CdtrAcct><Prtry><Tp>mr Emmanuel cargo</Tp><Pty/></Prtry></RltdPties><RmtInf><Strd><AddtlRmtInf>NO REF</AddtlRmtInf></Strd><Strd><AddtlRmtInf>EMMANUEL IKWUAKO//mr Emmanuel cargo</AddtlRmtInf></Strd></RmtInf><RltdDts><TxDtTm>2018-09-18T06:28:34</TxDtTm></RltdDts><AddtlTxInf>00151071632BBKZWGJ1020180918826090128</AddtlTxInf></TxDtls><AddtlNtryInf>COMPLETE//0000//003//CREDIT</AddtlNtryInf></Ntry></Ntfctn></BkToCstmrDbtCdtNtfctnV01></Document>