<?xml version="1.0" encoding="UTF-8"?><Document xmlns:xsi="http://www.w3.org/2001/XMLSchema-instance" xmlns="urn:iso:std:iso:20022:tech:xsd:camt.054.001.01"><BkToCstmrDbtCdtNtfctnV01><GrpHdr><MsgId>80309K//13114</MsgId><CreDtTm>2018-09-20T20:30:00</CreDtTm></GrpHdr><Ntfctn><Id>80309K//13114//1</Id><CreDtTm>2018-09-20T20:30:00</CreDtTm><Acct><Id><PrtryAcct><Id>20594233939774</Id></PrtryAcct></Id><Ccy>GBP</Ccy></Acct><TxsSummry><TtlNtries><NbOfNtries>7</NbOfNtries><Sum>680.24</Sum></TtlNtries><TtlCdtNtries><NbOfNtries>7</NbOfNtries><Sum>680.24</Sum></TtlCdtNtries><TtlDbtNtries><NbOfNtries>0</NbOfNtries><Sum>0.00</Sum></TtlDbtNtries></TxsSummry><Ntry><Amt Ccy="GBP">120.00</Amt><CdtDbtInd>CRDT</CdtDbtInd><Sts>BOOK</Sts><BookgDt><Dt>2018-09-21</Dt></BookgDt><BkTxCd><Prtry><Cd>SIP UKBA CR 40269</Cd></Prtry></BkTxCd><TxDtls><Refs><EndToEndId>NOREF</EndToEndId><TxId>RP4659984955289100</TxId></Refs><RltdPties><Dbtr><Nm>COSGROVE G</Nm></Dbtr><DbtrAcct><Id><PrtryAcct><Id>20108453124916</Id></PrtryAcct></Id></DbtrAcct><Cdtr><Nm>JENNIFER THOMAS</Nm></Cdtr><CdtrAcct><Id><PrtryAcct><Id>23008200100876</Id></PrtryAcct></Id></CdtrAcct><Prtry><Tp>WAGES</Tp><Pty/></Prtry></RltdPties><RmtInf><Strd><AddtlRmtInf>NO REF</AddtlRmtInf></Strd><Strd><AddtlRmtInf>COSGROVE G//WAGES</AddtlRmtInf></Strd></RmtInf><RltdDts><TxDtTm>2018-09-20T20:02:23</TxDtTm></RltdDts><AddtlTxInf>RP46599849552891001020180920826200026</AddtlTxInf></TxDtls><AddtlNtryInf>COMPLETE//0000//003//CREDIT</AddtlNtryInf></Ntry><Ntry><Amt Ccy="GBP">94.00</Amt><CdtDbtInd>CRDT</CdtDbtInd><Sts>BOOK</Sts><BookgDt><Dt>2018-09-21</Dt></BookgDt><BkTxCd><Prtry><Cd>SIP UKBA CR 40269</Cd></Prtry></BkTxCd><TxDtls><Refs><EndToEndId>PPWD00000000AOWG1Y</EndToEndId><TxId>PPWD00000000AOWG1Y</TxId></Refs><RltdPties><Dbtr><Nm>PayPal</Nm><PstlAdr><AdrLine>2211 N 1st Street San Jose CA 95131</AdrLine><Ctry/></PstlAdr></Dbtr><DbtrAcct><Id><PrtryAcct><Id>23526278959595</Id></PrtryAcct></Id></DbtrAcct><Cdtr><Nm>steve torney</Nm><PstlAdr><AdrLine>33 McGregor Avenue</AdrLine><Ctry/></PstlAdr></Cdtr><CdtrAcct><Id><PrtryAcct><Id>23008200451162</Id></PrtryAcct></Id></CdtrAcct><Prtry><Tp>PPWDL5BZ22AL647YE4</Tp><Pty/></Prtry></RltdPties><RmtInf><Strd><RfrdDocInf><RfrdDocTp><Prtry>002</Prtry></RfrdDocTp></RfrdDocInf><AddtlRmtInf>NO REF</AddtlRmtInf></Strd><Strd><AddtlRmtInf>PayPal//PPWDL5BZ22AL647YE4</AddtlRmtInf></Strd></RmtInf><RltdDts><TxDtTm>2018-09-20T20:06:26</TxDtTm></RltdDts><AddtlTxInf>PPWD00000000AOWG1Y1020180920826235262</AddtlTxInf></TxDtls><AddtlNtryInf>COMPLETE//0000//003//CREDIT</AddtlNtryInf></Ntry><Ntry><Amt Ccy="GBP">40.00</Amt><CdtDbtInd>CRDT</CdtDbtInd><Sts>BOOK</Sts><BookgDt><Dt>2018-09-21</Dt></BookgDt><BkTxCd><Prtry><Cd>SIP UKBA CR 40269</Cd></Prtry></BkTxCd><TxDtls><Refs><EndToEndId>NOREF</EndToEndId><TxId>400000000395216499</TxId></Refs><RltdPties><Dbtr><Nm>K Wilson</Nm></Dbtr><DbtrAcct><Id><PrtryAcct><Id>30674750696168</Id></PrtryAcct></Id></DbtrAcct><Cdtr><Nm>LYNSEY MSR</Nm></Cdtr><CdtrAcct><Id><PrtryAcct><Id>23008200212532</Id></PrtryAcct></Id></CdtrAcct></RltdPties><RmtInf><Strd><AddtlRmtInf>NO REF</AddtlRmtInf></Strd><Strd><AddtlRmtInf>K Wilson//</AddtlRmtInf></Strd></RmtInf><RltdDts><TxDtTm>2018-09-20T20:07:11</TxDtTm></RltdDts><AddtlTxInf>4000000003952164991020180920826306747</AddtlTxInf></TxDtls><AddtlNtryInf>COMPLETE//0000//003//CREDIT</AddtlNtryInf></Ntry><Ntry><Amt Ccy="GBP">90.00</Amt><CdtDbtInd>CRDT</CdtDbtInd><Sts>BOOK</Sts><BookgDt><Dt>2018-09-21</Dt></BookgDt><BkTxCd><Prtry><Cd>SIP UKBA CR 40269</Cd></Prtry></BkTxCd><TxDtls><Refs><EndToEndId>ARMIDA</EndToEndId><TxId>07200840185377000N</TxId><Prtry><Tp>STO REF</Tp><Ref>0000</Ref></Prtry></Refs><RltdPties><Dbtr><Nm>JURKSAITIENE A</Nm></Dbtr><DbtrAcct><Id><PrtryAcct><Id>54213829231027</Id></PrtryAcct></Id></DbtrAcct><Cdtr><Nm>MRS D TAMOSIUNIENE</Nm></Cdtr><CdtrAcct><Id><PrtryAcct><Id>23008200315689</Id></PrtryAcct></Id></CdtrAcct><Prtry><Tp>ARMIDA</Tp><Pty/></Prtry></RltdPties><RmtInf><Strd><AddtlRmtInf>JURKSAITIENE A    ARMIDA            VIA MOBILE - PYMT</AddtlRmtInf></Strd><Strd><AddtlRmtInf>JURKSAITIENE A//ARMIDA</AddtlRmtInf></Strd></RmtInf><RltdDts><TxDtTm>2018-09-20T20:08:40</TxDtTm></RltdDts><AddtlTxInf>07200840185377000N1020180920826542138</AddtlTxInf></TxDtls><AddtlNtryInf>COMPLETE//0000//003//CREDIT</AddtlNtryInf></Ntry><Ntry><Amt Ccy="GBP">3.00</Amt><CdtDbtInd>CRDT</CdtDbtInd><Sts>BOOK</Sts><BookgDt><Dt>2018-09-21</Dt></BookgDt><BkTxCd><Prtry><Cd>SIP UKBA CR 40269</Cd></Prtry></BkTxCd><TxDtls><Refs><EndToEndId>ME</EndToEndId><TxId>11201206160970000N</TxId><Prtry><Tp>STO REF</Tp><Ref>0000</Ref></Prtry></Refs><RltdPties><Dbtr><Nm>HILLIER AL</Nm></Dbtr><DbtrAcct><Id><PrtryAcct><Id>55612170091943</Id></PrtryAcct></Id></DbtrAcct><Cdtr><Nm>MASTERCARD 8241</Nm></Cdtr><CdtrAcct><Id><PrtryAcct><Id>23008200373363</Id></PrtryAcct></Id></CdtrAcct><Prtry><Tp>ME</Tp><Pty/></Prtry></RltdPties><RmtInf><Strd><AddtlRmtInf>HILLIER AL        ME                VIA MOBILE - LVP</AddtlRmtInf></Strd><Strd><AddtlRmtInf>HILLIER AL//ME</AddtlRmtInf></Strd></RmtInf><RltdDts><TxDtTm>2018-09-20T20:12:06</TxDtTm></RltdDts><AddtlTxInf>11201206160970000N1020180920826556121</AddtlTxInf></TxDtls><AddtlNtryInf>COMPLETE//0000//003//CREDIT</AddtlNtryInf></Ntry><Ntry><Amt Ccy="GBP">303.24</Amt><CdtDbtInd>CRDT</CdtDbtInd><Sts>BOOK</Sts><BookgDt><Dt>2018-09-21</Dt></BookgDt><BkTxCd><Prtry><Cd>SIP UKBA CR 40269</Cd></Prtry></BkTxCd><TxDtls><Refs><EndToEndId>NOREF</EndToEndId><TxId>43202456281368000N</TxId><Prtry><Tp>STO REF</Tp><Ref>0000</Ref></Prtry></Refs><RltdPties><Dbtr><Nm>IOACAR LTD</Nm><PstlAdr><AdrLine>UNIT 2 BRIDGEVIEW OFFICE PARK HULL;</AdrLine><AdrLine>HU47DW UNITED KINGDOM</AdrLine><Ctry/></PstlAdr></Dbtr><DbtrAcct><Id><PrtryAcct><Id>60837040034844</Id></PrtryAcct></Id></DbtrAcct><Cdtr><Nm>MR AARON VERNON</Nm></Cdtr><CdtrAcct><Id><PrtryAcct><Id>23008200391703</Id></PrtryAcct></Id></CdtrAcct><Prtry><Tp>WAGES 232182</Tp><Pty/></Prtry></RltdPties><RmtInf><Strd><AddtlRmtInf>WAGES 232182</AddtlRmtInf></Strd><Strd><AddtlRmtInf>IOACAR LTD//WAGES 232182</AddtlRmtInf></Strd></RmtInf><RltdDts><TxDtTm>2018-09-20T20:24:56</TxDtTm></RltdDts><AddtlTxInf>43202456281368000N1020180920826608370</AddtlTxInf></TxDtls><AddtlNtryInf>COMPLETE//0000//003//CREDIT</AddtlNtryInf></Ntry><Ntry><Amt Ccy="GBP">30.00</Amt><CdtDbtInd>CRDT</CdtDbtInd><Sts>BOOK</Sts><BookgDt><Dt>2018-09-21</Dt></BookgDt><BkTxCd><Prtry><Cd>SIP UKBA CR 40269</Cd></Prtry></BkTxCd><TxDtls><Refs><EndToEndId>00151543632BBDJCGM</EndToEndId><TxId>00151543632BBDJCGM</TxId></Refs><RltdPties><Dbtr><Nm>SHUKRI MOALIM</Nm></Dbtr><DbtrAcct><Id><PrtryAcct><Id>09012693916492</Id></PrtryAcct></Id></DbtrAcct><Cdtr><Nm>Mohamed shire</Nm></Cdtr><CdtrAcct><Id><PrtryAcct><Id>23008200191447</Id></PrtryAcct></Id></CdtrAcct><Prtry><Tp>shukri</Tp><Pty/></Prtry></RltdPties><RmtInf><Strd><AddtlRmtInf>NO REF</AddtlRmtInf></Strd><Strd><AddtlRmtInf>SHUKRI MOALIM//shukri</AddtlRmtInf></Strd></RmtInf><RltdDts><TxDtTm>2018-09-20T20:28:18</TxDtTm></RltdDts><AddtlTxInf>00151543632BBDJCGM1020180920826090126</AddtlTxInf></TxDtls><AddtlNtryInf>COMPLETE//0000//003//CREDIT</AddtlNtryInf></Ntry></Ntfctn></BkToCstmrDbtCdtNtfctnV01></Document>