<?xml version="1.0" encoding="UTF-8"?><Document xmlns:xsi="http://www.w3.org/2001/XMLSchema-instance" xmlns="urn:iso:std:iso:20022:tech:xsd:camt.054.001.01"><BkToCstmrDbtCdtNtfctnV01><GrpHdr><MsgId>80309K//12277</MsgId><CreDtTm>2018-09-01T13:30:00</CreDtTm></GrpHdr><Ntfctn><Id>80309K//12277//1</Id><CreDtTm>2018-09-01T13:30:00</CreDtTm><Acct><Id><PrtryAcct><Id>20594233939774</Id></PrtryAcct></Id><Ccy>GBP</Ccy></Acct><TxsSummry><TtlNtries><NbOfNtries>5</NbOfNtries><Sum>342.00</Sum></TtlNtries><TtlCdtNtries><NbOfNtries>5</NbOfNtries><Sum>342.00</Sum></TtlCdtNtries><TtlDbtNtries><NbOfNtries>0</NbOfNtries><Sum>0.00</Sum></TtlDbtNtries></TxsSummry><Ntry><Amt Ccy="GBP">36.00</Amt><CdtDbtInd>CRDT</CdtDbtInd><Sts>BOOK</Sts><BookgDt><Dt>2018-09-03</Dt></BookgDt><BkTxCd><Prtry><Cd>SIP UKBA CR 40269</Cd></Prtry></BkTxCd><TxDtls><Refs><EndToEndId>NOREF</EndToEndId><TxId>100000000383004008</TxId></Refs><RltdPties><Dbtr><Nm>P Adegbite</Nm></Dbtr><DbtrAcct><Id><PrtryAcct><Id>30987147074262</Id></PrtryAcct></Id></DbtrAcct><Cdtr><Nm>AZ</Nm></Cdtr><CdtrAcct><Id><PrtryAcct><Id>23008200425202</Id></PrtryAcct></Id></CdtrAcct></RltdPties><RmtInf><Strd><AddtlRmtInf>NO REF</AddtlRmtInf></Strd><Strd><AddtlRmtInf>P Adegbite//</AddtlRmtInf></Strd></RmtInf><RltdDts><TxDtTm>2018-09-01T13:01:24</TxDtTm></RltdDts><AddtlTxInf>1000000003830040081020180901826309871</AddtlTxInf></TxDtls><AddtlNtryInf>COMPLETE//0000//003//CREDIT</AddtlNtryInf></Ntry><Ntry><Amt Ccy="GBP">216.00</Amt><CdtDbtInd>CRDT</CdtDbtInd><Sts>BOOK</Sts><BookgDt><Dt>2018-09-03</Dt></BookgDt><BkTxCd><Prtry><Cd>SIP UKBA CR 40269</Cd></Prtry></BkTxCd><TxDtls><Refs><EndToEndId>NOREF</EndToEndId><TxId>RP4679960332922300</TxId></Refs><RltdPties><Dbtr><Nm>E+T CORRECT LTD</Nm></Dbtr><DbtrAcct><Id><PrtryAcct><Id>20735353432351</Id></PrtryAcct></Id></DbtrAcct><Cdtr><Nm>S SLAVCHEVA</Nm></Cdtr><CdtrAcct><Id><PrtryAcct><Id>23008200351628</Id></PrtryAcct></Id></CdtrAcct><Prtry><Tp>SUBCONTRACTOR</Tp><Pty/></Prtry></RltdPties><RmtInf><Strd><AddtlRmtInf>NO REF</AddtlRmtInf></Strd><Strd><AddtlRmtInf>E+T CORRECT LTD//SUBCONTRACTOR</AddtlRmtInf></Strd></RmtInf><RltdDts><TxDtTm>2018-09-01T13:03:21</TxDtTm></RltdDts><AddtlTxInf>RP46799603329223001020180901826200026</AddtlTxInf></TxDtls><AddtlNtryInf>COMPLETE//0000//003//CREDIT</AddtlNtryInf></Ntry><Ntry><Amt Ccy="GBP">10.00</Amt><CdtDbtInd>CRDT</CdtDbtInd><Sts>BOOK</Sts><BookgDt><Dt>2018-09-03</Dt></BookgDt><BkTxCd><Prtry><Cd>SIP UKBA CR 40269</Cd></Prtry></BkTxCd><TxDtls><Refs><EndToEndId>TERNOVYI OLEKSAN</EndToEndId><TxId>TW0000000038954560</TxId></Refs><RltdPties><Dbtr><Nm>Oleksandr Ternovyi TW</Nm></Dbtr><DbtrAcct><Id><PrtryAcct><Id>23147067215993</Id></PrtryAcct></Id></DbtrAcct><Cdtr><Nm>Ian Mcmillen</Nm></Cdtr><CdtrAcct><Id><PrtryAcct><Id>23008200425461</Id></PrtryAcct></Id></CdtrAcct><Prtry><Tp>TERNOVYI OLEKSAN</Tp><Pty/></Prtry></RltdPties><RmtInf><Strd><AddtlRmtInf>NO REF</AddtlRmtInf></Strd><Strd><AddtlRmtInf>Oleksandr Ternovyi//TERNOVYI OLEKSAN</AddtlRmtInf></Strd></RmtInf><RltdDts><TxDtTm>2018-09-01T13:16:39</TxDtTm></RltdDts><AddtlTxInf>TW00000000389545601020180901826231470</AddtlTxInf></TxDtls><AddtlNtryInf>COMPLETE//0000//003//CREDIT</AddtlNtryInf></Ntry><Ntry><Amt Ccy="GBP">25.00</Amt><CdtDbtInd>CRDT</CdtDbtInd><Sts>BOOK</Sts><BookgDt><Dt>2018-09-03</Dt></BookgDt><BkTxCd><Prtry><Cd>SIP UKBA CR 40269</Cd></Prtry></BkTxCd><TxDtls><Refs><EndToEndId>3 BILL</EndToEndId><TxId>06132124569004000N</TxId><Prtry><Tp>STO REF</Tp><Ref>0000</Ref></Prtry></Refs><RltdPties><Dbtr><Nm>POPAT AD</Nm></Dbtr><DbtrAcct><Id><PrtryAcct><Id>60101286122576</Id></PrtryAcct></Id></DbtrAcct><Cdtr><Nm>RONAK SONEJI</Nm></Cdtr><CdtrAcct><Id><PrtryAcct><Id>23008200022416</Id></PrtryAcct></Id></CdtrAcct><Prtry><Tp>3 BILL</Tp><Pty/></Prtry></RltdPties><RmtInf><Strd><AddtlRmtInf>POPAT AD          3 BILL            VIA MOBILE - LVP</AddtlRmtInf></Strd><Strd><AddtlRmtInf>POPAT AD//3 BILL</AddtlRmtInf></Strd></RmtInf><RltdDts><TxDtTm>2018-09-01T13:21:24</TxDtTm></RltdDts><AddtlTxInf>06132124569004000N1020180901826601012</AddtlTxInf></TxDtls><AddtlNtryInf>COMPLETE//0000//003//CREDIT</AddtlNtryInf></Ntry><Ntry><Amt Ccy="GBP">55.00</Amt><CdtDbtInd>CRDT</CdtDbtInd><Sts>BOOK</Sts><BookgDt><Dt>2018-09-03</Dt></BookgDt><BkTxCd><Prtry><Cd>SIP UKBA CR 40269</Cd></Prtry></BkTxCd><TxDtls><Refs><EndToEndId>NOREF</EndToEndId><TxId>300000000388317445</TxId></Refs><RltdPties><Dbtr><Nm>I Hagger</Nm></Dbtr><DbtrAcct><Id><PrtryAcct><Id>30876013124268</Id></PrtryAcct></Id></DbtrAcct><Cdtr><Nm>ESHAN GAUZEE</Nm></Cdtr><CdtrAcct><Id><PrtryAcct><Id>23008200425326</Id></PrtryAcct></Id></CdtrAcct><Prtry><Tp>SPONSOR</Tp><Pty/></Prtry></RltdPties><RmtInf><Strd><AddtlRmtInf>NO REF</AddtlRmtInf></Strd><Strd><AddtlRmtInf>I Hagger//SPONSOR</AddtlRmtInf></Strd></RmtInf><RltdDts><TxDtTm>2018-09-01T13:25:20</TxDtTm></RltdDts><AddtlTxInf>3000000003883174451020180901826308760</AddtlTxInf></TxDtls><AddtlNtryInf>COMPLETE//0000//003//CREDIT</AddtlNtryInf></Ntry></Ntfctn></BkToCstmrDbtCdtNtfctnV01></Document>