<?xml version="1.0" encoding="UTF-8"?><Document xmlns:xsi="http://www.w3.org/2001/XMLSchema-instance" xmlns="urn:iso:std:iso:20022:tech:xsd:camt.054.001.01"><BkToCstmrDbtCdtNtfctnV01><GrpHdr><MsgId>80309K//13181</MsgId><CreDtTm>2018-09-22T11:00:00</CreDtTm></GrpHdr><Ntfctn><Id>80309K//13181//1</Id><CreDtTm>2018-09-22T11:00:00</CreDtTm><Acct><Id><PrtryAcct><Id>20594233939774</Id></PrtryAcct></Id><Ccy>GBP</Ccy></Acct><TxsSummry><TtlNtries><NbOfNtries>4</NbOfNtries><Sum>102.00</Sum></TtlNtries><TtlCdtNtries><NbOfNtries>4</NbOfNtries><Sum>102.00</Sum></TtlCdtNtries><TtlDbtNtries><NbOfNtries>0</NbOfNtries><Sum>0.00</Sum></TtlDbtNtries></TxsSummry><Ntry><Amt Ccy="GBP">27.00</Amt><CdtDbtInd>CRDT</CdtDbtInd><Sts>BOOK</Sts><BookgDt><Dt>2018-09-24</Dt></BookgDt><BkTxCd><Prtry><Cd>SIP UKBA CR 40269</Cd></Prtry></BkTxCd><TxDtls><Refs><EndToEndId>PPWD00000000AP9JI0</EndToEndId><TxId>PPWD00000000AP9JI0</TxId></Refs><RltdPties><Dbtr><Nm>PayPal</Nm><PstlAdr><AdrLine>2211 N 1st Street San Jose CA 95131</AdrLine><Ctry/></PstlAdr></Dbtr><DbtrAcct><Id><PrtryAcct><Id>23526278959595</Id></PrtryAcct></Id></DbtrAcct><Cdtr><Nm>nicholas jones</Nm><PstlAdr><AdrLine>56 Harold Street</AdrLine><Ctry/></PstlAdr></Cdtr><CdtrAcct><Id><PrtryAcct><Id>23008200351123</Id></PrtryAcct></Id></CdtrAcct><Prtry><Tp>PPWDL4J322ALA7ZKYL</Tp><Pty/></Prtry></RltdPties><RmtInf><Strd><RfrdDocInf><RfrdDocTp><Prtry>002</Prtry></RfrdDocTp></RfrdDocInf><AddtlRmtInf>NO REF</AddtlRmtInf></Strd><Strd><AddtlRmtInf>PayPal//PPWDL4J322ALA7ZKYL</AddtlRmtInf></Strd></RmtInf><RltdDts><TxDtTm>2018-09-22T10:40:49</TxDtTm></RltdDts><AddtlTxInf>PPWD00000000AP9JI01020180922826235262</AddtlTxInf></TxDtls><AddtlNtryInf>COMPLETE//0000//003//CREDIT</AddtlNtryInf></Ntry><Ntry><Amt Ccy="GBP">20.00</Amt><CdtDbtInd>CRDT</CdtDbtInd><Sts>BOOK</Sts><BookgDt><Dt>2018-09-24</Dt></BookgDt><BkTxCd><Prtry><Cd>SIP UKBA CR 40269</Cd></Prtry></BkTxCd><TxDtls><Refs><EndToEndId>NOREF</EndToEndId><TxId>400000000395695497</TxId></Refs><RltdPties><Dbtr><Nm>K Eccles</Nm></Dbtr><DbtrAcct><Id><PrtryAcct><Id>30719862294768</Id></PrtryAcct></Id></DbtrAcct><Cdtr><Nm>KATIE ECCLES</Nm></Cdtr><CdtrAcct><Id><PrtryAcct><Id>23008200446554</Id></PrtryAcct></Id></CdtrAcct></RltdPties><RmtInf><Strd><AddtlRmtInf>NO REF</AddtlRmtInf></Strd><Strd><AddtlRmtInf>K Eccles//</AddtlRmtInf></Strd></RmtInf><RltdDts><TxDtTm>2018-09-22T10:42:57</TxDtTm></RltdDts><AddtlTxInf>4000000003956954971020180922826307198</AddtlTxInf></TxDtls><AddtlNtryInf>COMPLETE//0000//003//CREDIT</AddtlNtryInf></Ntry><Ntry><Amt Ccy="GBP">35.00</Amt><CdtDbtInd>CRDT</CdtDbtInd><Sts>BOOK</Sts><BookgDt><Dt>2018-09-24</Dt></BookgDt><BkTxCd><Prtry><Cd>SIP UKBA CR 40269</Cd></Prtry></BkTxCd><TxDtls><Refs><EndToEndId>PPWD00000000AP9MCC</EndToEndId><TxId>PPWD00000000AP9MCC</TxId></Refs><RltdPties><Dbtr><Nm>PayPal</Nm><PstlAdr><AdrLine>2211 N 1st Street San Jose CA 95131</AdrLine><Ctry/></PstlAdr></Dbtr><DbtrAcct><Id><PrtryAcct><Id>23526278959595</Id></PrtryAcct></Id></DbtrAcct><Cdtr><Nm>Stuart Thomson</Nm><PstlAdr><AdrLine>127 Simon Crescent</AdrLine><Ctry/></PstlAdr></Cdtr><CdtrAcct><Id><PrtryAcct><Id>23008200405502</Id></PrtryAcct></Id></CdtrAcct><Prtry><Tp>PPWDL45522ALA84V78</Tp><Pty/></Prtry></RltdPties><RmtInf><Strd><RfrdDocInf><RfrdDocTp><Prtry>002</Prtry></RfrdDocTp></RfrdDocInf><AddtlRmtInf>NO REF</AddtlRmtInf></Strd><Strd><AddtlRmtInf>PayPal//PPWDL45522ALA84V78</AddtlRmtInf></Strd></RmtInf><RltdDts><TxDtTm>2018-09-22T10:50:34</TxDtTm></RltdDts><AddtlTxInf>PPWD00000000AP9MCC1020180922826235262</AddtlTxInf></TxDtls><AddtlNtryInf>COMPLETE//0000//003//CREDIT</AddtlNtryInf></Ntry><Ntry><Amt Ccy="GBP">20.00</Amt><CdtDbtInd>CRDT</CdtDbtInd><Sts>BOOK</Sts><BookgDt><Dt>2018-09-24</Dt></BookgDt><BkTxCd><Prtry><Cd>SIP UKBA CR 40269</Cd></Prtry></BkTxCd><TxDtls><Refs><EndToEndId>NOREF</EndToEndId><TxId>300000000394548446</TxId></Refs><RltdPties><DbtrAcct><Id><PrtryAcct><Id>77140836208568</Id></PrtryAcct></Id></DbtrAcct><CdtrAcct><Id><PrtryAcct><Id>23008200338976</Id></PrtryAcct></Id></CdtrAcct><Prtry><Tp>FRM 77140836208568</Tp><Pty/></Prtry></RltdPties><RmtInf><Strd><AddtlRmtInf>NO REF</AddtlRmtInf></Strd><Strd><AddtlRmtInf>771408 36208568//FRM 77140836208568</AddtlRmtInf></Strd></RmtInf><RltdDts><TxDtTm>2018-09-22T10:56:29</TxDtTm></RltdDts><AddtlTxInf>3000000003945484461020180922826771408</AddtlTxInf></TxDtls><AddtlNtryInf>COMPLETE//0000//003//CREDIT</AddtlNtryInf></Ntry></Ntfctn></BkToCstmrDbtCdtNtfctnV01></Document>