<?xml version="1.0" encoding="UTF-8"?><Document xmlns:xsi="http://www.w3.org/2001/XMLSchema-instance" xmlns="urn:iso:std:iso:20022:tech:xsd:camt.054.001.01"><BkToCstmrDbtCdtNtfctnV01><GrpHdr><MsgId>80309K//13106</MsgId><CreDtTm>2018-09-20T16:30:00</CreDtTm></GrpHdr><Ntfctn><Id>80309K//13106//1</Id><CreDtTm>2018-09-20T16:30:00</CreDtTm><Acct><Id><PrtryAcct><Id>20594233939774</Id></PrtryAcct></Id><Ccy>GBP</Ccy></Acct><TxsSummry><TtlNtries><NbOfNtries>9</NbOfNtries><Sum>1468.91</Sum></TtlNtries><TtlCdtNtries><NbOfNtries>9</NbOfNtries><Sum>1468.91</Sum></TtlCdtNtries><TtlDbtNtries><NbOfNtries>0</NbOfNtries><Sum>0.00</Sum></TtlDbtNtries></TxsSummry><Ntry><Amt Ccy="GBP">10.00</Amt><CdtDbtInd>CRDT</CdtDbtInd><Sts>BOOK</Sts><BookgDt><Dt>2018-09-20</Dt></BookgDt><BkTxCd><Prtry><Cd>SIP UKBA CR 40269</Cd></Prtry></BkTxCd><TxDtls><Refs><EndToEndId>NOREF</EndToEndId><TxId>RP4679961819746800</TxId></Refs><RltdPties><Dbtr><Nm>SHOKOYA OB</Nm></Dbtr><DbtrAcct><Id><PrtryAcct><Id>20038420185981</Id></PrtryAcct></Id></DbtrAcct><Cdtr><Nm>J TAYLOR</Nm></Cdtr><CdtrAcct><Id><PrtryAcct><Id>23008200454439</Id></PrtryAcct></Id></CdtrAcct><Prtry><Tp>PETROL</Tp><Pty/></Prtry></RltdPties><RmtInf><Strd><AddtlRmtInf>NO REF</AddtlRmtInf></Strd><Strd><AddtlRmtInf>SHOKOYA OB//PETROL</AddtlRmtInf></Strd></RmtInf><RltdDts><TxDtTm>2018-09-20T16:02:19</TxDtTm></RltdDts><AddtlTxInf>RP46799618197468001020180920826200026</AddtlTxInf></TxDtls><AddtlNtryInf>COMPLETE//0000//002//CREDIT</AddtlNtryInf></Ntry><Ntry><Amt Ccy="GBP">200.32</Amt><CdtDbtInd>CRDT</CdtDbtInd><Sts>BOOK</Sts><BookgDt><Dt>2018-09-20</Dt></BookgDt><BkTxCd><Prtry><Cd>SIP UKBA CR 40269</Cd></Prtry></BkTxCd><TxDtls><Refs><EndToEndId>5531</EndToEndId><TxId>MF0069396130F44600</TxId></Refs><RltdPties><Dbtr><Nm>COGENT</Nm></Dbtr><DbtrAcct><Id><PrtryAcct><Id>20205373792846</Id></PrtryAcct></Id></DbtrAcct><Cdtr><Nm>T GASPAR</Nm></Cdtr><CdtrAcct><Id><PrtryAcct><Id>23008200120910</Id></PrtryAcct></Id></CdtrAcct><Prtry><Tp>5531</Tp><Pty/></Prtry></RltdPties><RmtInf><Strd><RfrdDocInf><RfrdDocTp><Prtry>002</Prtry></RfrdDocTp></RfrdDocInf><AddtlRmtInf>NO REF</AddtlRmtInf></Strd><Strd><AddtlRmtInf>COGENT//5531</AddtlRmtInf></Strd></RmtInf><RltdDts><TxDtTm>2018-09-20T16:07:39</TxDtTm></RltdDts><AddtlTxInf>MF0069396130F446001020180920826200000</AddtlTxInf></TxDtls><AddtlNtryInf>COMPLETE//0000//002//CREDIT</AddtlNtryInf></Ntry><Ntry><Amt Ccy="GBP">20.00</Amt><CdtDbtInd>CRDT</CdtDbtInd><Sts>BOOK</Sts><BookgDt><Dt>2018-09-20</Dt></BookgDt><BkTxCd><Prtry><Cd>SIP UKBA CR 40269</Cd></Prtry></BkTxCd><TxDtls><Refs><EndToEndId>NOREF</EndToEndId><TxId>600000000390074077</TxId></Refs><RltdPties><Dbtr><Nm>N Kanciova</Nm></Dbtr><DbtrAcct><Id><PrtryAcct><Id>11086312577762</Id></PrtryAcct></Id></DbtrAcct><Cdtr><Nm>PETER</Nm></Cdtr><CdtrAcct><Id><PrtryAcct><Id>23008200171289</Id></PrtryAcct></Id></CdtrAcct><Prtry><Tp>BROTHER P</Tp><Pty/></Prtry></RltdPties><RmtInf><Strd><AddtlRmtInf>NO REF</AddtlRmtInf></Strd><Strd><AddtlRmtInf>N Kanciova//BROTHER P</AddtlRmtInf></Strd></RmtInf><RltdDts><TxDtTm>2018-09-20T16:07:59</TxDtTm></RltdDts><AddtlTxInf>6000000003900740771020180920826110863</AddtlTxInf></TxDtls><AddtlNtryInf>COMPLETE//0000//002//CREDIT</AddtlNtryInf></Ntry><Ntry><Amt Ccy="GBP">950.58</Amt><CdtDbtInd>CRDT</CdtDbtInd><Sts>BOOK</Sts><BookgDt><Dt>2018-09-20</Dt></BookgDt><BkTxCd><Prtry><Cd>SIP UKBA CR 40269</Cd></Prtry></BkTxCd><TxDtls><Refs><EndToEndId>NOREF</EndToEndId><TxId>45161552245202000R</TxId><Prtry><Tp>STO REF</Tp><Ref>0000</Ref></Prtry></Refs><RltdPties><Dbtr><Nm>ENIX SERVICES LTD</Nm></Dbtr><DbtrAcct><Id><PrtryAcct><Id>16003812083367</Id></PrtryAcct></Id></DbtrAcct><Cdtr><Nm>OLUWABUMI LIMITED</Nm></Cdtr><CdtrAcct><Id><PrtryAcct><Id>23008200041760</Id></PrtryAcct></Id></CdtrAcct><Prtry><Tp>ENIX SERVICES LTD</Tp><Pty/></Prtry></RltdPties><RmtInf><Strd><AddtlRmtInf>ENIX SERVICES LTD</AddtlRmtInf></Strd><Strd><AddtlRmtInf>ENIX SERVICES LTD//ENIX SERVICES LTD</AddtlRmtInf></Strd></RmtInf><RltdDts><TxDtTm>2018-09-20T16:15:52</TxDtTm></RltdDts><AddtlTxInf>45161552245202000R1020180920826160038</AddtlTxInf></TxDtls><AddtlNtryInf>COMPLETE//0000//002//CREDIT</AddtlNtryInf></Ntry><Ntry><Amt Ccy="GBP">70.00</Amt><CdtDbtInd>CRDT</CdtDbtInd><Sts>BOOK</Sts><BookgDt><Dt>2018-09-20</Dt></BookgDt><BkTxCd><Prtry><Cd>SIP UKBA CR 40269</Cd></Prtry></BkTxCd><TxDtls><Refs><EndToEndId>NOREF</EndToEndId><TxId>400000000395158704</TxId></Refs><RltdPties><Dbtr><Nm>M Steen</Nm></Dbtr><DbtrAcct><Id><PrtryAcct><Id>77761220758468</Id></PrtryAcct></Id></DbtrAcct><Cdtr><Nm>MARK STEEN</Nm></Cdtr><CdtrAcct><Id><PrtryAcct><Id>23008200203563</Id></PrtryAcct></Id></CdtrAcct><Prtry><Tp>RYAN</Tp><Pty/></Prtry></RltdPties><RmtInf><Strd><AddtlRmtInf>NO REF</AddtlRmtInf></Strd><Strd><AddtlRmtInf>M Steen//RYAN</AddtlRmtInf></Strd></RmtInf><RltdDts><TxDtTm>2018-09-20T16:18:33</TxDtTm></RltdDts><AddtlTxInf>4000000003951587041020180920826777612</AddtlTxInf></TxDtls><AddtlNtryInf>COMPLETE//0000//002//CREDIT</AddtlNtryInf></Ntry><Ntry><Amt Ccy="GBP">30.00</Amt><CdtDbtInd>CRDT</CdtDbtInd><Sts>BOOK</Sts><BookgDt><Dt>2018-09-20</Dt></BookgDt><BkTxCd><Prtry><Cd>SIP UKBA CR 40269</Cd></Prtry></BkTxCd><TxDtls><Refs><EndToEndId>AGI SOLS</EndToEndId><TxId>56161933165730000N</TxId><Prtry><Tp>STO REF</Tp><Ref>0000</Ref></Prtry></Refs><RltdPties><Dbtr><Nm>AGI SOLICITORS LIM</Nm></Dbtr><DbtrAcct><Id><PrtryAcct><Id>01053139235831</Id></PrtryAcct></Id></DbtrAcct><Cdtr><Nm>LYDIA LOUISE BURNS</Nm></Cdtr><CdtrAcct><Id><PrtryAcct><Id>23008200218991</Id></PrtryAcct></Id></CdtrAcct><Prtry><Tp>AGI SOLS</Tp><Pty/></Prtry></RltdPties><RmtInf><Strd><AddtlRmtInf>AGI SOLICITORS LIMAGI SOLS          VIA MOBILE - PYMT</AddtlRmtInf></Strd><Strd><AddtlRmtInf>AGI SOLICITORS LIM//AGI SOLS</AddtlRmtInf></Strd></RmtInf><RltdDts><TxDtTm>2018-09-20T16:19:33</TxDtTm></RltdDts><AddtlTxInf>56161933165730000N1020180920826010531</AddtlTxInf></TxDtls><AddtlNtryInf>COMPLETE//0000//002//CREDIT</AddtlNtryInf></Ntry><Ntry><Amt Ccy="GBP">110.00</Amt><CdtDbtInd>CRDT</CdtDbtInd><Sts>BOOK</Sts><BookgDt><Dt>2018-09-20</Dt></BookgDt><BkTxCd><Prtry><Cd>SIP UKBA CR 40269</Cd></Prtry></BkTxCd><TxDtls><Refs><EndToEndId>PPWD00000000AOUF62</EndToEndId><TxId>PPWD00000000AOUF62</TxId></Refs><RltdPties><Dbtr><Nm>PayPal</Nm><PstlAdr><AdrLine>2211 N 1st Street San Jose CA 95131</AdrLine><Ctry/></PstlAdr></Dbtr><DbtrAcct><Id><PrtryAcct><Id>23526278959595</Id></PrtryAcct></Id></DbtrAcct><Cdtr><Nm>Abdulla Shahid</Nm></Cdtr><CdtrAcct><Id><PrtryAcct><Id>23008200437001</Id></PrtryAcct></Id></CdtrAcct><Prtry><Tp>PPWDL4V722AL7RRREL</Tp><Pty/></Prtry></RltdPties><RmtInf><Strd><RfrdDocInf><RfrdDocTp><Prtry>002</Prtry></RfrdDocTp></RfrdDocInf><AddtlRmtInf>NO REF</AddtlRmtInf></Strd><Strd><AddtlRmtInf>PayPal//PPWDL4V722AL7RRREL</AddtlRmtInf></Strd></RmtInf><RltdDts><TxDtTm>2018-09-20T16:21:43</TxDtTm></RltdDts><AddtlTxInf>PPWD00000000AOUF621020180920826235262</AddtlTxInf></TxDtls><AddtlNtryInf>COMPLETE//0000//002//CREDIT</AddtlNtryInf></Ntry><Ntry><Amt Ccy="GBP">20.00</Amt><CdtDbtInd>CRDT</CdtDbtInd><Sts>BOOK</Sts><BookgDt><Dt>2018-09-20</Dt></BookgDt><BkTxCd><Prtry><Cd>SIP UKBA CR 40269</Cd></Prtry></BkTxCd><TxDtls><Refs><EndToEndId>NOREF</EndToEndId><TxId>180920162554202338</TxId></Refs><RltdPties><Dbtr><Nm>Daniel Anderson</Nm></Dbtr><DbtrAcct><Id><PrtryAcct><Id>77682201288068</Id></PrtryAcct></Id></DbtrAcct><Cdtr><Nm>Daniel Howe</Nm></Cdtr><CdtrAcct><Id><PrtryAcct><Id>23008200211562</Id></PrtryAcct></Id></CdtrAcct></RltdPties><RmtInf><Strd><AddtlRmtInf>NO REF</AddtlRmtInf></Strd><Strd><AddtlRmtInf>Daniel Anderson//</AddtlRmtInf></Strd></RmtInf><RltdDts><TxDtTm>2018-09-20T16:25:51</TxDtTm></RltdDts><AddtlTxInf>1809201625542023381020180920826776822</AddtlTxInf></TxDtls><AddtlNtryInf>COMPLETE//0000//002//CREDIT</AddtlNtryInf></Ntry><Ntry><Amt Ccy="GBP">58.01</Amt><CdtDbtInd>CRDT</CdtDbtInd><Sts>BOOK</Sts><BookgDt><Dt>2018-09-20</Dt></BookgDt><BkTxCd><Prtry><Cd>SIP UKBA CR 40269</Cd></Prtry></BkTxCd><TxDtls><Refs><EndToEndId>00153425632BWCXLHH</EndToEndId><TxId>00153425632BWCXLHH</TxId></Refs><RltdPties><Dbtr><Nm>CATHAL BROWNE</Nm></Dbtr><DbtrAcct><Id><PrtryAcct><Id>09012915353076</Id></PrtryAcct></Id></DbtrAcct><Cdtr><Nm>MR CATHAL BROWNE</Nm></Cdtr><CdtrAcct><Id><PrtryAcct><Id>23008200073589</Id></PrtryAcct></Id></CdtrAcct><Prtry><Tp>cash</Tp><Pty/></Prtry></RltdPties><RmtInf><Strd><AddtlRmtInf>NO REF</AddtlRmtInf></Strd><Strd><AddtlRmtInf>CATHAL BROWNE//cash</AddtlRmtInf></Strd></RmtInf><RltdDts><TxDtTm>2018-09-20T16:27:30</TxDtTm></RltdDts><AddtlTxInf>00153425632BWCXLHH1020180920826090129</AddtlTxInf></TxDtls><AddtlNtryInf>COMPLETE//0000//002//CREDIT</AddtlNtryInf></Ntry></Ntfctn></BkToCstmrDbtCdtNtfctnV01></Document>