<?xml version="1.0" encoding="UTF-8"?><Document xmlns:xsi="http://www.w3.org/2001/XMLSchema-instance" xmlns="urn:iso:std:iso:20022:tech:xsd:camt.054.001.01"><BkToCstmrDbtCdtNtfctnV01><GrpHdr><MsgId>80309K//12758</MsgId><CreDtTm>2018-09-12T16:30:00</CreDtTm></GrpHdr><Ntfctn><Id>80309K//12758//1</Id><CreDtTm>2018-09-12T16:30:00</CreDtTm><Acct><Id><PrtryAcct><Id>20594233939774</Id></PrtryAcct></Id><Ccy>GBP</Ccy></Acct><TxsSummry><TtlNtries><NbOfNtries>8</NbOfNtries><Sum>1675.45</Sum></TtlNtries><TtlCdtNtries><NbOfNtries>8</NbOfNtries><Sum>1675.45</Sum></TtlCdtNtries><TtlDbtNtries><NbOfNtries>0</NbOfNtries><Sum>0.00</Sum></TtlDbtNtries></TxsSummry><Ntry><Amt Ccy="GBP">10.00</Amt><CdtDbtInd>CRDT</CdtDbtInd><Sts>BOOK</Sts><BookgDt><Dt>2018-09-12</Dt></BookgDt><BkTxCd><Prtry><Cd>SIP UKBA CR 40269</Cd></Prtry></BkTxCd><TxDtls><Refs><EndToEndId>NOREF</EndToEndId><TxId>400000000392949868</TxId></Refs><RltdPties><Dbtr><Nm>M Bolger</Nm></Dbtr><DbtrAcct><Id><PrtryAcct><Id>30989161064668</Id></PrtryAcct></Id></DbtrAcct><Cdtr><Nm>TADHG POWER</Nm></Cdtr><CdtrAcct><Id><PrtryAcct><Id>23008200293606</Id></PrtryAcct></Id></CdtrAcct><Prtry><Tp>LOAN</Tp><Pty/></Prtry></RltdPties><RmtInf><Strd><AddtlRmtInf>NO REF</AddtlRmtInf></Strd><Strd><AddtlRmtInf>M Bolger//LOAN</AddtlRmtInf></Strd></RmtInf><RltdDts><TxDtTm>2018-09-12T16:05:56</TxDtTm></RltdDts><AddtlTxInf>4000000003929498681020180912826309891</AddtlTxInf></TxDtls><AddtlNtryInf>COMPLETE//0000//002//CREDIT</AddtlNtryInf></Ntry><Ntry><Amt Ccy="GBP">60.00</Amt><CdtDbtInd>CRDT</CdtDbtInd><Sts>BOOK</Sts><BookgDt><Dt>2018-09-12</Dt></BookgDt><BkTxCd><Prtry><Cd>SIP UKBA CR 40269</Cd></Prtry></BkTxCd><TxDtls><Refs><EndToEndId>00151137632BBFFDVY</EndToEndId><TxId>00151137632BBFFDVY</TxId></Refs><RltdPties><Dbtr><Nm>AYSE AYDINLI</Nm></Dbtr><DbtrAcct><Id><PrtryAcct><Id>09012872107352</Id></PrtryAcct></Id></DbtrAcct><Cdtr><Nm>MRS A L AYDINLI</Nm></Cdtr><CdtrAcct><Id><PrtryAcct><Id>23008200025169</Id></PrtryAcct></Id></CdtrAcct><Prtry><Tp>ARRA</Tp><Pty/></Prtry></RltdPties><RmtInf><Strd><AddtlRmtInf>NO REF</AddtlRmtInf></Strd><Strd><AddtlRmtInf>AYSE AYDINLI//ARRA</AddtlRmtInf></Strd></RmtInf><RltdDts><TxDtTm>2018-09-12T16:06:25</TxDtTm></RltdDts><AddtlTxInf>00151137632BBFFDVY1020180912826090128</AddtlTxInf></TxDtls><AddtlNtryInf>COMPLETE//0000//002//CREDIT</AddtlNtryInf></Ntry><Ntry><Amt Ccy="GBP">11.45</Amt><CdtDbtInd>CRDT</CdtDbtInd><Sts>BOOK</Sts><BookgDt><Dt>2018-09-12</Dt></BookgDt><BkTxCd><Prtry><Cd>SIP UKBA CR 40269</Cd></Prtry></BkTxCd><TxDtls><Refs><EndToEndId>NOREF</EndToEndId><TxId>RP4659984395517000</TxId></Refs><RltdPties><Dbtr><Nm>KIMERA C</Nm></Dbtr><DbtrAcct><Id><PrtryAcct><Id>20615523355098</Id></PrtryAcct></Id></DbtrAcct><Cdtr><Nm>OLUWADAMILARE DADA</Nm></Cdtr><CdtrAcct><Id><PrtryAcct><Id>23008200049400</Id></PrtryAcct></Id></CdtrAcct><Prtry><Tp>MONEY</Tp><Pty/></Prtry></RltdPties><RmtInf><Strd><AddtlRmtInf>NO REF</AddtlRmtInf></Strd><Strd><AddtlRmtInf>KIMERA C//MONEY</AddtlRmtInf></Strd></RmtInf><RltdDts><TxDtTm>2018-09-12T16:07:01</TxDtTm></RltdDts><AddtlTxInf>RP46599843955170001020180912826200026</AddtlTxInf></TxDtls><AddtlNtryInf>COMPLETE//0000//002//CREDIT</AddtlNtryInf></Ntry><Ntry><Amt Ccy="GBP">110.00</Amt><CdtDbtInd>CRDT</CdtDbtInd><Sts>BOOK</Sts><BookgDt><Dt>2018-09-12</Dt></BookgDt><BkTxCd><Prtry><Cd>DCA UKBA CR 40269</Cd></Prtry></BkTxCd><TxDtls><Refs><EndToEndId>NOREF</EndToEndId><TxId>000000013549602801</TxId><Prtry><Tp>STO REF</Tp><Ref>0000</Ref></Prtry></Refs><RltdPties><Dbtr><Nm>23327202672254</Nm></Dbtr><DbtrAcct><Id><PrtryAcct><Id>20594263428524</Id></PrtryAcct></Id></DbtrAcct><Cdtr><Nm>DIGITAL MONSTER LT</Nm></Cdtr><CdtrAcct><Id><PrtryAcct><Id>23008200041167</Id></PrtryAcct></Id></CdtrAcct><Prtry><Tp>LAWT16</Tp><Pty/></Prtry></RltdPties><RmtInf><Strd><AddtlRmtInf>NO REF</AddtlRmtInf></Strd><Strd><AddtlRmtInf>23327202672254//LAWT16</AddtlRmtInf></Strd></RmtInf><RltdDts><TxDtTm>2018-09-12T16:16:54</TxDtTm></RltdDts><AddtlTxInf>0000000135496028015020180912826205942</AddtlTxInf></TxDtls><AddtlNtryInf>COMPLETE//0000//002//CREDIT</AddtlNtryInf></Ntry><Ntry><Amt Ccy="GBP">10.00</Amt><CdtDbtInd>CRDT</CdtDbtInd><Sts>BOOK</Sts><BookgDt><Dt>2018-09-12</Dt></BookgDt><BkTxCd><Prtry><Cd>DCA UKBA CR 40269</Cd></Prtry></BkTxCd><TxDtls><Refs><EndToEndId>NOREF</EndToEndId><TxId>000000013549635101</TxId><Prtry><Tp>STO REF</Tp><Ref>6844</Ref></Prtry></Refs><RltdPties><Dbtr><Nm>ISTVAN CSURAI</Nm></Dbtr><DbtrAcct><Id><PrtryAcct><Id>20035373152596</Id></PrtryAcct></Id></DbtrAcct><Cdtr><Nm>KATALIN CSONGOR2</Nm></Cdtr><CdtrAcct><Id><PrtryAcct><Id>23008200230699</Id></PrtryAcct></Id></CdtrAcct><Prtry><Tp>KATALIN CSONGOR</Tp><Pty/></Prtry></RltdPties><RmtInf><Strd><AddtlRmtInf>NO REF</AddtlRmtInf></Strd><Strd><AddtlRmtInf>ISTVAN CSURAI//KATALIN CSONGOR</AddtlRmtInf></Strd></RmtInf><RltdDts><TxDtTm>2018-09-12T16:22:28</TxDtTm></RltdDts><AddtlTxInf>0000000135496351015020180912826200353</AddtlTxInf></TxDtls><AddtlNtryInf>COMPLETE//0000//002//CREDIT</AddtlNtryInf></Ntry><Ntry><Amt Ccy="GBP">1104.00</Amt><CdtDbtInd>CRDT</CdtDbtInd><Sts>BOOK</Sts><BookgDt><Dt>2018-09-12</Dt></BookgDt><BkTxCd><Prtry><Cd>SIP UKBA CR 40269</Cd></Prtry></BkTxCd><TxDtls><Refs><EndToEndId>NOREF</EndToEndId><TxId>180912162635133304</TxId></Refs><RltdPties><Dbtr><Nm>Ayanate Briggs</Nm></Dbtr><DbtrAcct><Id><PrtryAcct><Id>30591130947360</Id></PrtryAcct></Id></DbtrAcct><Cdtr><Nm>M F links ltd</Nm></Cdtr><CdtrAcct><Id><PrtryAcct><Id>23008200035383</Id></PrtryAcct></Id></CdtrAcct></RltdPties><RmtInf><Strd><AddtlRmtInf>NO REF</AddtlRmtInf></Strd><Strd><AddtlRmtInf>Ayanate Briggs//</AddtlRmtInf></Strd></RmtInf><RltdDts><TxDtTm>2018-09-12T16:26:32</TxDtTm></RltdDts><AddtlTxInf>1809121626351333041020180912826305911</AddtlTxInf></TxDtls><AddtlNtryInf>COMPLETE//0000//002//CREDIT</AddtlNtryInf></Ntry><Ntry><Amt Ccy="GBP">350.00</Amt><CdtDbtInd>CRDT</CdtDbtInd><Sts>BOOK</Sts><BookgDt><Dt>2018-09-12</Dt></BookgDt><BkTxCd><Prtry><Cd>SIP UKBA CR 40269</Cd></Prtry></BkTxCd><TxDtls><Refs><EndToEndId>FEES ND TOUR</EndToEndId><TxId>33162641019872000N</TxId><Prtry><Tp>STO REF</Tp><Ref>0000</Ref></Prtry></Refs><RltdPties><Dbtr><Nm>OMATSEYE GJ</Nm></Dbtr><DbtrAcct><Id><PrtryAcct><Id>56004538479311</Id></PrtryAcct></Id></DbtrAcct><Cdtr><Nm>MR I ALWEKHOE</Nm></Cdtr><CdtrAcct><Id><PrtryAcct><Id>23008200358655</Id></PrtryAcct></Id></CdtrAcct><Prtry><Tp>FEES ND TOUR</Tp><Pty/></Prtry></RltdPties><RmtInf><Strd><AddtlRmtInf>OMATSEYE GJ       FEES ND TOUR      VIA MOBILE - PYMT</AddtlRmtInf></Strd><Strd><AddtlRmtInf>OMATSEYE GJ//FEES ND TOUR</AddtlRmtInf></Strd></RmtInf><RltdDts><TxDtTm>2018-09-12T16:26:41</TxDtTm></RltdDts><AddtlTxInf>33162641019872000N1020180912826560045</AddtlTxInf></TxDtls><AddtlNtryInf>COMPLETE//0000//002//CREDIT</AddtlNtryInf></Ntry><Ntry><Amt Ccy="GBP">20.00</Amt><CdtDbtInd>CRDT</CdtDbtInd><Sts>BOOK</Sts><BookgDt><Dt>2018-09-12</Dt></BookgDt><BkTxCd><Prtry><Cd>SIP UKBA CR 40269</Cd></Prtry></BkTxCd><TxDtls><Refs><EndToEndId>NOREF</EndToEndId><TxId>600000000387874080</TxId></Refs><RltdPties><Dbtr><Nm>S Zafer</Nm></Dbtr><DbtrAcct><Id><PrtryAcct><Id>11045410617961</Id></PrtryAcct></Id></DbtrAcct><Cdtr><Nm>MARTINA</Nm></Cdtr><CdtrAcct><Id><PrtryAcct><Id>23008200247840</Id></PrtryAcct></Id></CdtrAcct><Prtry><Tp>BORROW GROCERY</Tp><Pty/></Prtry></RltdPties><RmtInf><Strd><AddtlRmtInf>NO REF</AddtlRmtInf></Strd><Strd><AddtlRmtInf>S Zafer//BORROW GROCERY</AddtlRmtInf></Strd></RmtInf><RltdDts><TxDtTm>2018-09-12T16:26:43</TxDtTm></RltdDts><AddtlTxInf>6000000003878740801020180912826110454</AddtlTxInf></TxDtls><AddtlNtryInf>COMPLETE//0000//002//CREDIT</AddtlNtryInf></Ntry></Ntfctn></BkToCstmrDbtCdtNtfctnV01></Document>