<?xml version="1.0" encoding="UTF-8"?><Document xmlns:xsi="http://www.w3.org/2001/XMLSchema-instance" xmlns="urn:iso:std:iso:20022:tech:xsd:camt.054.001.01"><BkToCstmrDbtCdtNtfctnV01><GrpHdr><MsgId>80309K//12940</MsgId><CreDtTm>2018-09-16T22:00:00</CreDtTm></GrpHdr><Ntfctn><Id>80309K//12940//1</Id><CreDtTm>2018-09-16T22:00:00</CreDtTm><Acct><Id><PrtryAcct><Id>20594233939774</Id></PrtryAcct></Id><Ccy>GBP</Ccy></Acct><TxsSummry><TtlNtries><NbOfNtries>3</NbOfNtries><Sum>875.22</Sum></TtlNtries><TtlCdtNtries><NbOfNtries>3</NbOfNtries><Sum>875.22</Sum></TtlCdtNtries><TtlDbtNtries><NbOfNtries>0</NbOfNtries><Sum>0.00</Sum></TtlDbtNtries></TxsSummry><Ntry><Amt Ccy="GBP">10.00</Amt><CdtDbtInd>CRDT</CdtDbtInd><Sts>BOOK</Sts><BookgDt><Dt>2018-09-17</Dt></BookgDt><BkTxCd><Prtry><Cd>SIP UKBA CR 40269</Cd></Prtry></BkTxCd><TxDtls><Refs><EndToEndId>NOREF</EndToEndId><TxId>RP4679961539506900</TxId></Refs><RltdPties><Dbtr><Nm>ARONU K</Nm></Dbtr><DbtrAcct><Id><PrtryAcct><Id>20270570834726</Id></PrtryAcct></Id></DbtrAcct><Cdtr><Nm>JOHN BRADY</Nm></Cdtr><CdtrAcct><Id><PrtryAcct><Id>23008200449389</Id></PrtryAcct></Id></CdtrAcct><Prtry><Tp>BRADY</Tp><Pty/></Prtry></RltdPties><RmtInf><Strd><AddtlRmtInf>NO REF</AddtlRmtInf></Strd><Strd><AddtlRmtInf>ARONU K//BRADY</AddtlRmtInf></Strd></RmtInf><RltdDts><TxDtTm>2018-09-16T21:30:08</TxDtTm></RltdDts><AddtlTxInf>RP46799615395069001020180916826200026</AddtlTxInf></TxDtls><AddtlNtryInf>COMPLETE//0000//003//CREDIT</AddtlNtryInf></Ntry><Ntry><Amt Ccy="GBP">14.00</Amt><CdtDbtInd>CRDT</CdtDbtInd><Sts>BOOK</Sts><BookgDt><Dt>2018-09-17</Dt></BookgDt><BkTxCd><Prtry><Cd>SIP UKBA CR 40269</Cd></Prtry></BkTxCd><TxDtls><Refs><EndToEndId>PPWD00000000ANTKNC</EndToEndId><TxId>PPWD00000000ANTKNC</TxId></Refs><RltdPties><Dbtr><Nm>PayPal</Nm><PstlAdr><AdrLine>2211 N 1st Street San Jose CA 95131</AdrLine><Ctry/></PstlAdr></Dbtr><DbtrAcct><Id><PrtryAcct><Id>23526278959595</Id></PrtryAcct></Id></DbtrAcct><Cdtr><Nm>Nicholas Jones</Nm><PstlAdr><AdrLine>56, HAROLD STREET</AdrLine><Ctry/></PstlAdr></Cdtr><CdtrAcct><Id><PrtryAcct><Id>23008200351123</Id></PrtryAcct></Id></CdtrAcct><Prtry><Tp>PPWDL4D422AL5A76LY</Tp><Pty/></Prtry></RltdPties><RmtInf><Strd><RfrdDocInf><RfrdDocTp><Prtry>002</Prtry></RfrdDocTp></RfrdDocInf><AddtlRmtInf>NO REF</AddtlRmtInf></Strd><Strd><AddtlRmtInf>PayPal//PPWDL4D422AL5A76LY</AddtlRmtInf></Strd></RmtInf><RltdDts><TxDtTm>2018-09-16T21:47:14</TxDtTm></RltdDts><AddtlTxInf>PPWD00000000ANTKNC1020180916826235262</AddtlTxInf></TxDtls><AddtlNtryInf>COMPLETE//0000//003//CREDIT</AddtlNtryInf></Ntry><Ntry><Amt Ccy="GBP">851.22</Amt><CdtDbtInd>CRDT</CdtDbtInd><Sts>BOOK</Sts><BookgDt><Dt>2018-09-17</Dt></BookgDt><BkTxCd><Prtry><Cd>SIP UKBA CR 40269</Cd></Prtry></BkTxCd><TxDtls><Refs><EndToEndId>NOREF</EndToEndId><TxId>74932343751264F5SW</TxId><Prtry><Tp>STO REF</Tp><Ref>0000</Ref></Prtry></Refs><RltdPties><Dbtr><Nm>RELISH (POTTERS BAR) LTD</Nm><PstlAdr><AdrLine>27 OAKWOOD CRESCENT;WINCHMORE HILL;</AdrLine><AdrLine>LONDON</AdrLine><Ctry/></PstlAdr></Dbtr><DbtrAcct><Id><PrtryAcct><Id>40637736289011</Id></PrtryAcct></Id></DbtrAcct><Cdtr><Nm>G BAKER</Nm></Cdtr><CdtrAcct><Id><PrtryAcct><Id>23008200131487</Id></PrtryAcct></Id></CdtrAcct><Prtry><Tp>AUG 2018 SALARY</Tp><Pty/></Prtry></RltdPties><RmtInf><Strd><AddtlRmtInf>NO REF</AddtlRmtInf></Strd><Strd><AddtlRmtInf>RELISH (POTTERS BA//AUG 2018 SALARY</AddtlRmtInf></Strd></RmtInf><RltdDts><TxDtTm>2018-09-16T21:57:35</TxDtTm></RltdDts><AddtlTxInf>74932343751264F5SW1020180916826400250</AddtlTxInf></TxDtls><AddtlNtryInf>COMPLETE//0000//003//CREDIT</AddtlNtryInf></Ntry></Ntfctn></BkToCstmrDbtCdtNtfctnV01></Document>