<?xml version="1.0" encoding="UTF-8"?><Document xmlns:xsi="http://www.w3.org/2001/XMLSchema-instance" xmlns="urn:iso:std:iso:20022:tech:xsd:camt.054.001.01"><BkToCstmrDbtCdtNtfctnV01><GrpHdr><MsgId>80309K//12510</MsgId><CreDtTm>2018-09-06T19:00:00</CreDtTm></GrpHdr><Ntfctn><Id>80309K//12510//1</Id><CreDtTm>2018-09-06T19:00:00</CreDtTm><Acct><Id><PrtryAcct><Id>20594233939774</Id></PrtryAcct></Id><Ccy>GBP</Ccy></Acct><TxsSummry><TtlNtries><NbOfNtries>9</NbOfNtries><Sum>819.61</Sum></TtlNtries><TtlCdtNtries><NbOfNtries>9</NbOfNtries><Sum>819.61</Sum></TtlCdtNtries><TtlDbtNtries><NbOfNtries>0</NbOfNtries><Sum>0.00</Sum></TtlDbtNtries></TxsSummry><Ntry><Amt Ccy="GBP">40.00</Amt><CdtDbtInd>CRDT</CdtDbtInd><Sts>BOOK</Sts><BookgDt><Dt>2018-09-07</Dt></BookgDt><BkTxCd><Prtry><Cd>SIP UKBA CR 40269</Cd></Prtry></BkTxCd><TxDtls><Refs><EndToEndId>NOREF</EndToEndId><TxId>300000000390227681</TxId></Refs><RltdPties><Dbtr><Nm>R Young</Nm></Dbtr><DbtrAcct><Id><PrtryAcct><Id>11522601702463</Id></PrtryAcct></Id></DbtrAcct><Cdtr><Nm>ROBIN YOUNG</Nm></Cdtr><CdtrAcct><Id><PrtryAcct><Id>23008200045647</Id></PrtryAcct></Id></CdtrAcct><Prtry><Tp>ROBIN</Tp><Pty/></Prtry></RltdPties><RmtInf><Strd><AddtlRmtInf>NO REF</AddtlRmtInf></Strd><Strd><AddtlRmtInf>R Young//ROBIN</AddtlRmtInf></Strd></RmtInf><RltdDts><TxDtTm>2018-09-06T18:30:48</TxDtTm></RltdDts><AddtlTxInf>3000000003902276811020180906826115226</AddtlTxInf></TxDtls><AddtlNtryInf>COMPLETE//0000//003//CREDIT</AddtlNtryInf></Ntry><Ntry><Amt Ccy="GBP">8.00</Amt><CdtDbtInd>CRDT</CdtDbtInd><Sts>BOOK</Sts><BookgDt><Dt>2018-09-07</Dt></BookgDt><BkTxCd><Prtry><Cd>SIP UKBA CR 40269</Cd></Prtry></BkTxCd><TxDtls><Refs><EndToEndId>PPWD00000000ALCEXU</EndToEndId><TxId>PPWD00000000ALCEXU</TxId></Refs><RltdPties><Dbtr><Nm>PayPal</Nm><PstlAdr><AdrLine>2211 N 1st Street San Jose CA 95131</AdrLine><Ctry/></PstlAdr></Dbtr><DbtrAcct><Id><PrtryAcct><Id>23526278959595</Id></PrtryAcct></Id></DbtrAcct><Cdtr><Nm>James Jenkins</Nm><PstlAdr><AdrLine>infinity alliance, hallfieldgate la</AdrLine><AdrLine>ne</AdrLine><Ctry/></PstlAdr></Cdtr><CdtrAcct><Id><PrtryAcct><Id>23008200331047</Id></PrtryAcct></Id></CdtrAcct><Prtry><Tp>PPWDL4H922AKURBQZA</Tp><Pty/></Prtry></RltdPties><RmtInf><Strd><RfrdDocInf><RfrdDocTp><Prtry>002</Prtry></RfrdDocTp></RfrdDocInf><AddtlRmtInf>NO REF</AddtlRmtInf></Strd><Strd><AddtlRmtInf>PayPal//PPWDL4H922AKURBQZA</AddtlRmtInf></Strd></RmtInf><RltdDts><TxDtTm>2018-09-06T18:34:59</TxDtTm></RltdDts><AddtlTxInf>PPWD00000000ALCEXU1020180906826235262</AddtlTxInf></TxDtls><AddtlNtryInf>COMPLETE//0000//003//CREDIT</AddtlNtryInf></Ntry><Ntry><Amt Ccy="GBP">580.83</Amt><CdtDbtInd>CRDT</CdtDbtInd><Sts>BOOK</Sts><BookgDt><Dt>2018-09-07</Dt></BookgDt><BkTxCd><Prtry><Cd>SIP UKBA CR 40269</Cd></Prtry></BkTxCd><TxDtls><Refs><EndToEndId>NOREF</EndToEndId><TxId>19183735742134000R</TxId><Prtry><Tp>STO REF</Tp><Ref>0000</Ref></Prtry></Refs><RltdPties><Dbtr><Nm>ENIX SERVICES LTD</Nm></Dbtr><DbtrAcct><Id><PrtryAcct><Id>16003812083367</Id></PrtryAcct></Id></DbtrAcct><Cdtr><Nm>OLUWABUMI LIMITED</Nm></Cdtr><CdtrAcct><Id><PrtryAcct><Id>23008200041760</Id></PrtryAcct></Id></CdtrAcct><Prtry><Tp>ENIX SERVICES LTD</Tp><Pty/></Prtry></RltdPties><RmtInf><Strd><AddtlRmtInf>ENIX SERVICES LTD</AddtlRmtInf></Strd><Strd><AddtlRmtInf>ENIX SERVICES LTD//ENIX SERVICES LTD</AddtlRmtInf></Strd></RmtInf><RltdDts><TxDtTm>2018-09-06T18:37:36</TxDtTm></RltdDts><AddtlTxInf>19183735742134000R1020180906826160038</AddtlTxInf></TxDtls><AddtlNtryInf>COMPLETE//0000//003//CREDIT</AddtlNtryInf></Ntry><Ntry><Amt Ccy="GBP">20.00</Amt><CdtDbtInd>CRDT</CdtDbtInd><Sts>BOOK</Sts><BookgDt><Dt>2018-09-07</Dt></BookgDt><BkTxCd><Prtry><Cd>SIP UKBA CR 40269</Cd></Prtry></BkTxCd><TxDtls><Refs><EndToEndId>NOREF</EndToEndId><TxId>000000000127387273</TxId></Refs><RltdPties><Dbtr><Nm>MR L A NEED</Nm></Dbtr><DbtrAcct><Id><PrtryAcct><Id>08910314185050</Id></PrtryAcct></Id></DbtrAcct><Cdtr><Nm>MR L NEED SAVING</Nm></Cdtr><CdtrAcct><Id><PrtryAcct><Id>23008200338418</Id></PrtryAcct></Id></CdtrAcct></RltdPties><RmtInf><Strd><AddtlRmtInf>NO REF</AddtlRmtInf></Strd><Strd><AddtlRmtInf>MR L A NEED//</AddtlRmtInf></Strd></RmtInf><RltdDts><TxDtTm>2018-09-06T18:47:56</TxDtTm></RltdDts><AddtlTxInf>0000000001273872731020180906826089103</AddtlTxInf></TxDtls><AddtlNtryInf>COMPLETE//0000//003//CREDIT</AddtlNtryInf></Ntry><Ntry><Amt Ccy="GBP">10.00</Amt><CdtDbtInd>CRDT</CdtDbtInd><Sts>BOOK</Sts><BookgDt><Dt>2018-09-07</Dt></BookgDt><BkTxCd><Prtry><Cd>SIP UKBA CR 40269</Cd></Prtry></BkTxCd><TxDtls><Refs><EndToEndId>00151095632BBKJGBN</EndToEndId><TxId>00151095632BBKJGBN</TxId></Refs><RltdPties><Dbtr><Nm>ANDREW SMITH</Nm></Dbtr><DbtrAcct><Id><PrtryAcct><Id>09012856085526</Id></PrtryAcct></Id></DbtrAcct><Cdtr><Nm>ANDREW</Nm></Cdtr><CdtrAcct><Id><PrtryAcct><Id>23008200383926</Id></PrtryAcct></Id></CdtrAcct><Prtry><Tp>andy</Tp><Pty/></Prtry></RltdPties><RmtInf><Strd><AddtlRmtInf>NO REF</AddtlRmtInf></Strd><Strd><AddtlRmtInf>ANDREW SMITH//andy</AddtlRmtInf></Strd></RmtInf><RltdDts><TxDtTm>2018-09-06T18:49:29</TxDtTm></RltdDts><AddtlTxInf>00151095632BBKJGBN1020180906826090128</AddtlTxInf></TxDtls><AddtlNtryInf>COMPLETE//0000//003//CREDIT</AddtlNtryInf></Ntry><Ntry><Amt Ccy="GBP">10.00</Amt><CdtDbtInd>CRDT</CdtDbtInd><Sts>BOOK</Sts><BookgDt><Dt>2018-09-07</Dt></BookgDt><BkTxCd><Prtry><Cd>SIP UKBA CR 40269</Cd></Prtry></BkTxCd><TxDtls><Refs><EndToEndId>DIANNA</EndToEndId><TxId>13185517879306000N</TxId><Prtry><Tp>STO REF</Tp><Ref>0000</Ref></Prtry></Refs><RltdPties><Dbtr><Nm>CAZACU D</Nm></Dbtr><DbtrAcct><Id><PrtryAcct><Id>60190223287748</Id></PrtryAcct></Id></DbtrAcct><Cdtr><Nm>MISS LAURA EWART</Nm></Cdtr><CdtrAcct><Id><PrtryAcct><Id>23008200387123</Id></PrtryAcct></Id></CdtrAcct><Prtry><Tp>DIANNA</Tp><Pty/></Prtry></RltdPties><RmtInf><Strd><AddtlRmtInf>CAZACU D          DIANNA            VIA MOBILE - LVP</AddtlRmtInf></Strd><Strd><AddtlRmtInf>CAZACU D//DIANNA</AddtlRmtInf></Strd></RmtInf><RltdDts><TxDtTm>2018-09-06T18:55:18</TxDtTm></RltdDts><AddtlTxInf>13185517879306000N1020180906826601902</AddtlTxInf></TxDtls><AddtlNtryInf>COMPLETE//0000//003//CREDIT</AddtlNtryInf></Ntry><Ntry><Amt Ccy="GBP">0.78</Amt><CdtDbtInd>CRDT</CdtDbtInd><Sts>BOOK</Sts><BookgDt><Dt>2018-09-07</Dt></BookgDt><BkTxCd><Prtry><Cd>SIP UKBA CR 40269</Cd></Prtry></BkTxCd><TxDtls><Refs><EndToEndId>NOREF</EndToEndId><TxId>600000000386301253</TxId></Refs><RltdPties><Dbtr><Nm>D Williamson</Nm></Dbtr><DbtrAcct><Id><PrtryAcct><Id>80132807452698</Id></PrtryAcct></Id></DbtrAcct><Cdtr><Nm>DONNA WILLIAMSON</Nm></Cdtr><CdtrAcct><Id><PrtryAcct><Id>23008200414674</Id></PrtryAcct></Id></CdtrAcct><Prtry><Tp>DONNA WILLIAMSON</Tp><Pty/></Prtry></RltdPties><RmtInf><Strd><AddtlRmtInf>NO REF</AddtlRmtInf></Strd><Strd><AddtlRmtInf>D Williamson//DONNA WILLIAMSON</AddtlRmtInf></Strd></RmtInf><RltdDts><TxDtTm>2018-09-06T18:55:48</TxDtTm></RltdDts><AddtlTxInf>6000000003863012531020180906826801328</AddtlTxInf></TxDtls><AddtlNtryInf>COMPLETE//0000//003//CREDIT</AddtlNtryInf></Ntry><Ntry><Amt Ccy="GBP">50.00</Amt><CdtDbtInd>CRDT</CdtDbtInd><Sts>BOOK</Sts><BookgDt><Dt>2018-09-07</Dt></BookgDt><BkTxCd><Prtry><Cd>SIP UKBA CR 40269</Cd></Prtry></BkTxCd><TxDtls><Refs><EndToEndId>NOREF</EndToEndId><TxId>058587846581609001</TxId><Prtry><Tp>STO REF</Tp><Ref>0000</Ref></Prtry></Refs><RltdPties><Dbtr><Nm>SARCU A</Nm></Dbtr><DbtrAcct><Id><PrtryAcct><Id>40420131615793</Id></PrtryAcct></Id></DbtrAcct><Cdtr><Nm>Romeo V Schiel</Nm></Cdtr><CdtrAcct><Id><PrtryAcct><Id>23008200189328</Id></PrtryAcct></Id></CdtrAcct><Prtry><Tp>Transfer</Tp><Pty/></Prtry></RltdPties><RmtInf><Strd><AddtlRmtInf>NO REF</AddtlRmtInf></Strd><Strd><AddtlRmtInf>SARCU A//Transfer</AddtlRmtInf></Strd></RmtInf><RltdDts><TxDtTm>2018-09-06T18:56:49</TxDtTm></RltdDts><AddtlTxInf>0585878465816090011020180906826404201</AddtlTxInf></TxDtls><AddtlNtryInf>COMPLETE//0000//003//CREDIT</AddtlNtryInf></Ntry><Ntry><Amt Ccy="GBP">100.00</Amt><CdtDbtInd>CRDT</CdtDbtInd><Sts>BOOK</Sts><BookgDt><Dt>2018-09-07</Dt></BookgDt><BkTxCd><Prtry><Cd>SIP UKBA CR 40269</Cd></Prtry></BkTxCd><TxDtls><Refs><EndToEndId>PPWD00000000ALCM4S</EndToEndId><TxId>PPWD00000000ALCM4S</TxId></Refs><RltdPties><Dbtr><Nm>PayPal</Nm><PstlAdr><AdrLine>2211 N 1st Street San Jose CA 95131</AdrLine><Ctry/></PstlAdr></Dbtr><DbtrAcct><Id><PrtryAcct><Id>23526278959595</Id></PrtryAcct></Id></DbtrAcct><Cdtr><Nm>Rajinder Singh</Nm><PstlAdr><AdrLine>53</AdrLine><Ctry/></PstlAdr></Cdtr><CdtrAcct><Id><PrtryAcct><Id>23008200035362</Id></PrtryAcct></Id></CdtrAcct><Prtry><Tp>PPWDL5B622AKURUEUL</Tp><Pty/></Prtry></RltdPties><RmtInf><Strd><RfrdDocInf><RfrdDocTp><Prtry>002</Prtry></RfrdDocTp></RfrdDocInf><AddtlRmtInf>NO REF</AddtlRmtInf></Strd><Strd><AddtlRmtInf>PayPal//PPWDL5B622AKURUEUL</AddtlRmtInf></Strd></RmtInf><RltdDts><TxDtTm>2018-09-06T18:59:17</TxDtTm></RltdDts><AddtlTxInf>PPWD00000000ALCM4S1020180906826235262</AddtlTxInf></TxDtls><AddtlNtryInf>COMPLETE//0000//003//CREDIT</AddtlNtryInf></Ntry></Ntfctn></BkToCstmrDbtCdtNtfctnV01></Document>