<?xml version="1.0" encoding="UTF-8"?><Document xmlns:xsi="http://www.w3.org/2001/XMLSchema-instance" xmlns="urn:iso:std:iso:20022:tech:xsd:camt.054.001.01"><BkToCstmrDbtCdtNtfctnV01><GrpHdr><MsgId>80309K//12517</MsgId><CreDtTm>2018-09-06T22:30:00</CreDtTm></GrpHdr><Ntfctn><Id>80309K//12517//1</Id><CreDtTm>2018-09-06T22:30:00</CreDtTm><Acct><Id><PrtryAcct><Id>20594233939774</Id></PrtryAcct></Id><Ccy>GBP</Ccy></Acct><TxsSummry><TtlNtries><NbOfNtries>5</NbOfNtries><Sum>1005.00</Sum></TtlNtries><TtlCdtNtries><NbOfNtries>5</NbOfNtries><Sum>1005.00</Sum></TtlCdtNtries><TtlDbtNtries><NbOfNtries>0</NbOfNtries><Sum>0.00</Sum></TtlDbtNtries></TxsSummry><Ntry><Amt Ccy="GBP">310.00</Amt><CdtDbtInd>CRDT</CdtDbtInd><Sts>BOOK</Sts><BookgDt><Dt>2018-09-07</Dt></BookgDt><BkTxCd><Prtry><Cd>SIP UKBA CR 40269</Cd></Prtry></BkTxCd><TxDtls><Refs><EndToEndId>00155634632BBGNJSX</EndToEndId><TxId>00155634632BBGNJSX</TxId></Refs><RltdPties><Dbtr><Nm>SYDNEY BOYE-CAMPBELL</Nm></Dbtr><DbtrAcct><Id><PrtryAcct><Id>09013960220628</Id></PrtryAcct></Id></DbtrAcct><Cdtr><Nm>ARRO</Nm></Cdtr><CdtrAcct><Id><PrtryAcct><Id>23008200325644</Id></PrtryAcct></Id></CdtrAcct><Prtry><Tp>waltman</Tp><Pty/></Prtry></RltdPties><RmtInf><Strd><AddtlRmtInf>NO REF</AddtlRmtInf></Strd><Strd><AddtlRmtInf>SYDNEY BOYE-CAMPBE//waltman</AddtlRmtInf></Strd></RmtInf><RltdDts><TxDtTm>2018-09-06T22:09:14</TxDtTm></RltdDts><AddtlTxInf>00155634632BBGNJSX1020180906826090139</AddtlTxInf></TxDtls><AddtlNtryInf>COMPLETE//0000//003//CREDIT</AddtlNtryInf></Ntry><Ntry><Amt Ccy="GBP">425.00</Amt><CdtDbtInd>CRDT</CdtDbtInd><Sts>BOOK</Sts><BookgDt><Dt>2018-09-07</Dt></BookgDt><BkTxCd><Prtry><Cd>SIP UKBA CR 40269</Cd></Prtry></BkTxCd><TxDtls><Refs><EndToEndId>NOREF</EndToEndId><TxId>600000000386343579</TxId></Refs><RltdPties><Dbtr><Nm>P Chapman</Nm></Dbtr><DbtrAcct><Id><PrtryAcct><Id>11145200065155</Id></PrtryAcct></Id></DbtrAcct><Cdtr><Nm>MAME DIAME</Nm></Cdtr><CdtrAcct><Id><PrtryAcct><Id>23008200112990</Id></PrtryAcct></Id></CdtrAcct><Prtry><Tp>CAR</Tp><Pty/></Prtry></RltdPties><RmtInf><Strd><AddtlRmtInf>NO REF</AddtlRmtInf></Strd><Strd><AddtlRmtInf>P Chapman//CAR</AddtlRmtInf></Strd></RmtInf><RltdDts><TxDtTm>2018-09-06T22:09:30</TxDtTm></RltdDts><AddtlTxInf>6000000003863435791020180906826111452</AddtlTxInf></TxDtls><AddtlNtryInf>COMPLETE//0000//003//CREDIT</AddtlNtryInf></Ntry><Ntry><Amt Ccy="GBP">120.00</Amt><CdtDbtInd>CRDT</CdtDbtInd><Sts>BOOK</Sts><BookgDt><Dt>2018-09-07</Dt></BookgDt><BkTxCd><Prtry><Cd>SIP UKBA CR 40269</Cd></Prtry></BkTxCd><TxDtls><Refs><EndToEndId>NOREF</EndToEndId><TxId>100000000384966740</TxId></Refs><RltdPties><Dbtr><Nm>M Basciu</Nm></Dbtr><DbtrAcct><Id><PrtryAcct><Id>30918763791068</Id></PrtryAcct></Id></DbtrAcct><Cdtr><Nm>DOMINIKA AUGUSTY</Nm></Cdtr><CdtrAcct><Id><PrtryAcct><Id>23008200432953</Id></PrtryAcct></Id></CdtrAcct><Prtry><Tp>ticket</Tp><Pty/></Prtry></RltdPties><RmtInf><Strd><AddtlRmtInf>NO REF</AddtlRmtInf></Strd><Strd><AddtlRmtInf>M Basciu//ticket</AddtlRmtInf></Strd></RmtInf><RltdDts><TxDtTm>2018-09-06T22:15:10</TxDtTm></RltdDts><AddtlTxInf>1000000003849667401020180906826309187</AddtlTxInf></TxDtls><AddtlNtryInf>COMPLETE//0000//003//CREDIT</AddtlNtryInf></Ntry><Ntry><Amt Ccy="GBP">50.00</Amt><CdtDbtInd>CRDT</CdtDbtInd><Sts>BOOK</Sts><BookgDt><Dt>2018-09-07</Dt></BookgDt><BkTxCd><Prtry><Cd>DCA UKBA CR 40269</Cd></Prtry></BkTxCd><TxDtls><Refs><EndToEndId>NOREF</EndToEndId><TxId>000000013497453101</TxId><Prtry><Tp>STO REF</Tp><Ref>2725</Ref></Prtry></Refs><RltdPties><Dbtr><Nm>ANTHONY KEHINDE</Nm></Dbtr><DbtrAcct><Id><PrtryAcct><Id>20035373152596</Id></PrtryAcct></Id></DbtrAcct><Cdtr><Nm>O ADEDOYIN</Nm></Cdtr><CdtrAcct><Id><PrtryAcct><Id>23008200289584</Id></PrtryAcct></Id></CdtrAcct><Prtry><Tp>REVOLUT/DK</Tp><Pty/></Prtry></RltdPties><RmtInf><Strd><AddtlRmtInf>NO REF</AddtlRmtInf></Strd><Strd><AddtlRmtInf>ANTHONY KEHINDE//REVOLUT/DK</AddtlRmtInf></Strd></RmtInf><RltdDts><TxDtTm>2018-09-06T22:17:56</TxDtTm></RltdDts><AddtlTxInf>0000000134974531015020180906826200353</AddtlTxInf></TxDtls><AddtlNtryInf>COMPLETE//0000//003//CREDIT</AddtlNtryInf></Ntry><Ntry><Amt Ccy="GBP">100.00</Amt><CdtDbtInd>CRDT</CdtDbtInd><Sts>BOOK</Sts><BookgDt><Dt>2018-09-07</Dt></BookgDt><BkTxCd><Prtry><Cd>SIP UKBA CR 40269</Cd></Prtry></BkTxCd><TxDtls><Refs><EndToEndId>NOREF</EndToEndId><TxId>200000000384963752</TxId></Refs><RltdPties><Dbtr><Nm>B Karem</Nm></Dbtr><DbtrAcct><Id><PrtryAcct><Id>77852740625860</Id></PrtryAcct></Id></DbtrAcct><Cdtr><Nm>MARTINS SENBERGS</Nm></Cdtr><CdtrAcct><Id><PrtryAcct><Id>23008200307426</Id></PrtryAcct></Id></CdtrAcct><Prtry><Tp>SALARY</Tp><Pty/></Prtry></RltdPties><RmtInf><Strd><AddtlRmtInf>NO REF</AddtlRmtInf></Strd><Strd><AddtlRmtInf>B Karem//SALARY</AddtlRmtInf></Strd></RmtInf><RltdDts><TxDtTm>2018-09-06T22:28:23</TxDtTm></RltdDts><AddtlTxInf>2000000003849637521020180906826778527</AddtlTxInf></TxDtls><AddtlNtryInf>COMPLETE//0000//003//CREDIT</AddtlNtryInf></Ntry></Ntfctn></BkToCstmrDbtCdtNtfctnV01></Document>