<?xml version="1.0" encoding="UTF-8"?><Document xmlns:xsi="http://www.w3.org/2001/XMLSchema-instance" xmlns="urn:iso:std:iso:20022:tech:xsd:camt.054.001.01"><BkToCstmrDbtCdtNtfctnV01><GrpHdr><MsgId>80309K//13530</MsgId><CreDtTm>2018-09-30T15:30:00</CreDtTm></GrpHdr><Ntfctn><Id>80309K//13530//1</Id><CreDtTm>2018-09-30T15:30:00</CreDtTm><Acct><Id><PrtryAcct><Id>20594233939774</Id></PrtryAcct></Id><Ccy>GBP</Ccy></Acct><TxsSummry><TtlNtries><NbOfNtries>9</NbOfNtries><Sum>3065.53</Sum></TtlNtries><TtlCdtNtries><NbOfNtries>7</NbOfNtries><Sum>355.53</Sum></TtlCdtNtries><TtlDbtNtries><NbOfNtries>2</NbOfNtries><Sum>2710.00</Sum></TtlDbtNtries></TxsSummry><Ntry><Amt Ccy="GBP">1407.00</Amt><CdtDbtInd>DBIT</CdtDbtInd><Sts>BOOK</Sts><BookgDt><Dt>2018-10-01</Dt></BookgDt><BkTxCd><Prtry><Cd>AUT UKBA DR 30278</Cd></Prtry></BkTxCd><TxDtls><Refs><TxId>000000000338513000</TxId></Refs><RltdPties><DbtrAcct><Id><PrtryAcct><Id>20594233939774</Id></PrtryAcct></Id></DbtrAcct></RltdPties><RmtInf><Strd><AddtlRmtInf>NO REF</AddtlRmtInf></Strd><Strd><AddtlRmtInf>20180930A44639//7S      F1FQS55436</AddtlRmtInf></Strd></RmtInf><RltdDts><TxDtTm>2018-09-30T15:02:00</TxDtTm></RltdDts><AddtlTxInf>0000000003385130000020180930826205942</AddtlTxInf></TxDtls><AddtlNtryInf>AUTHSENT//0000//003//DEBIT</AddtlNtryInf></Ntry><Ntry><Amt Ccy="GBP">200.00</Amt><CdtDbtInd>CRDT</CdtDbtInd><Sts>BOOK</Sts><BookgDt><Dt>2018-10-01</Dt></BookgDt><BkTxCd><Prtry><Cd>DCA UKBA CR 40269</Cd></Prtry></BkTxCd><TxDtls><Refs><EndToEndId>NOREF</EndToEndId><TxId>000000013710623801</TxId><Prtry><Tp>STO REF</Tp><Ref>0000</Ref></Prtry></Refs><RltdPties><Dbtr><Nm>23008200370358</Nm></Dbtr><DbtrAcct><Id><PrtryAcct><Id>20594233939774</Id></PrtryAcct></Id></DbtrAcct><Cdtr><Nm>ELVIS PETRE TURTUR</Nm></Cdtr><CdtrAcct><Id><PrtryAcct><Id>23008200376399</Id></PrtryAcct></Id></CdtrAcct></RltdPties><RmtInf><Strd><AddtlRmtInf>NO REF</AddtlRmtInf></Strd><Strd><AddtlRmtInf>23008200370358//</AddtlRmtInf></Strd></RmtInf><RltdDts><TxDtTm>2018-09-30T15:02:03</TxDtTm></RltdDts><AddtlTxInf>0000000137106238015020180930826205942</AddtlTxInf></TxDtls><AddtlNtryInf>COMPLETE//0000//003//CREDIT</AddtlNtryInf></Ntry><Ntry><Amt Ccy="GBP">100.00</Amt><CdtDbtInd>CRDT</CdtDbtInd><Sts>BOOK</Sts><BookgDt><Dt>2018-10-01</Dt></BookgDt><BkTxCd><Prtry><Cd>AUA UKBA CR 40278</Cd></Prtry></BkTxCd><TxDtls><Refs><TxId>000000000338513000</TxId></Refs><RltdPties><DbtrAcct><Id><PrtryAcct><Id>20594233939774</Id></PrtryAcct></Id></DbtrAcct></RltdPties><RmtInf><Strd><AddtlRmtInf>NO REF</AddtlRmtInf></Strd><Strd><AddtlRmtInf>20180930A44639//7S      F1FQS55436</AddtlRmtInf></Strd></RmtInf><RltdDts><TxDtTm>2018-09-30T15:02:06</TxDtTm></RltdDts><AddtlTxInf>0000000003385130000020180930826205942</AddtlTxInf></TxDtls><AddtlNtryInf>AUTHADJUSTED//0000//003//CREDIT</AddtlNtryInf></Ntry><Ntry><Amt Ccy="GBP">1303.00</Amt><CdtDbtInd>DBIT</CdtDbtInd><Sts>BOOK</Sts><BookgDt><Dt>2018-10-01</Dt></BookgDt><BkTxCd><Prtry><Cd>AUT UKBA DR 30278</Cd></Prtry></BkTxCd><TxDtls><Refs><TxId>000000000338513100</TxId></Refs><RltdPties><DbtrAcct><Id><PrtryAcct><Id>20594233939774</Id></PrtryAcct></Id></DbtrAcct></RltdPties><RmtInf><Strd><AddtlRmtInf>NO REF</AddtlRmtInf></Strd><Strd><AddtlRmtInf>20180930A44639//7S      F1FP1SU434</AddtlRmtInf></Strd></RmtInf><RltdDts><TxDtTm>2018-09-30T15:02:12</TxDtTm></RltdDts><AddtlTxInf>0000000003385131000020180930826205942</AddtlTxInf></TxDtls><AddtlNtryInf>AUTHSENT//0000//003//DEBIT</AddtlNtryInf></Ntry><Ntry><Amt Ccy="GBP">0.01</Amt><CdtDbtInd>CRDT</CdtDbtInd><Sts>BOOK</Sts><BookgDt><Dt>2018-10-01</Dt></BookgDt><BkTxCd><Prtry><Cd>SIP UKBA CR 40269</Cd></Prtry></BkTxCd><TxDtls><Refs><EndToEndId>PPRD00000000ARA0XI</EndToEndId><TxId>PPRD00000000ARA0XI</TxId></Refs><RltdPties><Dbtr><Nm>PAYPAL CODE 9363</Nm><PstlAdr><AdrLine>2211 N 1st Street San Jose CA 95131</AdrLine><Ctry/></PstlAdr></Dbtr><DbtrAcct><Id><PrtryAcct><Id>23526285010101</Id></PrtryAcct></Id></DbtrAcct><Cdtr><Nm>Khaneh Enterprise</Nm><PstlAdr><AdrLine>16 Norfolk Close</AdrLine><Ctry/></PstlAdr></Cdtr><CdtrAcct><Id><PrtryAcct><Id>23008200476230</Id></PrtryAcct></Id></CdtrAcct><Prtry><Tp>PAYPAL CODE 9363</Tp><Pty/></Prtry></RltdPties><RmtInf><Strd><RfrdDocInf><RfrdDocTp><Prtry>002</Prtry></RfrdDocTp></RfrdDocInf><AddtlRmtInf>NO REF</AddtlRmtInf></Strd><Strd><AddtlRmtInf>PAYPAL CODE 9363//PAYPAL CODE 9363</AddtlRmtInf></Strd></RmtInf><RltdDts><TxDtTm>2018-09-30T15:02:38</TxDtTm></RltdDts><AddtlTxInf>PPRD00000000ARA0XI1020180930826235262</AddtlTxInf></TxDtls><AddtlNtryInf>COMPLETE//0000//003//CREDIT</AddtlNtryInf></Ntry><Ntry><Amt Ccy="GBP">5.50</Amt><CdtDbtInd>CRDT</CdtDbtInd><Sts>BOOK</Sts><BookgDt><Dt>2018-10-01</Dt></BookgDt><BkTxCd><Prtry><Cd>SIP UKBA CR 40269</Cd></Prtry></BkTxCd><TxDtls><Refs><EndToEndId>00157435632BBCVTTC</EndToEndId><TxId>00157435632BBCVTTC</TxId></Refs><RltdPties><Dbtr><Nm>LINDSEY JOLLY</Nm></Dbtr><DbtrAcct><Id><PrtryAcct><Id>09012921872046</Id></PrtryAcct></Id></DbtrAcct><Cdtr><Nm>HAYLEY</Nm></Cdtr><CdtrAcct><Id><PrtryAcct><Id>23008200463527</Id></PrtryAcct></Id></CdtrAcct><Prtry><Tp>hayley</Tp><Pty/></Prtry></RltdPties><RmtInf><Strd><AddtlRmtInf>NO REF</AddtlRmtInf></Strd><Strd><AddtlRmtInf>LINDSEY JOLLY//hayley</AddtlRmtInf></Strd></RmtInf><RltdDts><TxDtTm>2018-09-30T15:04:13</TxDtTm></RltdDts><AddtlTxInf>00157435632BBCVTTC1020180930826090129</AddtlTxInf></TxDtls><AddtlNtryInf>COMPLETE//0000//003//CREDIT</AddtlNtryInf></Ntry><Ntry><Amt Ccy="GBP">0.01</Amt><CdtDbtInd>CRDT</CdtDbtInd><Sts>BOOK</Sts><BookgDt><Dt>2018-10-01</Dt></BookgDt><BkTxCd><Prtry><Cd>SIP UKBA CR 40269</Cd></Prtry></BkTxCd><TxDtls><Refs><EndToEndId>verification</EndToEndId><TxId>TW0000000041145883</TxId></Refs><RltdPties><Dbtr><Nm>Cynthia Marunda TW</Nm></Dbtr><DbtrAcct><Id><PrtryAcct><Id>23147068032413</Id></PrtryAcct></Id></DbtrAcct><Cdtr><Nm>cynthia marunda</Nm></Cdtr><CdtrAcct><Id><PrtryAcct><Id>23008200405827</Id></PrtryAcct></Id></CdtrAcct><Prtry><Tp>verification</Tp><Pty/></Prtry></RltdPties><RmtInf><Strd><AddtlRmtInf>NO REF</AddtlRmtInf></Strd><Strd><AddtlRmtInf>Cynthia Marunda TW//verification</AddtlRmtInf></Strd></RmtInf><RltdDts><TxDtTm>2018-09-30T15:13:48</TxDtTm></RltdDts><AddtlTxInf>TW00000000411458831020180930826231470</AddtlTxInf></TxDtls><AddtlNtryInf>COMPLETE//0000//003//CREDIT</AddtlNtryInf></Ntry><Ntry><Amt Ccy="GBP">50.00</Amt><CdtDbtInd>CRDT</CdtDbtInd><Sts>BOOK</Sts><BookgDt><Dt>2018-10-01</Dt></BookgDt><BkTxCd><Prtry><Cd>DCA UKBA CR 40269</Cd></Prtry></BkTxCd><TxDtls><Refs><EndToEndId>NOREF</EndToEndId><TxId>000000013710643901</TxId><Prtry><Tp>STO REF</Tp><Ref>0000</Ref></Prtry></Refs><RltdPties><Dbtr><Nm>23630701583860</Nm></Dbtr><DbtrAcct><Id><PrtryAcct><Id>20594243523659</Id></PrtryAcct></Id></DbtrAcct><Cdtr><Nm>JASPAL THIARA</Nm></Cdtr><CdtrAcct><Id><PrtryAcct><Id>23008200373702</Id></PrtryAcct></Id></CdtrAcct><Prtry><Tp>JAS</Tp><Pty/></Prtry></RltdPties><RmtInf><Strd><AddtlRmtInf>NO REF</AddtlRmtInf></Strd><Strd><AddtlRmtInf>23630701583860//JAS</AddtlRmtInf></Strd></RmtInf><RltdDts><TxDtTm>2018-09-30T15:16:59</TxDtTm></RltdDts><AddtlTxInf>0000000137106439015020180930826205942</AddtlTxInf></TxDtls><AddtlNtryInf>COMPLETE//0000//003//CREDIT</AddtlNtryInf></Ntry><Ntry><Amt Ccy="GBP">0.01</Amt><CdtDbtInd>CRDT</CdtDbtInd><Sts>BOOK</Sts><BookgDt><Dt>2018-10-01</Dt></BookgDt><BkTxCd><Prtry><Cd>SIP UKBA CR 40269</Cd></Prtry></BkTxCd><TxDtls><Refs><EndToEndId>PPRD00000000ARA6CU</EndToEndId><TxId>PPRD00000000ARA6CU</TxId></Refs><RltdPties><Dbtr><Nm>PAYPAL CODE 5849</Nm><PstlAdr><AdrLine>2211 N 1st Street San Jose CA 95131</AdrLine><Ctry/></PstlAdr></Dbtr><DbtrAcct><Id><PrtryAcct><Id>23526285010101</Id></PrtryAcct></Id></DbtrAcct><Cdtr><Nm>Christopher Walton</Nm><PstlAdr><AdrLine>103 Walk Mill Drive</AdrLine><Ctry/></PstlAdr></Cdtr><CdtrAcct><Id><PrtryAcct><Id>23008200476431</Id></PrtryAcct></Id></CdtrAcct><Prtry><Tp>PAYPAL CODE 5849</Tp><Pty/></Prtry></RltdPties><RmtInf><Strd><RfrdDocInf><RfrdDocTp><Prtry>002</Prtry></RfrdDocTp></RfrdDocInf><AddtlRmtInf>NO REF</AddtlRmtInf></Strd><Strd><AddtlRmtInf>PAYPAL CODE 5849//PAYPAL CODE 5849</AddtlRmtInf></Strd></RmtInf><RltdDts><TxDtTm>2018-09-30T15:23:40</TxDtTm></RltdDts><AddtlTxInf>PPRD00000000ARA6CU1020180930826235262</AddtlTxInf></TxDtls><AddtlNtryInf>COMPLETE//0000//003//CREDIT</AddtlNtryInf></Ntry></Ntfctn></BkToCstmrDbtCdtNtfctnV01></Document>