<?xml version="1.0" encoding="UTF-8"?><Document xmlns:xsi="http://www.w3.org/2001/XMLSchema-instance" xmlns="urn:iso:std:iso:20022:tech:xsd:camt.054.001.01"><BkToCstmrDbtCdtNtfctnV01><GrpHdr><MsgId>80309K//13311</MsgId><CreDtTm>2018-09-25T12:00:00</CreDtTm></GrpHdr><Ntfctn><Id>80309K//13311//1</Id><CreDtTm>2018-09-25T12:00:00</CreDtTm><Acct><Id><PrtryAcct><Id>20594233939774</Id></PrtryAcct></Id><Ccy>GBP</Ccy></Acct><TxsSummry><TtlNtries><NbOfNtries>8</NbOfNtries><Sum>271.19</Sum></TtlNtries><TtlCdtNtries><NbOfNtries>8</NbOfNtries><Sum>271.19</Sum></TtlCdtNtries><TtlDbtNtries><NbOfNtries>0</NbOfNtries><Sum>0.00</Sum></TtlDbtNtries></TxsSummry><Ntry><Amt Ccy="GBP">11.16</Amt><CdtDbtInd>CRDT</CdtDbtInd><Sts>BOOK</Sts><BookgDt><Dt>2018-09-25</Dt></BookgDt><BkTxCd><Prtry><Cd>SIP UKBA CR 40269</Cd></Prtry></BkTxCd><TxDtls><Refs><EndToEndId>NOREF</EndToEndId><TxId>891118510311529001</TxId><Prtry><Tp>STO REF</Tp><Ref>0000</Ref></Prtry></Refs><RltdPties><Dbtr><Nm>TUMOG S H</Nm></Dbtr><DbtrAcct><Id><PrtryAcct><Id>40452772200155</Id></PrtryAcct></Id></DbtrAcct><Cdtr><Nm>Maria Oddy</Nm></Cdtr><CdtrAcct><Id><PrtryAcct><Id>23008200441427</Id></PrtryAcct></Id></CdtrAcct><Prtry><Tp>Kakanin</Tp><Pty/></Prtry></RltdPties><RmtInf><Strd><AddtlRmtInf>NO REF</AddtlRmtInf></Strd><Strd><AddtlRmtInf>TUMOG S H//Kakanin</AddtlRmtInf></Strd></RmtInf><RltdDts><TxDtTm>2018-09-25T11:30:16</TxDtTm></RltdDts><AddtlTxInf>8911185103115290011020180925826404527</AddtlTxInf></TxDtls><AddtlNtryInf>COMPLETE//0000//001//CREDIT</AddtlNtryInf></Ntry><Ntry><Amt Ccy="GBP">35.00</Amt><CdtDbtInd>CRDT</CdtDbtInd><Sts>BOOK</Sts><BookgDt><Dt>2018-09-25</Dt></BookgDt><BkTxCd><Prtry><Cd>SIP UKBA CR 40269</Cd></Prtry></BkTxCd><TxDtls><Refs><EndToEndId>NOREF</EndToEndId><TxId>919147830311529001</TxId><Prtry><Tp>STO REF</Tp><Ref>0000</Ref></Prtry></Refs><RltdPties><Dbtr><Nm>DZEDINS K</Nm></Dbtr><DbtrAcct><Id><PrtryAcct><Id>40070722226839</Id></PrtryAcct></Id></DbtrAcct><Cdtr><Nm>BAEMMS LTD</Nm></Cdtr><CdtrAcct><Id><PrtryAcct><Id>23008200223303</Id></PrtryAcct></Id></CdtrAcct><Prtry><Tp>KAROS DZEDINS</Tp><Pty/></Prtry></RltdPties><RmtInf><Strd><AddtlRmtInf>NO REF</AddtlRmtInf></Strd><Strd><AddtlRmtInf>DZEDINS K//KAROS DZEDINS</AddtlRmtInf></Strd></RmtInf><RltdDts><TxDtTm>2018-09-25T11:30:39</TxDtTm></RltdDts><AddtlTxInf>9191478303115290011020180925826400707</AddtlTxInf></TxDtls><AddtlNtryInf>COMPLETE//0000//001//CREDIT</AddtlNtryInf></Ntry><Ntry><Amt Ccy="GBP">160.00</Amt><CdtDbtInd>CRDT</CdtDbtInd><Sts>BOOK</Sts><BookgDt><Dt>2018-09-25</Dt></BookgDt><BkTxCd><Prtry><Cd>SIP UKBA CR 40269</Cd></Prtry></BkTxCd><TxDtls><Refs><EndToEndId>JENNY MOYES</EndToEndId><TxId>48113723424774000R</TxId><Prtry><Tp>STO REF</Tp><Ref>0000</Ref></Prtry></Refs><RltdPties><Dbtr><Nm>MOYES JJ</Nm></Dbtr><DbtrAcct><Id><PrtryAcct><Id>83284000606816</Id></PrtryAcct></Id></DbtrAcct><Cdtr><Nm>BAEMMS</Nm></Cdtr><CdtrAcct><Id><PrtryAcct><Id>23008200223303</Id></PrtryAcct></Id></CdtrAcct><Prtry><Tp>JENNY MOYES</Tp><Pty/></Prtry></RltdPties><RmtInf><Strd><AddtlRmtInf>MOYES JJ          JENNY MOYES       VIA MOBILE - LVP</AddtlRmtInf></Strd><Strd><AddtlRmtInf>MOYES JJ//JENNY MOYES</AddtlRmtInf></Strd></RmtInf><RltdDts><TxDtTm>2018-09-25T11:37:23</TxDtTm></RltdDts><AddtlTxInf>48113723424774000R1020180925826832840</AddtlTxInf></TxDtls><AddtlNtryInf>COMPLETE//0000//001//CREDIT</AddtlNtryInf></Ntry><Ntry><Amt Ccy="GBP">0.01</Amt><CdtDbtInd>CRDT</CdtDbtInd><Sts>BOOK</Sts><BookgDt><Dt>2018-09-25</Dt></BookgDt><BkTxCd><Prtry><Cd>SIP UKBA CR 40269</Cd></Prtry></BkTxCd><TxDtls><Refs><EndToEndId>PPRD00000000AQ0AQC</EndToEndId><TxId>PPRD00000000AQ0AQC</TxId></Refs><RltdPties><Dbtr><Nm>PAYPAL CODE 5874</Nm><PstlAdr><AdrLine>2211 N 1st Street San Jose CA 95131</AdrLine><Ctry/></PstlAdr></Dbtr><DbtrAcct><Id><PrtryAcct><Id>23526285010101</Id></PrtryAcct></Id></DbtrAcct><Cdtr><Nm>Isaac Dosumu</Nm><PstlAdr><AdrLine>175 Maplestead Road</AdrLine><Ctry/></PstlAdr></Cdtr><CdtrAcct><Id><PrtryAcct><Id>23008200465943</Id></PrtryAcct></Id></CdtrAcct><Prtry><Tp>PAYPAL CODE 5874</Tp><Pty/></Prtry></RltdPties><RmtInf><Strd><RfrdDocInf><RfrdDocTp><Prtry>002</Prtry></RfrdDocTp></RfrdDocInf><AddtlRmtInf>NO REF</AddtlRmtInf></Strd><Strd><AddtlRmtInf>PAYPAL CODE 5874//PAYPAL CODE 5874</AddtlRmtInf></Strd></RmtInf><RltdDts><TxDtTm>2018-09-25T11:40:26</TxDtTm></RltdDts><AddtlTxInf>PPRD00000000AQ0AQC1020180925826235262</AddtlTxInf></TxDtls><AddtlNtryInf>COMPLETE//0000//001//CREDIT</AddtlNtryInf></Ntry><Ntry><Amt Ccy="GBP">50.00</Amt><CdtDbtInd>CRDT</CdtDbtInd><Sts>BOOK</Sts><BookgDt><Dt>2018-09-25</Dt></BookgDt><BkTxCd><Prtry><Cd>SIP UKBA CR 40269</Cd></Prtry></BkTxCd><TxDtls><Refs><EndToEndId>NOREF</EndToEndId><TxId>600000000391407896</TxId></Refs><RltdPties><Dbtr><Nm>D Jones</Nm></Dbtr><DbtrAcct><Id><PrtryAcct><Id>11181132796104</Id></PrtryAcct></Id></DbtrAcct><Cdtr><Nm>DARRAN JONES</Nm></Cdtr><CdtrAcct><Id><PrtryAcct><Id>23008200125402</Id></PrtryAcct></Id></CdtrAcct><Prtry><Tp>ARRO</Tp><Pty/></Prtry></RltdPties><RmtInf><Strd><AddtlRmtInf>NO REF</AddtlRmtInf></Strd><Strd><AddtlRmtInf>D Jones//ARRO</AddtlRmtInf></Strd></RmtInf><RltdDts><TxDtTm>2018-09-25T11:47:31</TxDtTm></RltdDts><AddtlTxInf>6000000003914078961020180925826111811</AddtlTxInf></TxDtls><AddtlNtryInf>COMPLETE//0000//001//CREDIT</AddtlNtryInf></Ntry><Ntry><Amt Ccy="GBP">5.00</Amt><CdtDbtInd>CRDT</CdtDbtInd><Sts>BOOK</Sts><BookgDt><Dt>2018-09-25</Dt></BookgDt><BkTxCd><Prtry><Cd>SIP UKBA CR 40269</Cd></Prtry></BkTxCd><TxDtls><Refs><EndToEndId>NOREF</EndToEndId><TxId>RP4679962192744000</TxId></Refs><RltdPties><Dbtr><Nm>SAJAD W</Nm></Dbtr><DbtrAcct><Id><PrtryAcct><Id>20539780975788</Id></PrtryAcct></Id></DbtrAcct><Cdtr><Nm>LEWIS</Nm></Cdtr><CdtrAcct><Id><PrtryAcct><Id>23008200148236</Id></PrtryAcct></Id></CdtrAcct><Prtry><Tp>BORROWED</Tp><Pty/></Prtry></RltdPties><RmtInf><Strd><AddtlRmtInf>NO REF</AddtlRmtInf></Strd><Strd><AddtlRmtInf>SAJAD W//BORROWED</AddtlRmtInf></Strd></RmtInf><RltdDts><TxDtTm>2018-09-25T11:49:03</TxDtTm></RltdDts><AddtlTxInf>RP46799621927440001020180925826200026</AddtlTxInf></TxDtls><AddtlNtryInf>COMPLETE//0000//001//CREDIT</AddtlNtryInf></Ntry><Ntry><Amt Ccy="GBP">10.00</Amt><CdtDbtInd>CRDT</CdtDbtInd><Sts>BOOK</Sts><BookgDt><Dt>2018-09-25</Dt></BookgDt><BkTxCd><Prtry><Cd>SIP UKBA CR 40269</Cd></Prtry></BkTxCd><TxDtls><Refs><EndToEndId>PPWD00000000AQ0DVW</EndToEndId><TxId>PPWD00000000AQ0DVW</TxId></Refs><RltdPties><Dbtr><Nm>PayPal</Nm><PstlAdr><AdrLine>2211 N 1st Street San Jose CA 95131</AdrLine><Ctry/></PstlAdr></Dbtr><DbtrAcct><Id><PrtryAcct><Id>23526278959595</Id></PrtryAcct></Id></DbtrAcct><Cdtr><Nm>Greg Baker</Nm><PstlAdr><AdrLine>31 Main Road,</AdrLine><Ctry/></PstlAdr></Cdtr><CdtrAcct><Id><PrtryAcct><Id>23008200399742</Id></PrtryAcct></Id></CdtrAcct><Prtry><Tp>PPWDL58AJ2ALCHPRPS</Tp><Pty/></Prtry></RltdPties><RmtInf><Strd><RfrdDocInf><RfrdDocTp><Prtry>002</Prtry></RfrdDocTp></RfrdDocInf><AddtlRmtInf>NO REF</AddtlRmtInf></Strd><Strd><AddtlRmtInf>PayPal//PPWDL58AJ2ALCHPRPS</AddtlRmtInf></Strd></RmtInf><RltdDts><TxDtTm>2018-09-25T11:49:30</TxDtTm></RltdDts><AddtlTxInf>PPWD00000000AQ0DVW1020180925826235262</AddtlTxInf></TxDtls><AddtlNtryInf>COMPLETE//0000//001//CREDIT</AddtlNtryInf></Ntry><Ntry><Amt Ccy="GBP">0.02</Amt><CdtDbtInd>CRDT</CdtDbtInd><Sts>BOOK</Sts><BookgDt><Dt>2018-09-25</Dt></BookgDt><BkTxCd><Prtry><Cd>SIP UKBA CR 40269</Cd></Prtry></BkTxCd><TxDtls><Refs><EndToEndId>MY</EndToEndId><TxId>51115216789535000R</TxId><Prtry><Tp>STO REF</Tp><Ref>0000</Ref></Prtry></Refs><RltdPties><Dbtr><Nm>LIVESEY SW</Nm></Dbtr><DbtrAcct><Id><PrtryAcct><Id>16281611095146</Id></PrtryAcct></Id></DbtrAcct><Cdtr><Nm>REBECCA FORTEY</Nm></Cdtr><CdtrAcct><Id><PrtryAcct><Id>23008200167646</Id></PrtryAcct></Id></CdtrAcct><Prtry><Tp>MY</Tp><Pty/></Prtry></RltdPties><RmtInf><Strd><AddtlRmtInf>LIVESEY SW        MY                VIA MOBILE - LVP</AddtlRmtInf></Strd><Strd><AddtlRmtInf>LIVESEY SW//MY</AddtlRmtInf></Strd></RmtInf><RltdDts><TxDtTm>2018-09-25T11:52:17</TxDtTm></RltdDts><AddtlTxInf>51115216789535000R1020180925826162816</AddtlTxInf></TxDtls><AddtlNtryInf>COMPLETE//0000//001//CREDIT</AddtlNtryInf></Ntry></Ntfctn></BkToCstmrDbtCdtNtfctnV01></Document>