<?xml version="1.0" encoding="UTF-8"?><Document xmlns:xsi="http://www.w3.org/2001/XMLSchema-instance" xmlns="urn:iso:std:iso:20022:tech:xsd:camt.054.001.01"><BkToCstmrDbtCdtNtfctnV01><GrpHdr><MsgId>80309K//12988</MsgId><CreDtTm>2018-09-18T00:00:00</CreDtTm></GrpHdr><Ntfctn><Id>80309K//12988//1</Id><CreDtTm>2018-09-18T00:00:00</CreDtTm><Acct><Id><PrtryAcct><Id>20594233939774</Id></PrtryAcct></Id><Ccy>GBP</Ccy></Acct><TxsSummry><TtlNtries><NbOfNtries>5</NbOfNtries><Sum>1307.38</Sum></TtlNtries><TtlCdtNtries><NbOfNtries>5</NbOfNtries><Sum>1307.38</Sum></TtlCdtNtries><TtlDbtNtries><NbOfNtries>0</NbOfNtries><Sum>0.00</Sum></TtlDbtNtries></TxsSummry><Ntry><Amt Ccy="GBP">32.50</Amt><CdtDbtInd>CRDT</CdtDbtInd><Sts>BOOK</Sts><BookgDt><Dt>2018-09-18</Dt></BookgDt><BkTxCd><Prtry><Cd>SIP UKBA CR 40269</Cd></Prtry></BkTxCd><TxDtls><Refs><EndToEndId>PPWD00000000AO4PDS</EndToEndId><TxId>PPWD00000000AO4PDS</TxId></Refs><RltdPties><Dbtr><Nm>PayPal</Nm><PstlAdr><AdrLine>2211 N 1st Street San Jose CA 95131</AdrLine><Ctry/></PstlAdr></Dbtr><DbtrAcct><Id><PrtryAcct><Id>23526278959595</Id></PrtryAcct></Id></DbtrAcct><Cdtr><Nm>Ola Akingbogun</Nm><PstlAdr><AdrLine>York Road</AdrLine><Ctry/></PstlAdr></Cdtr><CdtrAcct><Id><PrtryAcct><Id>23008200294917</Id></PrtryAcct></Id></CdtrAcct><Prtry><Tp>PPWDL488J2AL6BDDNA</Tp><Pty/></Prtry></RltdPties><RmtInf><Strd><RfrdDocInf><RfrdDocTp><Prtry>002</Prtry></RfrdDocTp></RfrdDocInf><AddtlRmtInf>NO REF</AddtlRmtInf></Strd><Strd><AddtlRmtInf>PayPal//PPWDL488J2AL6BDDNA</AddtlRmtInf></Strd></RmtInf><RltdDts><TxDtTm>2018-09-17T23:33:09</TxDtTm></RltdDts><AddtlTxInf>PPWD00000000AO4PDS1020180917826235262</AddtlTxInf></TxDtls><AddtlNtryInf>COMPLETE//0000//003//CREDIT</AddtlNtryInf></Ntry><Ntry><Amt Ccy="GBP">10.00</Amt><CdtDbtInd>CRDT</CdtDbtInd><Sts>BOOK</Sts><BookgDt><Dt>2018-09-18</Dt></BookgDt><BkTxCd><Prtry><Cd>SIP UKBA CR 40269</Cd></Prtry></BkTxCd><TxDtls><Refs><EndToEndId>FAITH</EndToEndId><TxId>10233655352014000N</TxId><Prtry><Tp>STO REF</Tp><Ref>0000</Ref></Prtry></Refs><RltdPties><Dbtr><Nm>DAVIS FE</Nm></Dbtr><DbtrAcct><Id><PrtryAcct><Id>60242611365889</Id></PrtryAcct></Id></DbtrAcct><Cdtr><Nm>MOEY</Nm></Cdtr><CdtrAcct><Id><PrtryAcct><Id>23008200427128</Id></PrtryAcct></Id></CdtrAcct><Prtry><Tp>FAITH</Tp><Pty/></Prtry></RltdPties><RmtInf><Strd><AddtlRmtInf>DAVIS FE          FAITH             VIA MOBILE - LVP</AddtlRmtInf></Strd><Strd><AddtlRmtInf>DAVIS FE//FAITH</AddtlRmtInf></Strd></RmtInf><RltdDts><TxDtTm>2018-09-17T23:36:55</TxDtTm></RltdDts><AddtlTxInf>10233655352014000N1020180917826602426</AddtlTxInf></TxDtls><AddtlNtryInf>COMPLETE//0000//003//CREDIT</AddtlNtryInf></Ntry><Ntry><Amt Ccy="GBP">277.88</Amt><CdtDbtInd>CRDT</CdtDbtInd><Sts>BOOK</Sts><BookgDt><Dt>2018-09-18</Dt></BookgDt><BkTxCd><Prtry><Cd>SIP UKBA CR 40269</Cd></Prtry></BkTxCd><TxDtls><Refs><EndToEndId>NOREF</EndToEndId><TxId>RP4679961626016300</TxId></Refs><RltdPties><Dbtr><Nm>ABOBARIN S B</Nm></Dbtr><DbtrAcct><Id><PrtryAcct><Id>20533353263185</Id></PrtryAcct></Id></DbtrAcct><Cdtr><Nm>TAMMY NORMAN</Nm></Cdtr><CdtrAcct><Id><PrtryAcct><Id>23008200404992</Id></PrtryAcct></Id></CdtrAcct><Prtry><Tp>IBERIA</Tp><Pty/></Prtry></RltdPties><RmtInf><Strd><AddtlRmtInf>NO REF</AddtlRmtInf></Strd><Strd><AddtlRmtInf>ABOBARIN S B//IBERIA</AddtlRmtInf></Strd></RmtInf><RltdDts><TxDtTm>2018-09-17T23:46:17</TxDtTm></RltdDts><AddtlTxInf>RP46799616260163001020180917826200026</AddtlTxInf></TxDtls><AddtlNtryInf>COMPLETE//0000//003//CREDIT</AddtlNtryInf></Ntry><Ntry><Amt Ccy="GBP">962.00</Amt><CdtDbtInd>CRDT</CdtDbtInd><Sts>BOOK</Sts><BookgDt><Dt>2018-09-18</Dt></BookgDt><BkTxCd><Prtry><Cd>SIP UKBA CR 40269</Cd></Prtry></BkTxCd><TxDtls><Refs><EndToEndId>NOREF</EndToEndId><TxId>400000000394411206</TxId></Refs><RltdPties><Dbtr><Nm>S Matos Dos Santos</Nm></Dbtr><DbtrAcct><Id><PrtryAcct><Id>77687302890968</Id></PrtryAcct></Id></DbtrAcct><Cdtr><Nm>ZARA DANIELLE HASS</Nm></Cdtr><CdtrAcct><Id><PrtryAcct><Id>23008200449987</Id></PrtryAcct></Id></CdtrAcct><Prtry><Tp>RENT PAYMENT</Tp><Pty/></Prtry></RltdPties><RmtInf><Strd><AddtlRmtInf>NO REF</AddtlRmtInf></Strd><Strd><AddtlRmtInf>S Matos Dos Santos//RENT PAYMENT</AddtlRmtInf></Strd></RmtInf><RltdDts><TxDtTm>2018-09-17T23:51:35</TxDtTm></RltdDts><AddtlTxInf>4000000003944112061020180917826776873</AddtlTxInf></TxDtls><AddtlNtryInf>COMPLETE//0000//003//CREDIT</AddtlNtryInf></Ntry><Ntry><Amt Ccy="GBP">25.00</Amt><CdtDbtInd>CRDT</CdtDbtInd><Sts>BOOK</Sts><BookgDt><Dt>2018-09-18</Dt></BookgDt><BkTxCd><Prtry><Cd>SIP UKBA CR 40269</Cd></Prtry></BkTxCd><TxDtls><Refs><EndToEndId>NOREF</EndToEndId><TxId>300000000393262751</TxId></Refs><RltdPties><Dbtr><Nm>J Mustoe - Linnane</Nm></Dbtr><DbtrAcct><Id><PrtryAcct><Id>30934852098860</Id></PrtryAcct></Id></DbtrAcct><Cdtr><Nm>WILL LOIP</Nm></Cdtr><CdtrAcct><Id><PrtryAcct><Id>23008200433862</Id></PrtryAcct></Id></CdtrAcct><Prtry><Tp>VIP LOIP</Tp><Pty/></Prtry></RltdPties><RmtInf><Strd><AddtlRmtInf>NO REF</AddtlRmtInf></Strd><Strd><AddtlRmtInf>J Mustoe - Linnane//VIP LOIP</AddtlRmtInf></Strd></RmtInf><RltdDts><TxDtTm>2018-09-17T23:53:13</TxDtTm></RltdDts><AddtlTxInf>3000000003932627511020180917826309348</AddtlTxInf></TxDtls><AddtlNtryInf>COMPLETE//0000//003//CREDIT</AddtlNtryInf></Ntry></Ntfctn></BkToCstmrDbtCdtNtfctnV01></Document>