<?xml version="1.0" encoding="UTF-8"?><Document xmlns:xsi="http://www.w3.org/2001/XMLSchema-instance" xmlns="urn:iso:std:iso:20022:tech:xsd:camt.054.001.01"><BkToCstmrDbtCdtNtfctnV01><GrpHdr><MsgId>80309K//12622</MsgId><CreDtTm>2018-09-09T11:00:00</CreDtTm></GrpHdr><Ntfctn><Id>80309K//12622//1</Id><CreDtTm>2018-09-09T11:00:00</CreDtTm><Acct><Id><PrtryAcct><Id>20594233939774</Id></PrtryAcct></Id><Ccy>GBP</Ccy></Acct><TxsSummry><TtlNtries><NbOfNtries>2</NbOfNtries><Sum>167.00</Sum></TtlNtries><TtlCdtNtries><NbOfNtries>2</NbOfNtries><Sum>167.00</Sum></TtlCdtNtries><TtlDbtNtries><NbOfNtries>0</NbOfNtries><Sum>0.00</Sum></TtlDbtNtries></TxsSummry><Ntry><Amt Ccy="GBP">15.00</Amt><CdtDbtInd>CRDT</CdtDbtInd><Sts>BOOK</Sts><BookgDt><Dt>2018-09-10</Dt></BookgDt><BkTxCd><Prtry><Cd>SIP UKBA CR 40269</Cd></Prtry></BkTxCd><TxDtls><Refs><EndToEndId>NOREF</EndToEndId><TxId>100000000385576556</TxId></Refs><RltdPties><Dbtr><Nm>C Rowlands</Nm></Dbtr><DbtrAcct><Id><PrtryAcct><Id>11004413213864</Id></PrtryAcct></Id></DbtrAcct><Cdtr><Nm>BUISSNESS ACCOUNT</Nm></Cdtr><CdtrAcct><Id><PrtryAcct><Id>23008200222354</Id></PrtryAcct></Id></CdtrAcct><Prtry><Tp>BUISSNESS</Tp><Pty/></Prtry></RltdPties><RmtInf><Strd><AddtlRmtInf>NO REF</AddtlRmtInf></Strd><Strd><AddtlRmtInf>C Rowlands//BUISSNESS</AddtlRmtInf></Strd></RmtInf><RltdDts><TxDtTm>2018-09-09T10:45:28</TxDtTm></RltdDts><AddtlTxInf>1000000003855765561020180909826110044</AddtlTxInf></TxDtls><AddtlNtryInf>COMPLETE//0000//003//CREDIT</AddtlNtryInf></Ntry><Ntry><Amt Ccy="GBP">152.00</Amt><CdtDbtInd>CRDT</CdtDbtInd><Sts>BOOK</Sts><BookgDt><Dt>2018-09-10</Dt></BookgDt><BkTxCd><Prtry><Cd>SIP UKBA CR 40269</Cd></Prtry></BkTxCd><TxDtls><Refs><EndToEndId>LABOUR</EndToEndId><TxId>63105648003971000N</TxId><Prtry><Tp>STO REF</Tp><Ref>0000</Ref></Prtry></Refs><RltdPties><Dbtr><Nm>BALAZOVA L</Nm></Dbtr><DbtrAcct><Id><PrtryAcct><Id>60021762779966</Id></PrtryAcct></Id></DbtrAcct><Cdtr><Nm>OST CONCERTE</Nm></Cdtr><CdtrAcct><Id><PrtryAcct><Id>23008200221800</Id></PrtryAcct></Id></CdtrAcct><Prtry><Tp>LABOUR</Tp><Pty/></Prtry></RltdPties><RmtInf><Strd><AddtlRmtInf>BALAZOVA L        LABOUR            VIA ONLINE - PYMT</AddtlRmtInf></Strd><Strd><AddtlRmtInf>BALAZOVA L//LABOUR</AddtlRmtInf></Strd></RmtInf><RltdDts><TxDtTm>2018-09-09T10:56:48</TxDtTm></RltdDts><AddtlTxInf>63105648003971000N1020180909826600217</AddtlTxInf></TxDtls><AddtlNtryInf>COMPLETE//0000//003//CREDIT</AddtlNtryInf></Ntry></Ntfctn></BkToCstmrDbtCdtNtfctnV01></Document>