<?xml version="1.0" encoding="UTF-8"?><Document xmlns:xsi="http://www.w3.org/2001/XMLSchema-instance" xmlns="urn:iso:std:iso:20022:tech:xsd:camt.054.001.01"><BkToCstmrDbtCdtNtfctnV01><GrpHdr><MsgId>80309K//12980</MsgId><CreDtTm>2018-09-17T19:30:00</CreDtTm></GrpHdr><Ntfctn><Id>80309K//12980//1</Id><CreDtTm>2018-09-17T19:30:00</CreDtTm><Acct><Id><PrtryAcct><Id>20594233939774</Id></PrtryAcct></Id><Ccy>GBP</Ccy></Acct><TxsSummry><TtlNtries><NbOfNtries>11</NbOfNtries><Sum>2341.66</Sum></TtlNtries><TtlCdtNtries><NbOfNtries>9</NbOfNtries><Sum>137.33</Sum></TtlCdtNtries><TtlDbtNtries><NbOfNtries>2</NbOfNtries><Sum>2204.33</Sum></TtlDbtNtries></TxsSummry><Ntry><Amt Ccy="GBP">1078.33</Amt><CdtDbtInd>DBIT</CdtDbtInd><Sts>BOOK</Sts><BookgDt><Dt>2018-09-18</Dt></BookgDt><BkTxCd><Prtry><Cd>AUT UKBA DR 30278</Cd></Prtry></BkTxCd><TxDtls><Refs><TxId>000000000336892900</TxId></Refs><RltdPties><DbtrAcct><Id><PrtryAcct><Id>20594233939774</Id></PrtryAcct></Id></DbtrAcct></RltdPties><RmtInf><Strd><AddtlRmtInf>NO REF</AddtlRmtInf></Strd><Strd><AddtlRmtInf>20180917A44639//7S      F1TIA1R692</AddtlRmtInf></Strd></RmtInf><RltdDts><TxDtTm>2018-09-17T19:01:47</TxDtTm></RltdDts><AddtlTxInf>0000000003368929000020180917826205942</AddtlTxInf></TxDtls><AddtlNtryInf>AUTHSENT//0000//003//DEBIT</AddtlNtryInf></Ntry><Ntry><Amt Ccy="GBP">10.00</Amt><CdtDbtInd>CRDT</CdtDbtInd><Sts>BOOK</Sts><BookgDt><Dt>2018-09-18</Dt></BookgDt><BkTxCd><Prtry><Cd>DCA UKBA CR 40269</Cd></Prtry></BkTxCd><TxDtls><Refs><EndToEndId>NOREF</EndToEndId><TxId>000000013589794201</TxId><Prtry><Tp>STO REF</Tp><Ref>0000</Ref></Prtry></Refs><RltdPties><Dbtr><Nm>23008200445068</Nm></Dbtr><DbtrAcct><Id><PrtryAcct><Id>20594233939774</Id></PrtryAcct></Id></DbtrAcct><Cdtr><Nm>JOHN BROCKLEHURST</Nm></Cdtr><CdtrAcct><Id><PrtryAcct><Id>23008200446610</Id></PrtryAcct></Id></CdtrAcct></RltdPties><RmtInf><Strd><AddtlRmtInf>NO REF</AddtlRmtInf></Strd><Strd><AddtlRmtInf>23008200445068//</AddtlRmtInf></Strd></RmtInf><RltdDts><TxDtTm>2018-09-17T19:01:50</TxDtTm></RltdDts><AddtlTxInf>0000000135897942015020180917826205942</AddtlTxInf></TxDtls><AddtlNtryInf>COMPLETE//0000//003//CREDIT</AddtlNtryInf></Ntry><Ntry><Amt Ccy="GBP">20.33</Amt><CdtDbtInd>CRDT</CdtDbtInd><Sts>BOOK</Sts><BookgDt><Dt>2018-09-18</Dt></BookgDt><BkTxCd><Prtry><Cd>DCA UKBA CR 40269</Cd></Prtry></BkTxCd><TxDtls><Refs><EndToEndId>NOREF</EndToEndId><TxId>000000013589794301</TxId><Prtry><Tp>STO REF</Tp><Ref>0000</Ref></Prtry></Refs><RltdPties><Dbtr><Nm>23008200092375</Nm></Dbtr><DbtrAcct><Id><PrtryAcct><Id>20594233939774</Id></PrtryAcct></Id></DbtrAcct><Cdtr><Nm>MARIE WARD</Nm></Cdtr><CdtrAcct><Id><PrtryAcct><Id>23008200361842</Id></PrtryAcct></Id></CdtrAcct><Prtry><Tp>PETROL</Tp><Pty/></Prtry></RltdPties><RmtInf><Strd><AddtlRmtInf>NO REF</AddtlRmtInf></Strd><Strd><AddtlRmtInf>23008200092375//PETROL</AddtlRmtInf></Strd></RmtInf><RltdDts><TxDtTm>2018-09-17T19:01:50</TxDtTm></RltdDts><AddtlTxInf>0000000135897943015020180917826205942</AddtlTxInf></TxDtls><AddtlNtryInf>COMPLETE//0000//003//CREDIT</AddtlNtryInf></Ntry><Ntry><Amt Ccy="GBP">1126.00</Amt><CdtDbtInd>DBIT</CdtDbtInd><Sts>BOOK</Sts><BookgDt><Dt>2018-09-18</Dt></BookgDt><BkTxCd><Prtry><Cd>AUT UKBA DR 30278</Cd></Prtry></BkTxCd><TxDtls><Refs><TxId>000000000336893100</TxId></Refs><RltdPties><DbtrAcct><Id><PrtryAcct><Id>20594233939774</Id></PrtryAcct></Id></DbtrAcct></RltdPties><RmtInf><Strd><AddtlRmtInf>NO REF</AddtlRmtInf></Strd><Strd><AddtlRmtInf>20180917A44639//7S      F1TGFKP690</AddtlRmtInf></Strd></RmtInf><RltdDts><TxDtTm>2018-09-17T19:01:57</TxDtTm></RltdDts><AddtlTxInf>0000000003368931000020180917826205942</AddtlTxInf></TxDtls><AddtlNtryInf>AUTHSENT//0000//003//DEBIT</AddtlNtryInf></Ntry><Ntry><Amt Ccy="GBP">10.00</Amt><CdtDbtInd>CRDT</CdtDbtInd><Sts>BOOK</Sts><BookgDt><Dt>2018-09-18</Dt></BookgDt><BkTxCd><Prtry><Cd>SIP UKBA CR 40269</Cd></Prtry></BkTxCd><TxDtls><Refs><EndToEndId>NOREF</EndToEndId><TxId>300000000393216293</TxId></Refs><RltdPties><Dbtr><Nm>P Moretti</Nm></Dbtr><DbtrAcct><Id><PrtryAcct><Id>30995524092368</Id></PrtryAcct></Id></DbtrAcct><Cdtr><Nm>PAULA FIDALGO</Nm></Cdtr><CdtrAcct><Id><PrtryAcct><Id>23008200215727</Id></PrtryAcct></Id></CdtrAcct><Prtry><Tp>M</Tp><Pty/></Prtry></RltdPties><RmtInf><Strd><AddtlRmtInf>NO REF</AddtlRmtInf></Strd><Strd><AddtlRmtInf>P Moretti//M</AddtlRmtInf></Strd></RmtInf><RltdDts><TxDtTm>2018-09-17T19:11:20</TxDtTm></RltdDts><AddtlTxInf>3000000003932162931020180917826309955</AddtlTxInf></TxDtls><AddtlNtryInf>COMPLETE//0000//003//CREDIT</AddtlNtryInf></Ntry><Ntry><Amt Ccy="GBP">20.00</Amt><CdtDbtInd>CRDT</CdtDbtInd><Sts>BOOK</Sts><BookgDt><Dt>2018-09-18</Dt></BookgDt><BkTxCd><Prtry><Cd>SIP UKBA CR 40269</Cd></Prtry></BkTxCd><TxDtls><Refs><EndToEndId>00151596632BBDHLHY</EndToEndId><TxId>00151596632BBDHLHY</TxId></Refs><RltdPties><Dbtr><Nm>ADENIYI OKE</Nm></Dbtr><DbtrAcct><Id><PrtryAcct><Id>09012745555112</Id></PrtryAcct></Id></DbtrAcct><Cdtr><Nm>TANNES SOLUTION</Nm></Cdtr><CdtrAcct><Id><PrtryAcct><Id>23008200220991</Id></PrtryAcct></Id></CdtrAcct><Prtry><Tp>Niyi</Tp><Pty/></Prtry></RltdPties><RmtInf><Strd><AddtlRmtInf>NO REF</AddtlRmtInf></Strd><Strd><AddtlRmtInf>ADENIYI OKE//Niyi</AddtlRmtInf></Strd></RmtInf><RltdDts><TxDtTm>2018-09-17T19:15:26</TxDtTm></RltdDts><AddtlTxInf>00151596632BBDHLHY1020180917826090127</AddtlTxInf></TxDtls><AddtlNtryInf>COMPLETE//0000//003//CREDIT</AddtlNtryInf></Ntry><Ntry><Amt Ccy="GBP">20.00</Amt><CdtDbtInd>CRDT</CdtDbtInd><Sts>BOOK</Sts><BookgDt><Dt>2018-09-18</Dt></BookgDt><BkTxCd><Prtry><Cd>DCA UKBA CR 40269</Cd></Prtry></BkTxCd><TxDtls><Refs><EndToEndId>NOREF</EndToEndId><TxId>000000013589818001</TxId><Prtry><Tp>STO REF</Tp><Ref>0000</Ref></Prtry></Refs><RltdPties><Dbtr><Nm>23630701637909</Nm></Dbtr><DbtrAcct><Id><PrtryAcct><Id>20594243523659</Id></PrtryAcct></Id></DbtrAcct><Cdtr><Nm>23008200446755</Nm></Cdtr><CdtrAcct><Id><PrtryAcct><Id>20594233939774</Id></PrtryAcct></Id></CdtrAcct><Prtry><Tp>RTN</Tp><Pty/></Prtry></RltdPties><RmtInf><Strd><AddtlRmtInf>NO REF</AddtlRmtInf></Strd><Strd><AddtlRmtInf>23630701637909//RTN</AddtlRmtInf></Strd></RmtInf><RltdDts><TxDtTm>2018-09-17T19:16:54</TxDtTm></RltdDts><AddtlTxInf>0000000135898180015020180917826205942</AddtlTxInf></TxDtls><AddtlNtryInf>COMPLETE//0000//003//CREDIT</AddtlNtryInf></Ntry><Ntry><Amt Ccy="GBP">1.00</Amt><CdtDbtInd>CRDT</CdtDbtInd><Sts>BOOK</Sts><BookgDt><Dt>2018-09-18</Dt></BookgDt><BkTxCd><Prtry><Cd>DCA UKBA CR 40269</Cd></Prtry></BkTxCd><TxDtls><Refs><EndToEndId>NOREF</EndToEndId><TxId>000000013589817901</TxId><Prtry><Tp>STO REF</Tp><Ref>0000</Ref></Prtry></Refs><RltdPties><Dbtr><Nm>23630701548587</Nm></Dbtr><DbtrAcct><Id><PrtryAcct><Id>20594243523659</Id></PrtryAcct></Id></DbtrAcct><Cdtr><Nm>23008200386714</Nm></Cdtr><CdtrAcct><Id><PrtryAcct><Id>20594233939774</Id></PrtryAcct></Id></CdtrAcct><Prtry><Tp>RTN</Tp><Pty/></Prtry></RltdPties><RmtInf><Strd><AddtlRmtInf>NO REF</AddtlRmtInf></Strd><Strd><AddtlRmtInf>23630701548587//RTN</AddtlRmtInf></Strd></RmtInf><RltdDts><TxDtTm>2018-09-17T19:16:54</TxDtTm></RltdDts><AddtlTxInf>0000000135898179015020180917826205942</AddtlTxInf></TxDtls><AddtlNtryInf>COMPLETE//0000//003//CREDIT</AddtlNtryInf></Ntry><Ntry><Amt Ccy="GBP">1.00</Amt><CdtDbtInd>CRDT</CdtDbtInd><Sts>BOOK</Sts><BookgDt><Dt>2018-09-18</Dt></BookgDt><BkTxCd><Prtry><Cd>DCA UKBA CR 40269</Cd></Prtry></BkTxCd><TxDtls><Refs><EndToEndId>NOREF</EndToEndId><TxId>000000013589826801</TxId><Prtry><Tp>STO REF</Tp><Ref>0000</Ref></Prtry></Refs><RltdPties><Dbtr><Nm>23630701634921</Nm></Dbtr><DbtrAcct><Id><PrtryAcct><Id>20594243523659</Id></PrtryAcct></Id></DbtrAcct><Cdtr><Nm>MISS L DRAZKOWSKA</Nm></Cdtr><CdtrAcct><Id><PrtryAcct><Id>23008200443806</Id></PrtryAcct></Id></CdtrAcct><Prtry><Tp>RE</Tp><Pty/></Prtry></RltdPties><RmtInf><Strd><AddtlRmtInf>NO REF</AddtlRmtInf></Strd><Strd><AddtlRmtInf>23630701634921//RE</AddtlRmtInf></Strd></RmtInf><RltdDts><TxDtTm>2018-09-17T19:17:11</TxDtTm></RltdDts><AddtlTxInf>0000000135898268015020180917826205942</AddtlTxInf></TxDtls><AddtlNtryInf>COMPLETE//0000//003//CREDIT</AddtlNtryInf></Ntry><Ntry><Amt Ccy="GBP">22.00</Amt><CdtDbtInd>CRDT</CdtDbtInd><Sts>BOOK</Sts><BookgDt><Dt>2018-09-18</Dt></BookgDt><BkTxCd><Prtry><Cd>DCA UKBA CR 40269</Cd></Prtry></BkTxCd><TxDtls><Refs><EndToEndId>NOREF</EndToEndId><TxId>000000013589859401</TxId><Prtry><Tp>STO REF</Tp><Ref>8207</Ref></Prtry></Refs><RltdPties><Dbtr><Nm>EVA AMBER DONKER</Nm></Dbtr><DbtrAcct><Id><PrtryAcct><Id>20035373152596</Id></PrtryAcct></Id></DbtrAcct><Cdtr><Nm>HARRY OLOLADE</Nm></Cdtr><CdtrAcct><Id><PrtryAcct><Id>23008200450351</Id></PrtryAcct></Id></CdtrAcct><Prtry><Tp>HARRY OLOLADE</Tp><Pty/></Prtry></RltdPties><RmtInf><Strd><AddtlRmtInf>NO REF</AddtlRmtInf></Strd><Strd><AddtlRmtInf>EVA AMBER DONKER//HARRY OLOLADE</AddtlRmtInf></Strd></RmtInf><RltdDts><TxDtTm>2018-09-17T19:22:36</TxDtTm></RltdDts><AddtlTxInf>0000000135898594015020180917826200353</AddtlTxInf></TxDtls><AddtlNtryInf>COMPLETE//0000//003//CREDIT</AddtlNtryInf></Ntry><Ntry><Amt Ccy="GBP">33.00</Amt><CdtDbtInd>CRDT</CdtDbtInd><Sts>BOOK</Sts><BookgDt><Dt>2018-09-18</Dt></BookgDt><BkTxCd><Prtry><Cd>SIP UKBA CR 40269</Cd></Prtry></BkTxCd><TxDtls><Refs><EndToEndId>NOREF</EndToEndId><TxId>600000000389285821</TxId></Refs><RltdPties><Dbtr><Nm>J Chrappah</Nm></Dbtr><DbtrAcct><Id><PrtryAcct><Id>11181131677974</Id></PrtryAcct></Id></DbtrAcct><Cdtr><Nm>JAYARO</Nm></Cdtr><CdtrAcct><Id><PrtryAcct><Id>23008200207569</Id></PrtryAcct></Id></CdtrAcct><Prtry><Tp>FUNDS3</Tp><Pty/></Prtry></RltdPties><RmtInf><Strd><AddtlRmtInf>NO REF</AddtlRmtInf></Strd><Strd><AddtlRmtInf>J Chrappah//FUNDS3</AddtlRmtInf></Strd></RmtInf><RltdDts><TxDtTm>2018-09-17T19:23:41</TxDtTm></RltdDts><AddtlTxInf>6000000003892858211020180917826111811</AddtlTxInf></TxDtls><AddtlNtryInf>COMPLETE//0000//003//CREDIT</AddtlNtryInf></Ntry></Ntfctn></BkToCstmrDbtCdtNtfctnV01></Document>