<?xml version="1.0" encoding="UTF-8"?><Document xmlns:xsi="http://www.w3.org/2001/XMLSchema-instance" xmlns="urn:iso:std:iso:20022:tech:xsd:camt.054.001.01"><BkToCstmrDbtCdtNtfctnV01><GrpHdr><MsgId>80309K//12623</MsgId><CreDtTm>2018-09-09T11:30:00</CreDtTm></GrpHdr><Ntfctn><Id>80309K//12623//1</Id><CreDtTm>2018-09-09T11:30:00</CreDtTm><Acct><Id><PrtryAcct><Id>20594233939774</Id></PrtryAcct></Id><Ccy>GBP</Ccy></Acct><TxsSummry><TtlNtries><NbOfNtries>5</NbOfNtries><Sum>674.01</Sum></TtlNtries><TtlCdtNtries><NbOfNtries>4</NbOfNtries><Sum>233.01</Sum></TtlCdtNtries><TtlDbtNtries><NbOfNtries>1</NbOfNtries><Sum>441.00</Sum></TtlDbtNtries></TxsSummry><Ntry><Amt Ccy="GBP">441.00</Amt><CdtDbtInd>DBIT</CdtDbtInd><Sts>BOOK</Sts><BookgDt><Dt>2018-09-10</Dt></BookgDt><BkTxCd><Prtry><Cd>AUT UKBA DR 30278</Cd></Prtry></BkTxCd><TxDtls><Refs><TxId>000000000335846600</TxId></Refs><RltdPties><DbtrAcct><Id><PrtryAcct><Id>20594233939774</Id></PrtryAcct></Id></DbtrAcct></RltdPties><RmtInf><Strd><AddtlRmtInf>NO REF</AddtlRmtInf></Strd><Strd><AddtlRmtInf>20180909A44639//7S      F121JPN585</AddtlRmtInf></Strd></RmtInf><RltdDts><TxDtTm>2018-09-09T11:01:29</TxDtTm></RltdDts><AddtlTxInf>0000000003358466000020180909826205942</AddtlTxInf></TxDtls><AddtlNtryInf>AUTHSENT//0000//003//DEBIT</AddtlNtryInf></Ntry><Ntry><Amt Ccy="GBP">75.00</Amt><CdtDbtInd>CRDT</CdtDbtInd><Sts>BOOK</Sts><BookgDt><Dt>2018-09-10</Dt></BookgDt><BkTxCd><Prtry><Cd>SIP UKBA CR 40269</Cd></Prtry></BkTxCd><TxDtls><Refs><EndToEndId>NOREF</EndToEndId><TxId>RP4659984179391700</TxId></Refs><RltdPties><Dbtr><Nm>T A MARSHALL</Nm></Dbtr><DbtrAcct><Id><PrtryAcct><Id>20396480598240</Id></PrtryAcct></Id></DbtrAcct><Cdtr><Nm>T A MARSHALL</Nm></Cdtr><CdtrAcct><Id><PrtryAcct><Id>23008200033369</Id></PrtryAcct></Id></CdtrAcct><Prtry><Tp>ME</Tp><Pty/></Prtry></RltdPties><RmtInf><Strd><AddtlRmtInf>NO REF</AddtlRmtInf></Strd><Strd><AddtlRmtInf>T A MARSHALL//ME</AddtlRmtInf></Strd></RmtInf><RltdDts><TxDtTm>2018-09-09T11:06:26</TxDtTm></RltdDts><AddtlTxInf>RP46599841793917001020180909826200026</AddtlTxInf></TxDtls><AddtlNtryInf>COMPLETE//0000//003//CREDIT</AddtlNtryInf></Ntry><Ntry><Amt Ccy="GBP">150.00</Amt><CdtDbtInd>CRDT</CdtDbtInd><Sts>BOOK</Sts><BookgDt><Dt>2018-09-10</Dt></BookgDt><BkTxCd><Prtry><Cd>SIP UKBA CR 40269</Cd></Prtry></BkTxCd><TxDtls><Refs><EndToEndId>INSTA</EndToEndId><TxId>63110712118583000R</TxId><Prtry><Tp>STO REF</Tp><Ref>0000</Ref></Prtry></Refs><RltdPties><Dbtr><Nm>MAHMOOD A</Nm></Dbtr><DbtrAcct><Id><PrtryAcct><Id>83202210096320</Id></PrtryAcct></Id></DbtrAcct><Cdtr><Nm>ALI KAMRAN</Nm></Cdtr><CdtrAcct><Id><PrtryAcct><Id>23008200386714</Id></PrtryAcct></Id></CdtrAcct><Prtry><Tp>INSTA</Tp><Pty/></Prtry></RltdPties><RmtInf><Strd><AddtlRmtInf>MAHMOOD A         INSTA             VIA MOBILE - LVP</AddtlRmtInf></Strd><Strd><AddtlRmtInf>MAHMOOD A//INSTA</AddtlRmtInf></Strd></RmtInf><RltdDts><TxDtTm>2018-09-09T11:07:12</TxDtTm></RltdDts><AddtlTxInf>63110712118583000R1020180909826832022</AddtlTxInf></TxDtls><AddtlNtryInf>COMPLETE//0000//003//CREDIT</AddtlNtryInf></Ntry><Ntry><Amt Ccy="GBP">8.00</Amt><CdtDbtInd>CRDT</CdtDbtInd><Sts>BOOK</Sts><BookgDt><Dt>2018-09-10</Dt></BookgDt><BkTxCd><Prtry><Cd>SIP UKBA CR 40269</Cd></Prtry></BkTxCd><TxDtls><Refs><EndToEndId>00153425632BVYBNWJ</EndToEndId><TxId>00153425632BVYBNWJ</TxId></Refs><RltdPties><Dbtr><Nm>CATHAL BROWNE</Nm></Dbtr><DbtrAcct><Id><PrtryAcct><Id>09012915353076</Id></PrtryAcct></Id></DbtrAcct><Cdtr><Nm>MR CATHAL BROWNE</Nm></Cdtr><CdtrAcct><Id><PrtryAcct><Id>23008200073589</Id></PrtryAcct></Id></CdtrAcct><Prtry><Tp>cash</Tp><Pty/></Prtry></RltdPties><RmtInf><Strd><AddtlRmtInf>NO REF</AddtlRmtInf></Strd><Strd><AddtlRmtInf>CATHAL BROWNE//cash</AddtlRmtInf></Strd></RmtInf><RltdDts><TxDtTm>2018-09-09T11:15:08</TxDtTm></RltdDts><AddtlTxInf>00153425632BVYBNWJ1020180909826090129</AddtlTxInf></TxDtls><AddtlNtryInf>COMPLETE//0000//003//CREDIT</AddtlNtryInf></Ntry><Ntry><Amt Ccy="GBP">0.01</Amt><CdtDbtInd>CRDT</CdtDbtInd><Sts>BOOK</Sts><BookgDt><Dt>2018-09-10</Dt></BookgDt><BkTxCd><Prtry><Cd>SIP UKBA CR 40269</Cd></Prtry></BkTxCd><TxDtls><Refs><EndToEndId>PPRD00000000ALXNLM</EndToEndId><TxId>PPRD00000000ALXNLM</TxId></Refs><RltdPties><Dbtr><Nm>PAYPAL CODE 4522</Nm><PstlAdr><AdrLine>2211 N 1st Street San Jose CA 95131</AdrLine><Ctry/></PstlAdr></Dbtr><DbtrAcct><Id><PrtryAcct><Id>23526285010101</Id></PrtryAcct></Id></DbtrAcct><Cdtr><Nm>John Little</Nm><PstlAdr><AdrLine>2 Elm Road</AdrLine><Ctry/></PstlAdr></Cdtr><CdtrAcct><Id><PrtryAcct><Id>23008200436139</Id></PrtryAcct></Id></CdtrAcct><Prtry><Tp>PAYPAL CODE 4522</Tp><Pty/></Prtry></RltdPties><RmtInf><Strd><RfrdDocInf><RfrdDocTp><Prtry>002</Prtry></RfrdDocTp></RfrdDocInf><AddtlRmtInf>NO REF</AddtlRmtInf></Strd><Strd><AddtlRmtInf>PAYPAL CODE 4522//PAYPAL CODE 4522</AddtlRmtInf></Strd></RmtInf><RltdDts><TxDtTm>2018-09-09T11:24:19</TxDtTm></RltdDts><AddtlTxInf>PPRD00000000ALXNLM1020180909826235262</AddtlTxInf></TxDtls><AddtlNtryInf>COMPLETE//0000//003//CREDIT</AddtlNtryInf></Ntry></Ntfctn></BkToCstmrDbtCdtNtfctnV01></Document>