<?xml version="1.0" encoding="UTF-8"?><Document xmlns:xsi="http://www.w3.org/2001/XMLSchema-instance" xmlns="urn:iso:std:iso:20022:tech:xsd:camt.054.001.01"><BkToCstmrDbtCdtNtfctnV01><GrpHdr><MsgId>80309K//13063</MsgId><CreDtTm>2018-09-19T18:00:00</CreDtTm></GrpHdr><Ntfctn><Id>80309K//13063//1</Id><CreDtTm>2018-09-19T18:00:00</CreDtTm><Acct><Id><PrtryAcct><Id>20594233939774</Id></PrtryAcct></Id><Ccy>GBP</Ccy></Acct><TxsSummry><TtlNtries><NbOfNtries>9</NbOfNtries><Sum>1871.90</Sum></TtlNtries><TtlCdtNtries><NbOfNtries>9</NbOfNtries><Sum>1871.90</Sum></TtlCdtNtries><TtlDbtNtries><NbOfNtries>0</NbOfNtries><Sum>0.00</Sum></TtlDbtNtries></TxsSummry><Ntry><Amt Ccy="GBP">85.00</Amt><CdtDbtInd>CRDT</CdtDbtInd><Sts>BOOK</Sts><BookgDt><Dt>2018-09-19</Dt></BookgDt><BkTxCd><Prtry><Cd>SIP UKBA CR 40269</Cd></Prtry></BkTxCd><TxDtls><Refs><EndToEndId>TH 661</EndToEndId><TxId>18173247324699000N</TxId><Prtry><Tp>STO REF</Tp><Ref>0000</Ref></Prtry></Refs><RltdPties><Dbtr><Nm>HART T</Nm></Dbtr><DbtrAcct><Id><PrtryAcct><Id>60113723330023</Id></PrtryAcct></Id></DbtrAcct><Cdtr><Nm>SONIC BACKLINKS</Nm></Cdtr><CdtrAcct><Id><PrtryAcct><Id>23008200225081</Id></PrtryAcct></Id></CdtrAcct><Prtry><Tp>TH 661</Tp><Pty/></Prtry></RltdPties><RmtInf><Strd><AddtlRmtInf>HART T            TH 661            VIA MOBILE - LVP</AddtlRmtInf></Strd><Strd><AddtlRmtInf>HART T//TH 661</AddtlRmtInf></Strd></RmtInf><RltdDts><TxDtTm>2018-09-19T17:32:47</TxDtTm></RltdDts><AddtlTxInf>18173247324699000N1020180919826601137</AddtlTxInf></TxDtls><AddtlNtryInf>COMPLETE//0000//003//CREDIT</AddtlNtryInf></Ntry><Ntry><Amt Ccy="GBP">382.90</Amt><CdtDbtInd>CRDT</CdtDbtInd><Sts>BOOK</Sts><BookgDt><Dt>2018-09-19</Dt></BookgDt><BkTxCd><Prtry><Cd>SIP UKBA CR 40269</Cd></Prtry></BkTxCd><TxDtls><Refs><EndToEndId>NOREF</EndToEndId><TxId>49173338269826000N</TxId><Prtry><Tp>STO REF</Tp><Ref>0000</Ref></Prtry></Refs><RltdPties><Dbtr><Nm>DWP GB FP LP FUNDI</Nm></Dbtr><DbtrAcct><Id><PrtryAcct><Id>60708010028668</Id></PrtryAcct></Id></DbtrAcct><Cdtr><Nm>N KKAMA</Nm></Cdtr><CdtrAcct><Id><PrtryAcct><Id>23008200452534</Id></PrtryAcct></Id></CdtrAcct><Prtry><Tp>JL053665B DWP JSA</Tp><Pty/></Prtry></RltdPties><RmtInf><Strd><AddtlRmtInf>JL053665B DWP JSA</AddtlRmtInf></Strd><Strd><AddtlRmtInf>DWP GB FP LP FUNDI//JL053665B DWP JSA</AddtlRmtInf></Strd></RmtInf><RltdDts><TxDtTm>2018-09-19T17:33:38</TxDtTm></RltdDts><AddtlTxInf>49173338269826000N1020180919826607080</AddtlTxInf></TxDtls><AddtlNtryInf>COMPLETE//0000//003//CREDIT</AddtlNtryInf></Ntry><Ntry><Amt Ccy="GBP">1305.00</Amt><CdtDbtInd>CRDT</CdtDbtInd><Sts>BOOK</Sts><BookgDt><Dt>2018-09-19</Dt></BookgDt><BkTxCd><Prtry><Cd>SIP UKBA CR 40269</Cd></Prtry></BkTxCd><TxDtls><Refs><EndToEndId>00156527632BLZLJVM</EndToEndId><TxId>00156527632BLZLJVM</TxId></Refs><RltdPties><Dbtr><Nm>RHIANNA PRICE</Nm></Dbtr><DbtrAcct><Id><PrtryAcct><Id>09012689656009</Id></PrtryAcct></Id></DbtrAcct><Cdtr><Nm>O JOHNSON</Nm></Cdtr><CdtrAcct><Id><PrtryAcct><Id>23008200221522</Id></PrtryAcct></Id></CdtrAcct><Prtry><Tp>rhianna price</Tp><Pty/></Prtry></RltdPties><RmtInf><Strd><AddtlRmtInf>NO REF</AddtlRmtInf></Strd><Strd><AddtlRmtInf>RHIANNA PRICE//rhianna price</AddtlRmtInf></Strd></RmtInf><RltdDts><TxDtTm>2018-09-19T17:37:04</TxDtTm></RltdDts><AddtlTxInf>00156527632BLZLJVM1020180919826090126</AddtlTxInf></TxDtls><AddtlNtryInf>COMPLETE//0000//003//CREDIT</AddtlNtryInf></Ntry><Ntry><Amt Ccy="GBP">30.00</Amt><CdtDbtInd>CRDT</CdtDbtInd><Sts>BOOK</Sts><BookgDt><Dt>2018-09-19</Dt></BookgDt><BkTxCd><Prtry><Cd>SIP UKBA CR 40269</Cd></Prtry></BkTxCd><TxDtls><Refs><EndToEndId>KENNY</EndToEndId><TxId>13173911300518000R</TxId><Prtry><Tp>STO REF</Tp><Ref>0000</Ref></Prtry></Refs><RltdPties><Dbtr><Nm>AKINSANMI OW</Nm></Dbtr><DbtrAcct><Id><PrtryAcct><Id>83520017931918</Id></PrtryAcct></Id></DbtrAcct><Cdtr><Nm>SONIAN</Nm></Cdtr><CdtrAcct><Id><PrtryAcct><Id>23008200331960</Id></PrtryAcct></Id></CdtrAcct><Prtry><Tp>KENNY</Tp><Pty/></Prtry></RltdPties><RmtInf><Strd><AddtlRmtInf>AKINSANMI OW      KENNY             VIA MOBILE - LVP</AddtlRmtInf></Strd><Strd><AddtlRmtInf>AKINSANMI OW//KENNY</AddtlRmtInf></Strd></RmtInf><RltdDts><TxDtTm>2018-09-19T17:39:11</TxDtTm></RltdDts><AddtlTxInf>13173911300518000R1020180919826835200</AddtlTxInf></TxDtls><AddtlNtryInf>COMPLETE//0000//003//CREDIT</AddtlNtryInf></Ntry><Ntry><Amt Ccy="GBP">11.00</Amt><CdtDbtInd>CRDT</CdtDbtInd><Sts>BOOK</Sts><BookgDt><Dt>2018-09-19</Dt></BookgDt><BkTxCd><Prtry><Cd>SIP UKBA CR 40269</Cd></Prtry></BkTxCd><TxDtls><Refs><EndToEndId>00151251632BBFXLHR</EndToEndId><TxId>00151251632BBFXLHR</TxId></Refs><RltdPties><Dbtr><Nm>ABDALLAH DIEDHIOU</Nm></Dbtr><DbtrAcct><Id><PrtryAcct><Id>09012913180649</Id></PrtryAcct></Id></DbtrAcct><Cdtr><Nm>G C SERVICES</Nm></Cdtr><CdtrAcct><Id><PrtryAcct><Id>23008200035423</Id></PrtryAcct></Id></CdtrAcct><Prtry><Tp>g c services</Tp><Pty/></Prtry></RltdPties><RmtInf><Strd><AddtlRmtInf>NO REF</AddtlRmtInf></Strd><Strd><AddtlRmtInf>ABDALLAH DIEDHIOU//g c services</AddtlRmtInf></Strd></RmtInf><RltdDts><TxDtTm>2018-09-19T17:46:42</TxDtTm></RltdDts><AddtlTxInf>00151251632BBFXLHR1020180919826090129</AddtlTxInf></TxDtls><AddtlNtryInf>COMPLETE//0000//003//CREDIT</AddtlNtryInf></Ntry><Ntry><Amt Ccy="GBP">16.00</Amt><CdtDbtInd>CRDT</CdtDbtInd><Sts>BOOK</Sts><BookgDt><Dt>2018-09-19</Dt></BookgDt><BkTxCd><Prtry><Cd>SIP UKBA CR 40269</Cd></Prtry></BkTxCd><TxDtls><Refs><EndToEndId>00151251632BBFXLHV</EndToEndId><TxId>00151251632BBFXLHV</TxId></Refs><RltdPties><Dbtr><Nm>ABDALLAH DIEDHIOU</Nm></Dbtr><DbtrAcct><Id><PrtryAcct><Id>09012913180649</Id></PrtryAcct></Id></DbtrAcct><Cdtr><Nm>pas fleets ltd</Nm></Cdtr><CdtrAcct><Id><PrtryAcct><Id>23008200034376</Id></PrtryAcct></Id></CdtrAcct><Prtry><Tp>pas fllets</Tp><Pty/></Prtry></RltdPties><RmtInf><Strd><AddtlRmtInf>NO REF</AddtlRmtInf></Strd><Strd><AddtlRmtInf>ABDALLAH DIEDHIOU//pas fllets</AddtlRmtInf></Strd></RmtInf><RltdDts><TxDtTm>2018-09-19T17:50:24</TxDtTm></RltdDts><AddtlTxInf>00151251632BBFXLHV1020180919826090129</AddtlTxInf></TxDtls><AddtlNtryInf>COMPLETE//0000//003//CREDIT</AddtlNtryInf></Ntry><Ntry><Amt Ccy="GBP">20.00</Amt><CdtDbtInd>CRDT</CdtDbtInd><Sts>BOOK</Sts><BookgDt><Dt>2018-09-19</Dt></BookgDt><BkTxCd><Prtry><Cd>SIP UKBA CR 40269</Cd></Prtry></BkTxCd><TxDtls><Refs><EndToEndId>NOREF</EndToEndId><TxId>RP4679961758483600</TxId></Refs><RltdPties><Dbtr><Nm>SINGH NG</Nm></Dbtr><DbtrAcct><Id><PrtryAcct><Id>20448650894303</Id></PrtryAcct></Id></DbtrAcct><Cdtr><Nm>RAVI KUMAR</Nm></Cdtr><CdtrAcct><Id><PrtryAcct><Id>23008200163743</Id></PrtryAcct></Id></CdtrAcct><Prtry><Tp>NAVTEJ</Tp><Pty/></Prtry></RltdPties><RmtInf><Strd><AddtlRmtInf>NO REF</AddtlRmtInf></Strd><Strd><AddtlRmtInf>SINGH NG//NAVTEJ</AddtlRmtInf></Strd></RmtInf><RltdDts><TxDtTm>2018-09-19T17:51:28</TxDtTm></RltdDts><AddtlTxInf>RP46799617584836001020180919826200026</AddtlTxInf></TxDtls><AddtlNtryInf>COMPLETE//0000//003//CREDIT</AddtlNtryInf></Ntry><Ntry><Amt Ccy="GBP">21.00</Amt><CdtDbtInd>CRDT</CdtDbtInd><Sts>BOOK</Sts><BookgDt><Dt>2018-09-19</Dt></BookgDt><BkTxCd><Prtry><Cd>DCA UKBA CR 40269</Cd></Prtry></BkTxCd><TxDtls><Refs><EndToEndId>NOREF</EndToEndId><TxId>000000013613110801</TxId><Prtry><Tp>STO REF</Tp><Ref>8207</Ref></Prtry></Refs><RltdPties><Dbtr><Nm>EVA AMBER DONKER</Nm></Dbtr><DbtrAcct><Id><PrtryAcct><Id>20035373152596</Id></PrtryAcct></Id></DbtrAcct><Cdtr><Nm>ROSE OYENIYI</Nm></Cdtr><CdtrAcct><Id><PrtryAcct><Id>23008200455028</Id></PrtryAcct></Id></CdtrAcct><Prtry><Tp>ROSE OYENIYI</Tp><Pty/></Prtry></RltdPties><RmtInf><Strd><AddtlRmtInf>NO REF</AddtlRmtInf></Strd><Strd><AddtlRmtInf>EVA AMBER DONKER//ROSE OYENIYI</AddtlRmtInf></Strd></RmtInf><RltdDts><TxDtTm>2018-09-19T17:52:44</TxDtTm></RltdDts><AddtlTxInf>0000000136131108015020180919826200353</AddtlTxInf></TxDtls><AddtlNtryInf>COMPLETE//0000//003//CREDIT</AddtlNtryInf></Ntry><Ntry><Amt Ccy="GBP">1.00</Amt><CdtDbtInd>CRDT</CdtDbtInd><Sts>BOOK</Sts><BookgDt><Dt>2018-09-19</Dt></BookgDt><BkTxCd><Prtry><Cd>SIP UKBA CR 40269</Cd></Prtry></BkTxCd><TxDtls><Refs><EndToEndId>NOREF</EndToEndId><TxId>600000000389791148</TxId></Refs><RltdPties><Dbtr><Nm>K Brindle</Nm></Dbtr><DbtrAcct><Id><PrtryAcct><Id>77492631020860</Id></PrtryAcct></Id></DbtrAcct><Cdtr><Nm>CARL</Nm></Cdtr><CdtrAcct><Id><PrtryAcct><Id>23008200204673</Id></PrtryAcct></Id></CdtrAcct><Prtry><Tp>LUDYA</Tp><Pty/></Prtry></RltdPties><RmtInf><Strd><AddtlRmtInf>NO REF</AddtlRmtInf></Strd><Strd><AddtlRmtInf>K Brindle//LUDYA</AddtlRmtInf></Strd></RmtInf><RltdDts><TxDtTm>2018-09-19T17:57:24</TxDtTm></RltdDts><AddtlTxInf>6000000003897911481020180919826774926</AddtlTxInf></TxDtls><AddtlNtryInf>COMPLETE//0000//003//CREDIT</AddtlNtryInf></Ntry></Ntfctn></BkToCstmrDbtCdtNtfctnV01></Document>