<?xml version="1.0" encoding="UTF-8"?><Document xmlns:xsi="http://www.w3.org/2001/XMLSchema-instance" xmlns="urn:iso:std:iso:20022:tech:xsd:camt.054.001.01"><BkToCstmrDbtCdtNtfctnV01><GrpHdr><MsgId>80309K//13282</MsgId><CreDtTm>2018-09-24T20:30:00</CreDtTm></GrpHdr><Ntfctn><Id>80309K//13282//1</Id><CreDtTm>2018-09-24T20:30:00</CreDtTm><Acct><Id><PrtryAcct><Id>20594233939774</Id></PrtryAcct></Id><Ccy>GBP</Ccy></Acct><TxsSummry><TtlNtries><NbOfNtries>7</NbOfNtries><Sum>585.01</Sum></TtlNtries><TtlCdtNtries><NbOfNtries>7</NbOfNtries><Sum>585.01</Sum></TtlCdtNtries><TtlDbtNtries><NbOfNtries>0</NbOfNtries><Sum>0.00</Sum></TtlDbtNtries></TxsSummry><Ntry><Amt Ccy="GBP">2.01</Amt><CdtDbtInd>CRDT</CdtDbtInd><Sts>BOOK</Sts><BookgDt><Dt>2018-09-25</Dt></BookgDt><BkTxCd><Prtry><Cd>SIP UKBA CR 40269</Cd></Prtry></BkTxCd><TxDtls><Refs><EndToEndId>00153425632BWFJWMY</EndToEndId><TxId>00153425632BWFJWMY</TxId></Refs><RltdPties><Dbtr><Nm>MACANTHONY NWANEBI</Nm></Dbtr><DbtrAcct><Id><PrtryAcct><Id>09012923264898</Id></PrtryAcct></Id></DbtrAcct><Cdtr><Nm>BOO HOLID LTD</Nm></Cdtr><CdtrAcct><Id><PrtryAcct><Id>23008200224058</Id></PrtryAcct></Id></CdtrAcct><Prtry><Tp>BHL ArroMo</Tp><Pty/></Prtry></RltdPties><RmtInf><Strd><AddtlRmtInf>NO REF</AddtlRmtInf></Strd><Strd><AddtlRmtInf>MACANTHONY NWANEBI//BHL ArroMo</AddtlRmtInf></Strd></RmtInf><RltdDts><TxDtTm>2018-09-24T20:03:53</TxDtTm></RltdDts><AddtlTxInf>00153425632BWFJWMY1020180924826090129</AddtlTxInf></TxDtls><AddtlNtryInf>COMPLETE//0000//003//CREDIT</AddtlNtryInf></Ntry><Ntry><Amt Ccy="GBP">50.00</Amt><CdtDbtInd>CRDT</CdtDbtInd><Sts>BOOK</Sts><BookgDt><Dt>2018-09-25</Dt></BookgDt><BkTxCd><Prtry><Cd>SIP UKBA CR 40269</Cd></Prtry></BkTxCd><TxDtls><Refs><EndToEndId>NOREF</EndToEndId><TxId>200000000389827828</TxId></Refs><RltdPties><Dbtr><Nm>L Field</Nm></Dbtr><DbtrAcct><Id><PrtryAcct><Id>30995611269260</Id></PrtryAcct></Id></DbtrAcct><Cdtr><Nm>ROB</Nm></Cdtr><CdtrAcct><Id><PrtryAcct><Id>23008200053966</Id></PrtryAcct></Id></CdtrAcct><Prtry><Tp>CASH</Tp><Pty/></Prtry></RltdPties><RmtInf><Strd><AddtlRmtInf>NO REF</AddtlRmtInf></Strd><Strd><AddtlRmtInf>L Field//CASH</AddtlRmtInf></Strd></RmtInf><RltdDts><TxDtTm>2018-09-24T20:10:09</TxDtTm></RltdDts><AddtlTxInf>2000000003898278281020180924826309956</AddtlTxInf></TxDtls><AddtlNtryInf>COMPLETE//0000//003//CREDIT</AddtlNtryInf></Ntry><Ntry><Amt Ccy="GBP">3.00</Amt><CdtDbtInd>CRDT</CdtDbtInd><Sts>BOOK</Sts><BookgDt><Dt>2018-09-25</Dt></BookgDt><BkTxCd><Prtry><Cd>FDP UKBA CR 40269</Cd></Prtry></BkTxCd><TxDtls><Refs><EndToEndId>O65FT71C</EndToEndId><TxId>PH1000001402407500</TxId></Refs><RltdPties><Dbtr><Nm>CB Payments Ltd</Nm><PstlAdr><AdrLine>126 HUNDRED ACRE ROAD BIRMINGHAM B7</AdrLine><AdrLine>43DE GB</AdrLine><Ctry/></PstlAdr></Dbtr><DbtrAcct><Id><PrtryAcct><Id>20060563056902</Id></PrtryAcct></Id></DbtrAcct><Cdtr><Nm>23008200221683</Nm></Cdtr><CdtrAcct><Id><PrtryAcct><Id>20594233939774</Id></PrtryAcct></Id></CdtrAcct><Prtry><Tp>CBAGBPJXELCRSV</Tp><Pty/></Prtry></RltdPties><RmtInf><Strd><AddtlRmtInf>NO REF</AddtlRmtInf></Strd><Strd><AddtlRmtInf>CB Payments Ltd//CBAGBPJXELCRSV</AddtlRmtInf></Strd></RmtInf><RltdDts><TxDtTm>2018-09-24T20:13:58</TxDtTm></RltdDts><AddtlTxInf>PH10000014024075004020180924826203253</AddtlTxInf></TxDtls><AddtlNtryInf>COMPLETE//0000//003//CREDIT</AddtlNtryInf></Ntry><Ntry><Amt Ccy="GBP">200.00</Amt><CdtDbtInd>CRDT</CdtDbtInd><Sts>BOOK</Sts><BookgDt><Dt>2018-09-25</Dt></BookgDt><BkTxCd><Prtry><Cd>SIP UKBA CR 40269</Cd></Prtry></BkTxCd><TxDtls><Refs><EndToEndId>00153425632BWFJYLS</EndToEndId><TxId>00153425632BWFJYLS</TxId></Refs><RltdPties><Dbtr><Nm>ADRIAN OLTEANU</Nm></Dbtr><DbtrAcct><Id><PrtryAcct><Id>09012926104887</Id></PrtryAcct></Id></DbtrAcct><Cdtr><Nm>A A GHIOCA</Nm></Cdtr><CdtrAcct><Id><PrtryAcct><Id>23008200293926</Id></PrtryAcct></Id></CdtrAcct><Prtry><Tp>bills</Tp><Pty/></Prtry></RltdPties><RmtInf><Strd><AddtlRmtInf>NO REF</AddtlRmtInf></Strd><Strd><AddtlRmtInf>ADRIAN OLTEANU//bills</AddtlRmtInf></Strd></RmtInf><RltdDts><TxDtTm>2018-09-24T20:17:00</TxDtTm></RltdDts><AddtlTxInf>00153425632BWFJYLS1020180924826090129</AddtlTxInf></TxDtls><AddtlNtryInf>COMPLETE//0000//003//CREDIT</AddtlNtryInf></Ntry><Ntry><Amt Ccy="GBP">20.00</Amt><CdtDbtInd>CRDT</CdtDbtInd><Sts>BOOK</Sts><BookgDt><Dt>2018-09-25</Dt></BookgDt><BkTxCd><Prtry><Cd>DCA UKBA CR 40269</Cd></Prtry></BkTxCd><TxDtls><Refs><EndToEndId>NOREF</EndToEndId><TxId>000000013653593701</TxId><Prtry><Tp>STO REF</Tp><Ref>8207</Ref></Prtry></Refs><RltdPties><Dbtr><Nm>EVA AMBER DONKER</Nm></Dbtr><DbtrAcct><Id><PrtryAcct><Id>20035373152596</Id></PrtryAcct></Id></DbtrAcct><Cdtr><Nm>HANNAH KRENO</Nm></Cdtr><CdtrAcct><Id><PrtryAcct><Id>23008200463564</Id></PrtryAcct></Id></CdtrAcct><Prtry><Tp>HANNAH KRENO</Tp><Pty/></Prtry></RltdPties><RmtInf><Strd><AddtlRmtInf>NO REF</AddtlRmtInf></Strd><Strd><AddtlRmtInf>EVA AMBER DONKER//HANNAH KRENO</AddtlRmtInf></Strd></RmtInf><RltdDts><TxDtTm>2018-09-24T20:22:50</TxDtTm></RltdDts><AddtlTxInf>0000000136535937015020180924826200353</AddtlTxInf></TxDtls><AddtlNtryInf>COMPLETE//0000//003//CREDIT</AddtlNtryInf></Ntry><Ntry><Amt Ccy="GBP">10.00</Amt><CdtDbtInd>CRDT</CdtDbtInd><Sts>BOOK</Sts><BookgDt><Dt>2018-09-25</Dt></BookgDt><BkTxCd><Prtry><Cd>SIP UKBA CR 40269</Cd></Prtry></BkTxCd><TxDtls><Refs><EndToEndId>NOREF</EndToEndId><TxId>794576652202429001</TxId><Prtry><Tp>STO REF</Tp><Ref>0000</Ref></Prtry></Refs><RltdPties><Dbtr><Nm>KUDERA</Nm></Dbtr><DbtrAcct><Id><PrtryAcct><Id>40461372104113</Id></PrtryAcct></Id></DbtrAcct><Cdtr><Nm>Darren sagoo</Nm></Cdtr><CdtrAcct><Id><PrtryAcct><Id>23008200117403</Id></PrtryAcct></Id></CdtrAcct><Prtry><Tp>01</Tp><Pty/></Prtry></RltdPties><RmtInf><Strd><AddtlRmtInf>NO REF</AddtlRmtInf></Strd><Strd><AddtlRmtInf>KUDERA//01</AddtlRmtInf></Strd></RmtInf><RltdDts><TxDtTm>2018-09-24T20:22:57</TxDtTm></RltdDts><AddtlTxInf>7945766522024290011020180924826404613</AddtlTxInf></TxDtls><AddtlNtryInf>COMPLETE//0000//003//CREDIT</AddtlNtryInf></Ntry><Ntry><Amt Ccy="GBP">300.00</Amt><CdtDbtInd>CRDT</CdtDbtInd><Sts>BOOK</Sts><BookgDt><Dt>2018-09-25</Dt></BookgDt><BkTxCd><Prtry><Cd>SIP UKBA CR 40269</Cd></Prtry></BkTxCd><TxDtls><Refs><EndToEndId>00156278632BBJDHCW</EndToEndId><TxId>00156278632BBJDHCW</TxId></Refs><RltdPties><Dbtr><Nm>DORIS JOHN</Nm></Dbtr><DbtrAcct><Id><PrtryAcct><Id>09012912996630</Id></PrtryAcct></Id></DbtrAcct><Cdtr><Nm>Travel Scanners</Nm></Cdtr><CdtrAcct><Id><PrtryAcct><Id>23008200460276</Id></PrtryAcct></Id></CdtrAcct><Prtry><Tp>JOHN</Tp><Pty/></Prtry></RltdPties><RmtInf><Strd><AddtlRmtInf>NO REF</AddtlRmtInf></Strd><Strd><AddtlRmtInf>DORIS JOHN//JOHN</AddtlRmtInf></Strd></RmtInf><RltdDts><TxDtTm>2018-09-24T20:27:49</TxDtTm></RltdDts><AddtlTxInf>00156278632BBJDHCW1020180924826090129</AddtlTxInf></TxDtls><AddtlNtryInf>COMPLETE//0000//003//CREDIT</AddtlNtryInf></Ntry></Ntfctn></BkToCstmrDbtCdtNtfctnV01></Document>