<?xml version="1.0" encoding="UTF-8"?><Document xmlns:xsi="http://www.w3.org/2001/XMLSchema-instance" xmlns="urn:iso:std:iso:20022:tech:xsd:camt.054.001.01"><BkToCstmrDbtCdtNtfctnV01><GrpHdr><MsgId>80309K//12275</MsgId><CreDtTm>2018-09-01T12:30:00</CreDtTm></GrpHdr><Ntfctn><Id>80309K//12275//1</Id><CreDtTm>2018-09-01T12:30:00</CreDtTm><Acct><Id><PrtryAcct><Id>20594233939774</Id></PrtryAcct></Id><Ccy>GBP</Ccy></Acct><TxsSummry><TtlNtries><NbOfNtries>6</NbOfNtries><Sum>939.35</Sum></TtlNtries><TtlCdtNtries><NbOfNtries>6</NbOfNtries><Sum>939.35</Sum></TtlCdtNtries><TtlDbtNtries><NbOfNtries>0</NbOfNtries><Sum>0.00</Sum></TtlDbtNtries></TxsSummry><Ntry><Amt Ccy="GBP">197.35</Amt><CdtDbtInd>CRDT</CdtDbtInd><Sts>BOOK</Sts><BookgDt><Dt>2018-09-03</Dt></BookgDt><BkTxCd><Prtry><Cd>SIP UKBA CR 40269</Cd></Prtry></BkTxCd><TxDtls><Refs><EndToEndId>00152242632BCXTXVT</EndToEndId><TxId>00152242632BCXTXVT</TxId></Refs><RltdPties><Dbtr><Nm>ANDELL LIMITED T/A NUEVE</Nm></Dbtr><DbtrAcct><Id><PrtryAcct><Id>09012909871687</Id></PrtryAcct></Id></DbtrAcct><Cdtr><Nm>PLAYER</Nm></Cdtr><CdtrAcct><Id><PrtryAcct><Id>23008200291960</Id></PrtryAcct></Id></CdtrAcct><Prtry><Tp>Nueve</Tp><Pty/></Prtry></RltdPties><RmtInf><Strd><AddtlRmtInf>NO REF</AddtlRmtInf></Strd><Strd><AddtlRmtInf>ANDELL LIMITED T/A//Nueve</AddtlRmtInf></Strd></RmtInf><RltdDts><TxDtTm>2018-09-01T12:02:38</TxDtTm></RltdDts><AddtlTxInf>00152242632BCXTXVT1020180901826090129</AddtlTxInf></TxDtls><AddtlNtryInf>COMPLETE//0000//003//CREDIT</AddtlNtryInf></Ntry><Ntry><Amt Ccy="GBP">685.00</Amt><CdtDbtInd>CRDT</CdtDbtInd><Sts>BOOK</Sts><BookgDt><Dt>2018-09-03</Dt></BookgDt><BkTxCd><Prtry><Cd>SIP UKBA CR 40269</Cd></Prtry></BkTxCd><TxDtls><Refs><EndToEndId>NOREF</EndToEndId><TxId>200000000382981743</TxId></Refs><RltdPties><Dbtr><Nm>P Gallagher</Nm></Dbtr><DbtrAcct><Id><PrtryAcct><Id>30998081243160</Id></PrtryAcct></Id></DbtrAcct><Cdtr><Nm>J HOEKSTRA</Nm></Cdtr><CdtrAcct><Id><PrtryAcct><Id>23008200211464</Id></PrtryAcct></Id></CdtrAcct><Prtry><Tp>RENTAL</Tp><Pty/></Prtry></RltdPties><RmtInf><Strd><AddtlRmtInf>NO REF</AddtlRmtInf></Strd><Strd><AddtlRmtInf>P Gallagher//RENTAL</AddtlRmtInf></Strd></RmtInf><RltdDts><TxDtTm>2018-09-01T12:07:15</TxDtTm></RltdDts><AddtlTxInf>2000000003829817431020180901826309980</AddtlTxInf></TxDtls><AddtlNtryInf>COMPLETE//0000//003//CREDIT</AddtlNtryInf></Ntry><Ntry><Amt Ccy="GBP">5.00</Amt><CdtDbtInd>CRDT</CdtDbtInd><Sts>BOOK</Sts><BookgDt><Dt>2018-09-03</Dt></BookgDt><BkTxCd><Prtry><Cd>SIP UKBA CR 40269</Cd></Prtry></BkTxCd><TxDtls><Refs><EndToEndId>NOREF</EndToEndId><TxId>100000000382988817</TxId></Refs><RltdPties><Dbtr><Nm>O Adebayo</Nm></Dbtr><DbtrAcct><Id><PrtryAcct><Id>30987178768068</Id></PrtryAcct></Id></DbtrAcct><Cdtr><Nm>S GIDMAN</Nm></Cdtr><CdtrAcct><Id><PrtryAcct><Id>23008200425384</Id></PrtryAcct></Id></CdtrAcct><Prtry><Tp>text</Tp><Pty/></Prtry></RltdPties><RmtInf><Strd><AddtlRmtInf>NO REF</AddtlRmtInf></Strd><Strd><AddtlRmtInf>O Adebayo//text</AddtlRmtInf></Strd></RmtInf><RltdDts><TxDtTm>2018-09-01T12:08:27</TxDtTm></RltdDts><AddtlTxInf>1000000003829888171020180901826309871</AddtlTxInf></TxDtls><AddtlNtryInf>COMPLETE//0000//003//CREDIT</AddtlNtryInf></Ntry><Ntry><Amt Ccy="GBP">30.00</Amt><CdtDbtInd>CRDT</CdtDbtInd><Sts>BOOK</Sts><BookgDt><Dt>2018-09-03</Dt></BookgDt><BkTxCd><Prtry><Cd>SIP UKBA CR 40269</Cd></Prtry></BkTxCd><TxDtls><Refs><EndToEndId>NOREF</EndToEndId><TxId>YBBPI1214052052063</TxId></Refs><RltdPties><Dbtr><Nm>DEMI BAINES</Nm></Dbtr><DbtrAcct><Id><PrtryAcct><Id>05035816287959</Id></PrtryAcct></Id></DbtrAcct><Cdtr><Nm>Ray</Nm></Cdtr><CdtrAcct><Id><PrtryAcct><Id>23008200413244</Id></PrtryAcct></Id></CdtrAcct><Prtry><Tp>Kim</Tp><Pty/></Prtry></RltdPties><RmtInf><Strd><RfrdDocInf><RfrdDocTp><Prtry>002</Prtry></RfrdDocTp></RfrdDocInf><AddtlRmtInf>NO REF</AddtlRmtInf></Strd><Strd><AddtlRmtInf>DEMI BAINES//Kim</AddtlRmtInf></Strd></RmtInf><RltdDts><TxDtTm>2018-09-01T12:14:06</TxDtTm></RltdDts><AddtlTxInf>YBBPI12140520520631020180901826050358</AddtlTxInf></TxDtls><AddtlNtryInf>COMPLETE//0000//003//CREDIT</AddtlNtryInf></Ntry><Ntry><Amt Ccy="GBP">15.00</Amt><CdtDbtInd>CRDT</CdtDbtInd><Sts>BOOK</Sts><BookgDt><Dt>2018-09-03</Dt></BookgDt><BkTxCd><Prtry><Cd>SIP UKBA CR 40269</Cd></Prtry></BkTxCd><TxDtls><Refs><EndToEndId>NOREF</EndToEndId><TxId>200000000382987968</TxId></Refs><RltdPties><Dbtr><Nm>C McLean</Nm></Dbtr><DbtrAcct><Id><PrtryAcct><Id>77492609836960</Id></PrtryAcct></Id></DbtrAcct><Cdtr><Nm>DURRELL MCLEAN</Nm></Cdtr><CdtrAcct><Id><PrtryAcct><Id>23008200397085</Id></PrtryAcct></Id></CdtrAcct><Prtry><Tp>Thrope Park</Tp><Pty/></Prtry></RltdPties><RmtInf><Strd><AddtlRmtInf>NO REF</AddtlRmtInf></Strd><Strd><AddtlRmtInf>C McLean//Thrope Park</AddtlRmtInf></Strd></RmtInf><RltdDts><TxDtTm>2018-09-01T12:28:14</TxDtTm></RltdDts><AddtlTxInf>2000000003829879681020180901826774926</AddtlTxInf></TxDtls><AddtlNtryInf>COMPLETE//0000//003//CREDIT</AddtlNtryInf></Ntry><Ntry><Amt Ccy="GBP">7.00</Amt><CdtDbtInd>CRDT</CdtDbtInd><Sts>BOOK</Sts><BookgDt><Dt>2018-09-03</Dt></BookgDt><BkTxCd><Prtry><Cd>SIP UKBA CR 40269</Cd></Prtry></BkTxCd><TxDtls><Refs><EndToEndId>NOREF</EndToEndId><TxId>RP4679960329663600</TxId></Refs><RltdPties><Dbtr><Nm>MARDIN A</Nm></Dbtr><DbtrAcct><Id><PrtryAcct><Id>20473483891607</Id></PrtryAcct></Id></DbtrAcct><Cdtr><Nm>ALAN KADAR</Nm></Cdtr><CdtrAcct><Id><PrtryAcct><Id>23008200142073</Id></PrtryAcct></Id></CdtrAcct><Prtry><Tp>ARAM</Tp><Pty/></Prtry></RltdPties><RmtInf><Strd><AddtlRmtInf>NO REF</AddtlRmtInf></Strd><Strd><AddtlRmtInf>MARDIN A//ARAM</AddtlRmtInf></Strd></RmtInf><RltdDts><TxDtTm>2018-09-01T12:28:42</TxDtTm></RltdDts><AddtlTxInf>RP46799603296636001020180901826200026</AddtlTxInf></TxDtls><AddtlNtryInf>COMPLETE//0000//003//CREDIT</AddtlNtryInf></Ntry></Ntfctn></BkToCstmrDbtCdtNtfctnV01></Document>