<?xml version="1.0" encoding="UTF-8"?><Document xmlns:xsi="http://www.w3.org/2001/XMLSchema-instance" xmlns="urn:iso:std:iso:20022:tech:xsd:camt.054.001.01"><BkToCstmrDbtCdtNtfctnV01><GrpHdr><MsgId>80309K//12280</MsgId><CreDtTm>2018-09-01T15:00:00</CreDtTm></GrpHdr><Ntfctn><Id>80309K//12280//1</Id><CreDtTm>2018-09-01T15:00:00</CreDtTm><Acct><Id><PrtryAcct><Id>20594233939774</Id></PrtryAcct></Id><Ccy>GBP</Ccy></Acct><TxsSummry><TtlNtries><NbOfNtries>5</NbOfNtries><Sum>475.00</Sum></TtlNtries><TtlCdtNtries><NbOfNtries>5</NbOfNtries><Sum>475.00</Sum></TtlCdtNtries><TtlDbtNtries><NbOfNtries>0</NbOfNtries><Sum>0.00</Sum></TtlDbtNtries></TxsSummry><Ntry><Amt Ccy="GBP">40.00</Amt><CdtDbtInd>CRDT</CdtDbtInd><Sts>BOOK</Sts><BookgDt><Dt>2018-09-03</Dt></BookgDt><BkTxCd><Prtry><Cd>SIP UKBA CR 40269</Cd></Prtry></BkTxCd><TxDtls><Refs><EndToEndId>NOREF</EndToEndId><TxId>807147203441109001</TxId><Prtry><Tp>STO REF</Tp><Ref>0000</Ref></Prtry></Refs><RltdPties><Dbtr><Nm>ALESSANDRO L</Nm></Dbtr><DbtrAcct><Id><PrtryAcct><Id>40090094515056</Id></PrtryAcct></Id></DbtrAcct><Cdtr><Nm>Lisa</Nm></Cdtr><CdtrAcct><Id><PrtryAcct><Id>23008200190699</Id></PrtryAcct></Id></CdtrAcct><Prtry><Tp>Mobey</Tp><Pty/></Prtry></RltdPties><RmtInf><Strd><AddtlRmtInf>NO REF</AddtlRmtInf></Strd><Strd><AddtlRmtInf>ALESSANDRO L//Mobey</AddtlRmtInf></Strd></RmtInf><RltdDts><TxDtTm>2018-09-01T14:43:03</TxDtTm></RltdDts><AddtlTxInf>8071472034411090011020180901826400900</AddtlTxInf></TxDtls><AddtlNtryInf>COMPLETE//0000//003//CREDIT</AddtlNtryInf></Ntry><Ntry><Amt Ccy="GBP">20.00</Amt><CdtDbtInd>CRDT</CdtDbtInd><Sts>BOOK</Sts><BookgDt><Dt>2018-09-03</Dt></BookgDt><BkTxCd><Prtry><Cd>SIP UKBA CR 40269</Cd></Prtry></BkTxCd><TxDtls><Refs><EndToEndId>NOREF</EndToEndId><TxId>600000000384414182</TxId></Refs><RltdPties><Dbtr><Nm>A Jafari</Nm></Dbtr><DbtrAcct><Id><PrtryAcct><Id>11025611936865</Id></PrtryAcct></Id></DbtrAcct><Cdtr><Nm>WEST 5 KITCHEN</Nm></Cdtr><CdtrAcct><Id><PrtryAcct><Id>23008200223485</Id></PrtryAcct></Id></CdtrAcct><Prtry><Tp>AZIZ</Tp><Pty/></Prtry></RltdPties><RmtInf><Strd><AddtlRmtInf>NO REF</AddtlRmtInf></Strd><Strd><AddtlRmtInf>A Jafari//AZIZ</AddtlRmtInf></Strd></RmtInf><RltdDts><TxDtTm>2018-09-01T14:47:13</TxDtTm></RltdDts><AddtlTxInf>6000000003844141821020180901826110256</AddtlTxInf></TxDtls><AddtlNtryInf>COMPLETE//0000//003//CREDIT</AddtlNtryInf></Ntry><Ntry><Amt Ccy="GBP">350.00</Amt><CdtDbtInd>CRDT</CdtDbtInd><Sts>BOOK</Sts><BookgDt><Dt>2018-09-03</Dt></BookgDt><BkTxCd><Prtry><Cd>SIP UKBA CR 40269</Cd></Prtry></BkTxCd><TxDtls><Refs><EndToEndId>NOREF</EndToEndId><TxId>180901144738709379</TxId></Refs><RltdPties><Dbtr><Nm>Michelle McNamara</Nm></Dbtr><DbtrAcct><Id><PrtryAcct><Id>87372875104760</Id></PrtryAcct></Id></DbtrAcct><Cdtr><Nm>Mr Hevey</Nm></Cdtr><CdtrAcct><Id><PrtryAcct><Id>23008200425609</Id></PrtryAcct></Id></CdtrAcct></RltdPties><RmtInf><Strd><AddtlRmtInf>NO REF</AddtlRmtInf></Strd><Strd><AddtlRmtInf>Michelle McNamara//</AddtlRmtInf></Strd></RmtInf><RltdDts><TxDtTm>2018-09-01T14:47:36</TxDtTm></RltdDts><AddtlTxInf>1809011447387093791020180901826873728</AddtlTxInf></TxDtls><AddtlNtryInf>COMPLETE//0000//003//CREDIT</AddtlNtryInf></Ntry><Ntry><Amt Ccy="GBP">60.00</Amt><CdtDbtInd>CRDT</CdtDbtInd><Sts>BOOK</Sts><BookgDt><Dt>2018-09-03</Dt></BookgDt><BkTxCd><Prtry><Cd>SIP UKBA CR 40269</Cd></Prtry></BkTxCd><TxDtls><Refs><EndToEndId>RBS</EndToEndId><TxId>25145151760872000R</TxId><Prtry><Tp>STO REF</Tp><Ref>0000</Ref></Prtry></Refs><RltdPties><Dbtr><Nm>HOGG KK</Nm></Dbtr><DbtrAcct><Id><PrtryAcct><Id>83193600611814</Id></PrtryAcct></Id></DbtrAcct><Cdtr><Nm>KAY HOGG</Nm></Cdtr><CdtrAcct><Id><PrtryAcct><Id>23008200407222</Id></PrtryAcct></Id></CdtrAcct><Prtry><Tp>RBS</Tp><Pty/></Prtry></RltdPties><RmtInf><Strd><AddtlRmtInf>HOGG KK           RBS               VIA ONLINE - PYMT</AddtlRmtInf></Strd><Strd><AddtlRmtInf>HOGG KK//RBS</AddtlRmtInf></Strd></RmtInf><RltdDts><TxDtTm>2018-09-01T14:51:52</TxDtTm></RltdDts><AddtlTxInf>25145151760872000R1020180901826831936</AddtlTxInf></TxDtls><AddtlNtryInf>COMPLETE//0000//003//CREDIT</AddtlNtryInf></Ntry><Ntry><Amt Ccy="GBP">5.00</Amt><CdtDbtInd>CRDT</CdtDbtInd><Sts>BOOK</Sts><BookgDt><Dt>2018-09-03</Dt></BookgDt><BkTxCd><Prtry><Cd>SIP UKBA CR 40269</Cd></Prtry></BkTxCd><TxDtls><Refs><EndToEndId>NOREF</EndToEndId><TxId>RP4679960342106500</TxId></Refs><RltdPties><Dbtr><Nm>ARRUDA R</Nm></Dbtr><DbtrAcct><Id><PrtryAcct><Id>20105373364259</Id></PrtryAcct></Id></DbtrAcct><Cdtr><Nm>QUALITY MARTIAL AR</Nm></Cdtr><CdtrAcct><Id><PrtryAcct><Id>23008200223004</Id></PrtryAcct></Id></CdtrAcct><Prtry><Tp>XX</Tp><Pty/></Prtry></RltdPties><RmtInf><Strd><AddtlRmtInf>NO REF</AddtlRmtInf></Strd><Strd><AddtlRmtInf>ARRUDA R//XX</AddtlRmtInf></Strd></RmtInf><RltdDts><TxDtTm>2018-09-01T14:53:03</TxDtTm></RltdDts><AddtlTxInf>RP46799603421065001020180901826200026</AddtlTxInf></TxDtls><AddtlNtryInf>COMPLETE//0000//003//CREDIT</AddtlNtryInf></Ntry></Ntfctn></BkToCstmrDbtCdtNtfctnV01></Document>