<?xml version="1.0" encoding="UTF-8"?><Document xmlns:xsi="http://www.w3.org/2001/XMLSchema-instance" xmlns="urn:iso:std:iso:20022:tech:xsd:camt.054.001.01"><BkToCstmrDbtCdtNtfctnV01><GrpHdr><MsgId>80309K//12421</MsgId><CreDtTm>2018-09-04T19:00:00</CreDtTm></GrpHdr><Ntfctn><Id>80309K//12421//1</Id><CreDtTm>2018-09-04T19:00:00</CreDtTm><Acct><Id><PrtryAcct><Id>20594233939774</Id></PrtryAcct></Id><Ccy>GBP</Ccy></Acct><TxsSummry><TtlNtries><NbOfNtries>8</NbOfNtries><Sum>529.00</Sum></TtlNtries><TtlCdtNtries><NbOfNtries>8</NbOfNtries><Sum>529.00</Sum></TtlCdtNtries><TtlDbtNtries><NbOfNtries>0</NbOfNtries><Sum>0.00</Sum></TtlDbtNtries></TxsSummry><Ntry><Amt Ccy="GBP">30.00</Amt><CdtDbtInd>CRDT</CdtDbtInd><Sts>BOOK</Sts><BookgDt><Dt>2018-09-05</Dt></BookgDt><BkTxCd><Prtry><Cd>SIP UKBA CR 40269</Cd></Prtry></BkTxCd><TxDtls><Refs><EndToEndId>MM</EndToEndId><TxId>39183126761573000N</TxId><Prtry><Tp>STO REF</Tp><Ref>0000</Ref></Prtry></Refs><RltdPties><Dbtr><Nm>KASELIS P</Nm></Dbtr><DbtrAcct><Id><PrtryAcct><Id>55702380909930</Id></PrtryAcct></Id></DbtrAcct><Cdtr><Nm>VAIDOTAS STASIUS</Nm></Cdtr><CdtrAcct><Id><PrtryAcct><Id>23008200313726</Id></PrtryAcct></Id></CdtrAcct><Prtry><Tp>MM</Tp><Pty/></Prtry></RltdPties><RmtInf><Strd><AddtlRmtInf>KASELIS P         MM                VIA MOBILE - LVP</AddtlRmtInf></Strd><Strd><AddtlRmtInf>KASELIS P//MM</AddtlRmtInf></Strd></RmtInf><RltdDts><TxDtTm>2018-09-04T18:31:27</TxDtTm></RltdDts><AddtlTxInf>39183126761573000N1020180904826557023</AddtlTxInf></TxDtls><AddtlNtryInf>COMPLETE//0000//003//CREDIT</AddtlNtryInf></Ntry><Ntry><Amt Ccy="GBP">10.00</Amt><CdtDbtInd>CRDT</CdtDbtInd><Sts>BOOK</Sts><BookgDt><Dt>2018-09-05</Dt></BookgDt><BkTxCd><Prtry><Cd>SIP UKBA CR 40269</Cd></Prtry></BkTxCd><TxDtls><Refs><EndToEndId>NOREF</EndToEndId><TxId>500000000385975643</TxId></Refs><RltdPties><Dbtr><Nm>C Bray</Nm></Dbtr><DbtrAcct><Id><PrtryAcct><Id>77121231115060</Id></PrtryAcct></Id></DbtrAcct><Cdtr><Nm>SEXY</Nm></Cdtr><CdtrAcct><Id><PrtryAcct><Id>23008200195387</Id></PrtryAcct></Id></CdtrAcct><Prtry><Tp>LOVE YOU</Tp><Pty/></Prtry></RltdPties><RmtInf><Strd><AddtlRmtInf>NO REF</AddtlRmtInf></Strd><Strd><AddtlRmtInf>C Bray//LOVE YOU</AddtlRmtInf></Strd></RmtInf><RltdDts><TxDtTm>2018-09-04T18:33:35</TxDtTm></RltdDts><AddtlTxInf>5000000003859756431020180904826771212</AddtlTxInf></TxDtls><AddtlNtryInf>COMPLETE//0000//003//CREDIT</AddtlNtryInf></Ntry><Ntry><Amt Ccy="GBP">400.00</Amt><CdtDbtInd>CRDT</CdtDbtInd><Sts>BOOK</Sts><BookgDt><Dt>2018-09-05</Dt></BookgDt><BkTxCd><Prtry><Cd>SIP UKBA CR 40269</Cd></Prtry></BkTxCd><TxDtls><Refs><EndToEndId>00150075632BHGNDYC</EndToEndId><TxId>00150075632BHGNDYC</TxId></Refs><RltdPties><Dbtr><Nm>SAMIUL MONAF</Nm></Dbtr><DbtrAcct><Id><PrtryAcct><Id>09012786038889</Id></PrtryAcct></Id></DbtrAcct><Cdtr><Nm>zidan</Nm></Cdtr><CdtrAcct><Id><PrtryAcct><Id>23008200240072</Id></PrtryAcct></Id></CdtrAcct><Prtry><Tp>samiul</Tp><Pty/></Prtry></RltdPties><RmtInf><Strd><AddtlRmtInf>NO REF</AddtlRmtInf></Strd><Strd><AddtlRmtInf>SAMIUL MONAF//samiul</AddtlRmtInf></Strd></RmtInf><RltdDts><TxDtTm>2018-09-04T18:39:33</TxDtTm></RltdDts><AddtlTxInf>00150075632BHGNDYC1020180904826090127</AddtlTxInf></TxDtls><AddtlNtryInf>COMPLETE//0000//003//CREDIT</AddtlNtryInf></Ntry><Ntry><Amt Ccy="GBP">4.00</Amt><CdtDbtInd>CRDT</CdtDbtInd><Sts>BOOK</Sts><BookgDt><Dt>2018-09-05</Dt></BookgDt><BkTxCd><Prtry><Cd>SIP UKBA CR 40269</Cd></Prtry></BkTxCd><TxDtls><Refs><EndToEndId>LOAN</EndToEndId><TxId>26184547417245000N</TxId><Prtry><Tp>STO REF</Tp><Ref>0000</Ref></Prtry></Refs><RltdPties><Dbtr><Nm>DURHAM LD</Nm></Dbtr><DbtrAcct><Id><PrtryAcct><Id>51701779680615</Id></PrtryAcct></Id></DbtrAcct><Cdtr><Nm>L DURHAM</Nm></Cdtr><CdtrAcct><Id><PrtryAcct><Id>23008200351448</Id></PrtryAcct></Id></CdtrAcct><Prtry><Tp>LOAN</Tp><Pty/></Prtry></RltdPties><RmtInf><Strd><AddtlRmtInf>DURHAM LD         LOAN              VIA ONLINE - PYMT</AddtlRmtInf></Strd><Strd><AddtlRmtInf>DURHAM LD//LOAN</AddtlRmtInf></Strd></RmtInf><RltdDts><TxDtTm>2018-09-04T18:45:47</TxDtTm></RltdDts><AddtlTxInf>26184547417245000N1020180904826517017</AddtlTxInf></TxDtls><AddtlNtryInf>COMPLETE//0000//003//CREDIT</AddtlNtryInf></Ntry><Ntry><Amt Ccy="GBP">10.00</Amt><CdtDbtInd>CRDT</CdtDbtInd><Sts>BOOK</Sts><BookgDt><Dt>2018-09-05</Dt></BookgDt><BkTxCd><Prtry><Cd>SIP UKBA CR 40269</Cd></Prtry></BkTxCd><TxDtls><Refs><EndToEndId>00151120632BBHRWRC</EndToEndId><TxId>00151120632BBHRWRC</TxId></Refs><RltdPties><Dbtr><Nm>ELAYATHAMBY THANGESWARAN</Nm></Dbtr><DbtrAcct><Id><PrtryAcct><Id>09012778105788</Id></PrtryAcct></Id></DbtrAcct><Cdtr><Nm>liya arro</Nm></Cdtr><CdtrAcct><Id><PrtryAcct><Id>23008200401487</Id></PrtryAcct></Id></CdtrAcct><Prtry><Tp>arrange</Tp><Pty/></Prtry></RltdPties><RmtInf><Strd><AddtlRmtInf>NO REF</AddtlRmtInf></Strd><Strd><AddtlRmtInf>ELAYATHAMBY THANGE//arrange</AddtlRmtInf></Strd></RmtInf><RltdDts><TxDtTm>2018-09-04T18:45:59</TxDtTm></RltdDts><AddtlTxInf>00151120632BBHRWRC1020180904826090127</AddtlTxInf></TxDtls><AddtlNtryInf>COMPLETE//0000//003//CREDIT</AddtlNtryInf></Ntry><Ntry><Amt Ccy="GBP">20.00</Amt><CdtDbtInd>CRDT</CdtDbtInd><Sts>BOOK</Sts><BookgDt><Dt>2018-09-05</Dt></BookgDt><BkTxCd><Prtry><Cd>SIP UKBA CR 40269</Cd></Prtry></BkTxCd><TxDtls><Refs><EndToEndId>NOREF</EndToEndId><TxId>100000000384317693</TxId></Refs><RltdPties><Dbtr><Nm>P Githinji</Nm></Dbtr><DbtrAcct><Id><PrtryAcct><Id>77141019234868</Id></PrtryAcct></Id></DbtrAcct><Cdtr><Nm>ANN KIMANI</Nm></Cdtr><CdtrAcct><Id><PrtryAcct><Id>23008200293148</Id></PrtryAcct></Id></CdtrAcct><Prtry><Tp>BAB VIC</Tp><Pty/></Prtry></RltdPties><RmtInf><Strd><AddtlRmtInf>NO REF</AddtlRmtInf></Strd><Strd><AddtlRmtInf>P Githinji//BAB VIC</AddtlRmtInf></Strd></RmtInf><RltdDts><TxDtTm>2018-09-04T18:47:46</TxDtTm></RltdDts><AddtlTxInf>1000000003843176931020180904826771410</AddtlTxInf></TxDtls><AddtlNtryInf>COMPLETE//0000//003//CREDIT</AddtlNtryInf></Ntry><Ntry><Amt Ccy="GBP">5.00</Amt><CdtDbtInd>CRDT</CdtDbtInd><Sts>BOOK</Sts><BookgDt><Dt>2018-09-05</Dt></BookgDt><BkTxCd><Prtry><Cd>SIP UKBA CR 40269</Cd></Prtry></BkTxCd><TxDtls><Refs><EndToEndId>NOREF</EndToEndId><TxId>RP4679960606439200</TxId></Refs><RltdPties><Dbtr><Nm>GVAZDAITYTE J</Nm></Dbtr><DbtrAcct><Id><PrtryAcct><Id>20296333034569</Id></PrtryAcct></Id></DbtrAcct><Cdtr><Nm>LINA GVAZDAITIENE</Nm></Cdtr><CdtrAcct><Id><PrtryAcct><Id>23008200330210</Id></PrtryAcct></Id></CdtrAcct><Prtry><Tp>PAY</Tp><Pty/></Prtry></RltdPties><RmtInf><Strd><AddtlRmtInf>NO REF</AddtlRmtInf></Strd><Strd><AddtlRmtInf>GVAZDAITYTE J//PAY</AddtlRmtInf></Strd></RmtInf><RltdDts><TxDtTm>2018-09-04T18:53:58</TxDtTm></RltdDts><AddtlTxInf>RP46799606064392001020180904826200026</AddtlTxInf></TxDtls><AddtlNtryInf>COMPLETE//0000//003//CREDIT</AddtlNtryInf></Ntry><Ntry><Amt Ccy="GBP">50.00</Amt><CdtDbtInd>CRDT</CdtDbtInd><Sts>BOOK</Sts><BookgDt><Dt>2018-09-05</Dt></BookgDt><BkTxCd><Prtry><Cd>SIP UKBA CR 40269</Cd></Prtry></BkTxCd><TxDtls><Refs><EndToEndId>NOREF</EndToEndId><TxId>RP4659983846275000</TxId></Refs><RltdPties><Dbtr><Nm>GREENWOOD J K</Nm></Dbtr><DbtrAcct><Id><PrtryAcct><Id>20097273403750</Id></PrtryAcct></Id></DbtrAcct><Cdtr><Nm>MS A WESTERMAN</Nm></Cdtr><CdtrAcct><Id><PrtryAcct><Id>23008200319323</Id></PrtryAcct></Id></CdtrAcct><Prtry><Tp>BELATED BD GIFT</Tp><Pty/></Prtry></RltdPties><RmtInf><Strd><AddtlRmtInf>NO REF</AddtlRmtInf></Strd><Strd><AddtlRmtInf>GREENWOOD J K//BELATED BD GIFT</AddtlRmtInf></Strd></RmtInf><RltdDts><TxDtTm>2018-09-04T18:56:19</TxDtTm></RltdDts><AddtlTxInf>RP46599838462750001020180904826200026</AddtlTxInf></TxDtls><AddtlNtryInf>COMPLETE//0000//003//CREDIT</AddtlNtryInf></Ntry></Ntfctn></BkToCstmrDbtCdtNtfctnV01></Document>