<?xml version="1.0" encoding="UTF-8"?><Document xmlns:xsi="http://www.w3.org/2001/XMLSchema-instance" xmlns="urn:iso:std:iso:20022:tech:xsd:camt.054.001.01"><BkToCstmrDbtCdtNtfctnV01><GrpHdr><MsgId>80309K//13308</MsgId><CreDtTm>2018-09-25T10:30:00</CreDtTm></GrpHdr><Ntfctn><Id>80309K//13308//1</Id><CreDtTm>2018-09-25T10:30:00</CreDtTm><Acct><Id><PrtryAcct><Id>20594233939774</Id></PrtryAcct></Id><Ccy>GBP</Ccy></Acct><TxsSummry><TtlNtries><NbOfNtries>17</NbOfNtries><Sum>5865.39</Sum></TtlNtries><TtlCdtNtries><NbOfNtries>17</NbOfNtries><Sum>5865.39</Sum></TtlCdtNtries><TtlDbtNtries><NbOfNtries>0</NbOfNtries><Sum>0.00</Sum></TtlDbtNtries></TxsSummry><Ntry><Amt Ccy="GBP">500.00</Amt><CdtDbtInd>CRDT</CdtDbtInd><Sts>BOOK</Sts><BookgDt><Dt>2018-09-25</Dt></BookgDt><BkTxCd><Prtry><Cd>SIP UKBA CR 40269</Cd></Prtry></BkTxCd><TxDtls><Refs><EndToEndId>NOREF</EndToEndId><TxId>RP4679962181564700</TxId></Refs><RltdPties><Dbtr><Nm>OGUNKOLA A E</Nm></Dbtr><DbtrAcct><Id><PrtryAcct><Id>20199520720356</Id></PrtryAcct></Id></DbtrAcct><Cdtr><Nm>SOLUTION</Nm></Cdtr><CdtrAcct><Id><PrtryAcct><Id>23008200044254</Id></PrtryAcct></Id></CdtrAcct><Prtry><Tp>MRS OGUNKOLA</Tp><Pty/></Prtry></RltdPties><RmtInf><Strd><AddtlRmtInf>NO REF</AddtlRmtInf></Strd><Strd><AddtlRmtInf>OGUNKOLA A E//MRS OGUNKOLA</AddtlRmtInf></Strd></RmtInf><RltdDts><TxDtTm>2018-09-25T10:00:54</TxDtTm></RltdDts><AddtlTxInf>RP46799621815647001020180925826200026</AddtlTxInf></TxDtls><AddtlNtryInf>COMPLETE//0000//001//CREDIT</AddtlNtryInf></Ntry><Ntry><Amt Ccy="GBP">5.00</Amt><CdtDbtInd>CRDT</CdtDbtInd><Sts>BOOK</Sts><BookgDt><Dt>2018-09-25</Dt></BookgDt><BkTxCd><Prtry><Cd>SIP UKBA CR 40269</Cd></Prtry></BkTxCd><TxDtls><Refs><EndToEndId>SEX</EndToEndId><TxId>59100148746340000R</TxId><Prtry><Tp>STO REF</Tp><Ref>0000</Ref></Prtry></Refs><RltdPties><Dbtr><Nm>NELSON LB</Nm></Dbtr><DbtrAcct><Id><PrtryAcct><Id>83234400173640</Id></PrtryAcct></Id></DbtrAcct><Cdtr><Nm>JOHN BRENNAN</Nm></Cdtr><CdtrAcct><Id><PrtryAcct><Id>23008200215264</Id></PrtryAcct></Id></CdtrAcct><Prtry><Tp>SEX</Tp><Pty/></Prtry></RltdPties><RmtInf><Strd><AddtlRmtInf>NELSON LB         SEX               VIA MOBILE - LVP</AddtlRmtInf></Strd><Strd><AddtlRmtInf>NELSON LB//SEX</AddtlRmtInf></Strd></RmtInf><RltdDts><TxDtTm>2018-09-25T10:01:49</TxDtTm></RltdDts><AddtlTxInf>59100148746340000R1020180925826832344</AddtlTxInf></TxDtls><AddtlNtryInf>COMPLETE//0000//001//CREDIT</AddtlNtryInf></Ntry><Ntry><Amt Ccy="GBP">50.00</Amt><CdtDbtInd>CRDT</CdtDbtInd><Sts>BOOK</Sts><BookgDt><Dt>2018-09-25</Dt></BookgDt><BkTxCd><Prtry><Cd>SIP UKBA CR 40269</Cd></Prtry></BkTxCd><TxDtls><Refs><EndToEndId>NOREF</EndToEndId><TxId>31100904331030000R</TxId><Prtry><Tp>STO REF</Tp><Ref>0000</Ref></Prtry></Refs><RltdPties><Dbtr><Nm>BONNE TERRE LTD T/</Nm></Dbtr><DbtrAcct><Id><PrtryAcct><Id>16202956430706</Id></PrtryAcct></Id></DbtrAcct><Cdtr><Nm>JAMIE RUSSELL</Nm></Cdtr><CdtrAcct><Id><PrtryAcct><Id>23008200455941</Id></PrtryAcct></Id></CdtrAcct><Prtry><Tp>SBET/GURUNAGIEV</Tp><Pty/></Prtry></RltdPties><RmtInf><Strd><AddtlRmtInf>BONNE TERRE LTD T/SBET/GURUNAGIEV</AddtlRmtInf></Strd><Strd><AddtlRmtInf>BONNE TERRE LTD T///SBET/GURUNAGIEV</AddtlRmtInf></Strd></RmtInf><RltdDts><TxDtTm>2018-09-25T10:09:04</TxDtTm></RltdDts><AddtlTxInf>31100904331030000R1020180925826162029</AddtlTxInf></TxDtls><AddtlNtryInf>COMPLETE//0000//001//CREDIT</AddtlNtryInf></Ntry><Ntry><Amt Ccy="GBP">55.00</Amt><CdtDbtInd>CRDT</CdtDbtInd><Sts>BOOK</Sts><BookgDt><Dt>2018-09-25</Dt></BookgDt><BkTxCd><Prtry><Cd>SIP UKBA CR 40269</Cd></Prtry></BkTxCd><TxDtls><Refs><EndToEndId>NOREF</EndToEndId><TxId>41100907117843000R</TxId><Prtry><Tp>STO REF</Tp><Ref>0000</Ref></Prtry></Refs><RltdPties><Dbtr><Nm>BONNE TERRE LTD T/</Nm></Dbtr><DbtrAcct><Id><PrtryAcct><Id>16202956430706</Id></PrtryAcct></Id></DbtrAcct><Cdtr><Nm>GEORGE PETERS</Nm></Cdtr><CdtrAcct><Id><PrtryAcct><Id>23008200459066</Id></PrtryAcct></Id></CdtrAcct><Prtry><Tp>SBET/FUOLSPETERS</Tp><Pty/></Prtry></RltdPties><RmtInf><Strd><AddtlRmtInf>BONNE TERRE LTD T/SBET/FUOLSPETERS</AddtlRmtInf></Strd><Strd><AddtlRmtInf>BONNE TERRE LTD T///SBET/FUOLSPETERS</AddtlRmtInf></Strd></RmtInf><RltdDts><TxDtTm>2018-09-25T10:09:07</TxDtTm></RltdDts><AddtlTxInf>41100907117843000R1020180925826162029</AddtlTxInf></TxDtls><AddtlNtryInf>COMPLETE//0000//001//CREDIT</AddtlNtryInf></Ntry><Ntry><Amt Ccy="GBP">9.00</Amt><CdtDbtInd>CRDT</CdtDbtInd><Sts>BOOK</Sts><BookgDt><Dt>2018-09-25</Dt></BookgDt><BkTxCd><Prtry><Cd>SIP UKBA CR 40269</Cd></Prtry></BkTxCd><TxDtls><Refs><EndToEndId>PPWD00000000APZBYY</EndToEndId><TxId>PPWD00000000APZBYY</TxId></Refs><RltdPties><Dbtr><Nm>PayPal</Nm><PstlAdr><AdrLine>2211 N 1st Street San Jose CA 95131</AdrLine><Ctry/></PstlAdr></Dbtr><DbtrAcct><Id><PrtryAcct><Id>23526278959595</Id></PrtryAcct></Id></DbtrAcct><Cdtr><Nm>Mr Dekenzie</Nm><PstlAdr><AdrLine>South</AdrLine><Ctry/></PstlAdr></Cdtr><CdtrAcct><Id><PrtryAcct><Id>23008200431266</Id></PrtryAcct></Id></CdtrAcct><Prtry><Tp>PPWDL43DJ2ALCGDQW8</Tp><Pty/></Prtry></RltdPties><RmtInf><Strd><RfrdDocInf><RfrdDocTp><Prtry>002</Prtry></RfrdDocTp></RfrdDocInf><AddtlRmtInf>NO REF</AddtlRmtInf></Strd><Strd><AddtlRmtInf>PayPal//PPWDL43DJ2ALCGDQW8</AddtlRmtInf></Strd></RmtInf><RltdDts><TxDtTm>2018-09-25T10:11:04</TxDtTm></RltdDts><AddtlTxInf>PPWD00000000APZBYY1020180925826235262</AddtlTxInf></TxDtls><AddtlNtryInf>COMPLETE//0000//001//CREDIT</AddtlNtryInf></Ntry><Ntry><Amt Ccy="GBP">80.00</Amt><CdtDbtInd>CRDT</CdtDbtInd><Sts>BOOK</Sts><BookgDt><Dt>2018-09-25</Dt></BookgDt><BkTxCd><Prtry><Cd>SIP UKBA CR 40269</Cd></Prtry></BkTxCd><TxDtls><Refs><EndToEndId>00151171632BBJBMGY</EndToEndId><TxId>00151171632BBJBMGY</TxId></Refs><RltdPties><Dbtr><Nm>CEMILE KILINC-DOLLERY</Nm></Dbtr><DbtrAcct><Id><PrtryAcct><Id>09012703706945</Id></PrtryAcct></Id></DbtrAcct><Cdtr><Nm>BAEMMS LTD</Nm></Cdtr><CdtrAcct><Id><PrtryAcct><Id>23008200223303</Id></PrtryAcct></Id></CdtrAcct><Prtry><Tp>lisa jones</Tp><Pty/></Prtry></RltdPties><RmtInf><Strd><AddtlRmtInf>NO REF</AddtlRmtInf></Strd><Strd><AddtlRmtInf>CEMILE KILINC-DOLL//lisa jones</AddtlRmtInf></Strd></RmtInf><RltdDts><TxDtTm>2018-09-25T10:12:42</TxDtTm></RltdDts><AddtlTxInf>00151171632BBJBMGY1020180925826090127</AddtlTxInf></TxDtls><AddtlNtryInf>COMPLETE//0000//001//CREDIT</AddtlNtryInf></Ntry><Ntry><Amt Ccy="GBP">0.01</Amt><CdtDbtInd>CRDT</CdtDbtInd><Sts>BOOK</Sts><BookgDt><Dt>2018-09-25</Dt></BookgDt><BkTxCd><Prtry><Cd>SIP UKBA CR 40269</Cd></Prtry></BkTxCd><TxDtls><Refs><EndToEndId>PPRD00000000APZCYQ</EndToEndId><TxId>PPRD00000000APZCYQ</TxId></Refs><RltdPties><Dbtr><Nm>PAYPAL CODE 1270</Nm><PstlAdr><AdrLine>2211 N 1st Street San Jose CA 95131</AdrLine><Ctry/></PstlAdr></Dbtr><DbtrAcct><Id><PrtryAcct><Id>23526285010101</Id></PrtryAcct></Id></DbtrAcct><Cdtr><Nm>Benjamin Nolan</Nm><PstlAdr><AdrLine>26 Moggs Mead</AdrLine><Ctry/></PstlAdr></Cdtr><CdtrAcct><Id><PrtryAcct><Id>23008200465824</Id></PrtryAcct></Id></CdtrAcct><Prtry><Tp>PAYPAL CODE 1270</Tp><Pty/></Prtry></RltdPties><RmtInf><Strd><RfrdDocInf><RfrdDocTp><Prtry>002</Prtry></RfrdDocTp></RfrdDocInf><AddtlRmtInf>NO REF</AddtlRmtInf></Strd><Strd><AddtlRmtInf>PAYPAL CODE 1270//PAYPAL CODE 1270</AddtlRmtInf></Strd></RmtInf><RltdDts><TxDtTm>2018-09-25T10:13:42</TxDtTm></RltdDts><AddtlTxInf>PPRD00000000APZCYQ1020180925826235262</AddtlTxInf></TxDtls><AddtlNtryInf>COMPLETE//0000//001//CREDIT</AddtlNtryInf></Ntry><Ntry><Amt Ccy="GBP">36.50</Amt><CdtDbtInd>CRDT</CdtDbtInd><Sts>BOOK</Sts><BookgDt><Dt>2018-09-25</Dt></BookgDt><BkTxCd><Prtry><Cd>SIP UKBA CR 40269</Cd></Prtry></BkTxCd><TxDtls><Refs><EndToEndId>PPWD00000000APZDU6</EndToEndId><TxId>PPWD00000000APZDU6</TxId></Refs><RltdPties><Dbtr><Nm>PayPal</Nm><PstlAdr><AdrLine>2211 N 1st Street San Jose CA 95131</AdrLine><Ctry/></PstlAdr></Dbtr><DbtrAcct><Id><PrtryAcct><Id>23526278959595</Id></PrtryAcct></Id></DbtrAcct><Cdtr><Nm>Michael Logue</Nm><PstlAdr><AdrLine>60 Oakleigh Gardens</AdrLine><Ctry/></PstlAdr></Cdtr><CdtrAcct><Id><PrtryAcct><Id>23008200406030</Id></PrtryAcct></Id></CdtrAcct><Prtry><Tp>PPWDL5EGJ2ALCGFPG4</Tp><Pty/></Prtry></RltdPties><RmtInf><Strd><RfrdDocInf><RfrdDocTp><Prtry>002</Prtry></RfrdDocTp></RfrdDocInf><AddtlRmtInf>NO REF</AddtlRmtInf></Strd><Strd><AddtlRmtInf>PayPal//PPWDL5EGJ2ALCGFPG4</AddtlRmtInf></Strd></RmtInf><RltdDts><TxDtTm>2018-09-25T10:16:04</TxDtTm></RltdDts><AddtlTxInf>PPWD00000000APZDU61020180925826235262</AddtlTxInf></TxDtls><AddtlNtryInf>COMPLETE//0000//001//CREDIT</AddtlNtryInf></Ntry><Ntry><Amt Ccy="GBP">1518.00</Amt><CdtDbtInd>CRDT</CdtDbtInd><Sts>BOOK</Sts><BookgDt><Dt>2018-09-25</Dt></BookgDt><BkTxCd><Prtry><Cd>SIP UKBA CR 40269</Cd></Prtry></BkTxCd><TxDtls><Refs><EndToEndId>NOREF</EndToEndId><TxId>01101614952061000N</TxId><Prtry><Tp>STO REF</Tp><Ref>0000</Ref></Prtry></Refs><RltdPties><Dbtr><Nm>MR DAVID L TURNER</Nm></Dbtr><DbtrAcct><Id><PrtryAcct><Id>60174913503472</Id></PrtryAcct></Id></DbtrAcct><Cdtr><Nm>FLIGHT SCANNERS</Nm></Cdtr><CdtrAcct><Id><PrtryAcct><Id>23008200390950</Id></PrtryAcct></Id></CdtrAcct><Prtry><Tp>DAVID L TURNER</Tp><Pty/></Prtry></RltdPties><RmtInf><Strd><AddtlRmtInf>DAVID L TURNER</AddtlRmtInf></Strd><Strd><AddtlRmtInf>MR DAVID L TURNER//DAVID L TURNER</AddtlRmtInf></Strd></RmtInf><RltdDts><TxDtTm>2018-09-25T10:16:15</TxDtTm></RltdDts><AddtlTxInf>01101614952061000N1020180925826601749</AddtlTxInf></TxDtls><AddtlNtryInf>COMPLETE//0000//001//CREDIT</AddtlNtryInf></Ntry><Ntry><Amt Ccy="GBP">12.00</Amt><CdtDbtInd>CRDT</CdtDbtInd><Sts>BOOK</Sts><BookgDt><Dt>2018-09-25</Dt></BookgDt><BkTxCd><Prtry><Cd>SIP UKBA CR 40269</Cd></Prtry></BkTxCd><TxDtls><Refs><EndToEndId>NOREF</EndToEndId><TxId>600000000391380201</TxId></Refs><RltdPties><Dbtr><Nm>O Obafemi</Nm></Dbtr><DbtrAcct><Id><PrtryAcct><Id>30998841900468</Id></PrtryAcct></Id></DbtrAcct><Cdtr><Nm>ARRO</Nm></Cdtr><CdtrAcct><Id><PrtryAcct><Id>23008200359800</Id></PrtryAcct></Id></CdtrAcct></RltdPties><RmtInf><Strd><AddtlRmtInf>NO REF</AddtlRmtInf></Strd><Strd><AddtlRmtInf>O Obafemi//</AddtlRmtInf></Strd></RmtInf><RltdDts><TxDtTm>2018-09-25T10:16:27</TxDtTm></RltdDts><AddtlTxInf>6000000003913802011020180925826309988</AddtlTxInf></TxDtls><AddtlNtryInf>COMPLETE//0000//001//CREDIT</AddtlNtryInf></Ntry><Ntry><Amt Ccy="GBP">20.00</Amt><CdtDbtInd>CRDT</CdtDbtInd><Sts>BOOK</Sts><BookgDt><Dt>2018-09-25</Dt></BookgDt><BkTxCd><Prtry><Cd>SIP UKBA CR 40269</Cd></Prtry></BkTxCd><TxDtls><Refs><EndToEndId>NOREF</EndToEndId><TxId>RP4659985266098800</TxId></Refs><RltdPties><Dbtr><Nm>TALHARAMA T/AS</Nm></Dbtr><DbtrAcct><Id><PrtryAcct><Id>20554130622931</Id></PrtryAcct></Id></DbtrAcct><Cdtr><Nm>T RAMA</Nm></Cdtr><CdtrAcct><Id><PrtryAcct><Id>23008200445161</Id></PrtryAcct></Id></CdtrAcct><Prtry><Tp>TUP</Tp><Pty/></Prtry></RltdPties><RmtInf><Strd><AddtlRmtInf>NO REF</AddtlRmtInf></Strd><Strd><AddtlRmtInf>TALHARAMA T/AS//TUP</AddtlRmtInf></Strd></RmtInf><RltdDts><TxDtTm>2018-09-25T10:18:00</TxDtTm></RltdDts><AddtlTxInf>RP46599852660988001020180925826200026</AddtlTxInf></TxDtls><AddtlNtryInf>COMPLETE//0000//001//CREDIT</AddtlNtryInf></Ntry><Ntry><Amt Ccy="GBP">1338.44</Amt><CdtDbtInd>CRDT</CdtDbtInd><Sts>BOOK</Sts><BookgDt><Dt>2018-09-25</Dt></BookgDt><BkTxCd><Prtry><Cd>SIP UKBA CR 40269</Cd></Prtry></BkTxCd><TxDtls><Refs><EndToEndId>NOREF</EndToEndId><TxId>200000000389999072</TxId></Refs><RltdPties><Dbtr><Nm>R M H Building Ser</Nm></Dbtr><DbtrAcct><Id><PrtryAcct><Id>30902100394809</Id></PrtryAcct></Id></DbtrAcct><Cdtr><Nm>MATT LIDBETTER CON</Nm></Cdtr><CdtrAcct><Id><PrtryAcct><Id>23008200222957</Id></PrtryAcct></Id></CdtrAcct><Prtry><Tp>RICH03</Tp><Pty/></Prtry></RltdPties><RmtInf><Strd><AddtlRmtInf>NO REF</AddtlRmtInf></Strd><Strd><AddtlRmtInf>R M H Building Ser//RICH03</AddtlRmtInf></Strd></RmtInf><RltdDts><TxDtTm>2018-09-25T10:19:53</TxDtTm></RltdDts><AddtlTxInf>2000000003899990721020180925826309021</AddtlTxInf></TxDtls><AddtlNtryInf>COMPLETE//0000//001//CREDIT</AddtlNtryInf></Ntry><Ntry><Amt Ccy="GBP">1338.44</Amt><CdtDbtInd>CRDT</CdtDbtInd><Sts>BOOK</Sts><BookgDt><Dt>2018-09-25</Dt></BookgDt><BkTxCd><Prtry><Cd>SIP UKBA CR 40269</Cd></Prtry></BkTxCd><TxDtls><Refs><EndToEndId>NOREF</EndToEndId><TxId>600000000391381595</TxId></Refs><RltdPties><Dbtr><Nm>R M H Building Ser</Nm></Dbtr><DbtrAcct><Id><PrtryAcct><Id>30902100394809</Id></PrtryAcct></Id></DbtrAcct><Cdtr><Nm>MATT LIDBETTER CON</Nm></Cdtr><CdtrAcct><Id><PrtryAcct><Id>23008200222957</Id></PrtryAcct></Id></CdtrAcct><Prtry><Tp>RICH03</Tp><Pty/></Prtry></RltdPties><RmtInf><Strd><AddtlRmtInf>NO REF</AddtlRmtInf></Strd><Strd><AddtlRmtInf>R M H Building Ser//RICH03</AddtlRmtInf></Strd></RmtInf><RltdDts><TxDtTm>2018-09-25T10:21:04</TxDtTm></RltdDts><AddtlTxInf>6000000003913815951020180925826309021</AddtlTxInf></TxDtls><AddtlNtryInf>COMPLETE//0000//001//CREDIT</AddtlNtryInf></Ntry><Ntry><Amt Ccy="GBP">500.00</Amt><CdtDbtInd>CRDT</CdtDbtInd><Sts>BOOK</Sts><BookgDt><Dt>2018-09-25</Dt></BookgDt><BkTxCd><Prtry><Cd>SIP UKBA CR 40269</Cd></Prtry></BkTxCd><TxDtls><Refs><EndToEndId>NOREF</EndToEndId><TxId>346084831201529001</TxId><Prtry><Tp>STO REF</Tp><Ref>0000</Ref></Prtry></Refs><RltdPties><Dbtr><Nm>OKUNGBOWA J</Nm></Dbtr><DbtrAcct><Id><PrtryAcct><Id>40271505237122</Id></PrtryAcct></Id></DbtrAcct><Cdtr><Nm>RELIABLE SHOP LTD</Nm></Cdtr><CdtrAcct><Id><PrtryAcct><Id>23008200035589</Id></PrtryAcct></Id></CdtrAcct><Prtry><Tp>DODO</Tp><Pty/></Prtry></RltdPties><RmtInf><Strd><AddtlRmtInf>NO REF</AddtlRmtInf></Strd><Strd><AddtlRmtInf>OKUNGBOWA J//DODO</AddtlRmtInf></Strd></RmtInf><RltdDts><TxDtTm>2018-09-25T10:21:38</TxDtTm></RltdDts><AddtlTxInf>3460848312015290011020180925826402715</AddtlTxInf></TxDtls><AddtlNtryInf>COMPLETE//0000//001//CREDIT</AddtlNtryInf></Ntry><Ntry><Amt Ccy="GBP">223.00</Amt><CdtDbtInd>CRDT</CdtDbtInd><Sts>BOOK</Sts><BookgDt><Dt>2018-09-25</Dt></BookgDt><BkTxCd><Prtry><Cd>SIP UKBA CR 40269</Cd></Prtry></BkTxCd><TxDtls><Refs><EndToEndId>00154189632BCBPBFN</EndToEndId><TxId>00154189632BCBPBFN</TxId></Refs><RltdPties><Dbtr><Nm>QUEEN SHODA</Nm></Dbtr><DbtrAcct><Id><PrtryAcct><Id>09012908357979</Id></PrtryAcct></Id></DbtrAcct><Cdtr><Nm>CLASSIC DIFFEREN</Nm></Cdtr><CdtrAcct><Id><PrtryAcct><Id>23008200042452</Id></PrtryAcct></Id></CdtrAcct><Prtry><Tp>Event</Tp><Pty/></Prtry></RltdPties><RmtInf><Strd><AddtlRmtInf>NO REF</AddtlRmtInf></Strd><Strd><AddtlRmtInf>QUEEN SHODA//Event</AddtlRmtInf></Strd></RmtInf><RltdDts><TxDtTm>2018-09-25T10:21:42</TxDtTm></RltdDts><AddtlTxInf>00154189632BCBPBFN1020180925826090129</AddtlTxInf></TxDtls><AddtlNtryInf>COMPLETE//0000//001//CREDIT</AddtlNtryInf></Ntry><Ntry><Amt Ccy="GBP">80.00</Amt><CdtDbtInd>CRDT</CdtDbtInd><Sts>BOOK</Sts><BookgDt><Dt>2018-09-25</Dt></BookgDt><BkTxCd><Prtry><Cd>SIP UKBA CR 40269</Cd></Prtry></BkTxCd><TxDtls><Refs><EndToEndId>NOREF</EndToEndId><TxId>500000000391666045</TxId></Refs><RltdPties><Dbtr><Nm>T Frances</Nm></Dbtr><DbtrAcct><Id><PrtryAcct><Id>30960973247760</Id></PrtryAcct></Id></DbtrAcct><Cdtr><Nm>L TAYLOR</Nm></Cdtr><CdtrAcct><Id><PrtryAcct><Id>23008200238659</Id></PrtryAcct></Id></CdtrAcct><Prtry><Tp>giant buttplug</Tp><Pty/></Prtry></RltdPties><RmtInf><Strd><AddtlRmtInf>NO REF</AddtlRmtInf></Strd><Strd><AddtlRmtInf>T Frances//giant buttplug</AddtlRmtInf></Strd></RmtInf><RltdDts><TxDtTm>2018-09-25T10:24:44</TxDtTm></RltdDts><AddtlTxInf>5000000003916660451020180925826309609</AddtlTxInf></TxDtls><AddtlNtryInf>COMPLETE//0000//001//CREDIT</AddtlNtryInf></Ntry><Ntry><Amt Ccy="GBP">100.00</Amt><CdtDbtInd>CRDT</CdtDbtInd><Sts>BOOK</Sts><BookgDt><Dt>2018-09-25</Dt></BookgDt><BkTxCd><Prtry><Cd>SIP UKBA CR 40269</Cd></Prtry></BkTxCd><TxDtls><Refs><EndToEndId>NOREF</EndToEndId><TxId>400000000396466240</TxId></Refs><RltdPties><Dbtr><Nm>C Ward</Nm></Dbtr><DbtrAcct><Id><PrtryAcct><Id>77130861265662</Id></PrtryAcct></Id></DbtrAcct><Cdtr><Nm>IBRAHIM UTHMAN</Nm></Cdtr><CdtrAcct><Id><PrtryAcct><Id>23008200404016</Id></PrtryAcct></Id></CdtrAcct></RltdPties><RmtInf><Strd><AddtlRmtInf>NO REF</AddtlRmtInf></Strd><Strd><AddtlRmtInf>C Ward//</AddtlRmtInf></Strd></RmtInf><RltdDts><TxDtTm>2018-09-25T10:28:53</TxDtTm></RltdDts><AddtlTxInf>4000000003964662401020180925826771308</AddtlTxInf></TxDtls><AddtlNtryInf>COMPLETE//0000//001//CREDIT</AddtlNtryInf></Ntry></Ntfctn></BkToCstmrDbtCdtNtfctnV01></Document>