<?xml version="1.0" encoding="UTF-8"?><Document xmlns:xsi="http://www.w3.org/2001/XMLSchema-instance" xmlns="urn:iso:std:iso:20022:tech:xsd:camt.054.001.01"><BkToCstmrDbtCdtNtfctnV01><GrpHdr><MsgId>80309K//13537</MsgId><CreDtTm>2018-09-30T19:00:00</CreDtTm></GrpHdr><Ntfctn><Id>80309K//13537//1</Id><CreDtTm>2018-09-30T19:00:00</CreDtTm><Acct><Id><PrtryAcct><Id>20594233939774</Id></PrtryAcct></Id><Ccy>GBP</Ccy></Acct><TxsSummry><TtlNtries><NbOfNtries>5</NbOfNtries><Sum>3076.00</Sum></TtlNtries><TtlCdtNtries><NbOfNtries>5</NbOfNtries><Sum>3076.00</Sum></TtlCdtNtries><TtlDbtNtries><NbOfNtries>0</NbOfNtries><Sum>0.00</Sum></TtlDbtNtries></TxsSummry><Ntry><Amt Ccy="GBP">2500.00</Amt><CdtDbtInd>CRDT</CdtDbtInd><Sts>BOOK</Sts><BookgDt><Dt>2018-10-01</Dt></BookgDt><BkTxCd><Prtry><Cd>SIP UKBA CR 40269</Cd></Prtry></BkTxCd><TxDtls><Refs><EndToEndId>NOREF</EndToEndId><TxId>RP4679962709589200</TxId></Refs><RltdPties><Dbtr><Nm>ROCKETT R</Nm></Dbtr><DbtrAcct><Id><PrtryAcct><Id>20259580012688</Id></PrtryAcct></Id></DbtrAcct><Cdtr><Nm>SEAN HAINES</Nm></Cdtr><CdtrAcct><Id><PrtryAcct><Id>23008200440457</Id></PrtryAcct></Id></CdtrAcct><Prtry><Tp>ARRO</Tp><Pty/></Prtry></RltdPties><RmtInf><Strd><AddtlRmtInf>NO REF</AddtlRmtInf></Strd><Strd><AddtlRmtInf>ROCKETT R//ARRO</AddtlRmtInf></Strd></RmtInf><RltdDts><TxDtTm>2018-09-30T18:38:43</TxDtTm></RltdDts><AddtlTxInf>RP46799627095892001020180930826200026</AddtlTxInf></TxDtls><AddtlNtryInf>COMPLETE//0000//003//CREDIT</AddtlNtryInf></Ntry><Ntry><Amt Ccy="GBP">50.00</Amt><CdtDbtInd>CRDT</CdtDbtInd><Sts>BOOK</Sts><BookgDt><Dt>2018-10-01</Dt></BookgDt><BkTxCd><Prtry><Cd>SIP UKBA CR 40269</Cd></Prtry></BkTxCd><TxDtls><Refs><EndToEndId>PPWD00000000ARBSWO</EndToEndId><TxId>PPWD00000000ARBSWO</TxId></Refs><RltdPties><Dbtr><Nm>PayPal</Nm><PstlAdr><AdrLine>2211 N 1st Street San Jose CA 95131</AdrLine><Ctry/></PstlAdr></Dbtr><DbtrAcct><Id><PrtryAcct><Id>23526278959595</Id></PrtryAcct></Id></DbtrAcct><Cdtr><Nm>Nicholas Jones</Nm><PstlAdr><AdrLine>56 Harold Street</AdrLine><Ctry/></PstlAdr></Cdtr><CdtrAcct><Id><PrtryAcct><Id>23008200351123</Id></PrtryAcct></Id></CdtrAcct><Prtry><Tp>PPWDL4D422ALH57EJE</Tp><Pty/></Prtry></RltdPties><RmtInf><Strd><RfrdDocInf><RfrdDocTp><Prtry>002</Prtry></RfrdDocTp></RfrdDocInf><AddtlRmtInf>NO REF</AddtlRmtInf></Strd><Strd><AddtlRmtInf>PayPal//PPWDL4D422ALH57EJE</AddtlRmtInf></Strd></RmtInf><RltdDts><TxDtTm>2018-09-30T18:45:00</TxDtTm></RltdDts><AddtlTxInf>PPWD00000000ARBSWO1020180930826235262</AddtlTxInf></TxDtls><AddtlNtryInf>COMPLETE//0000//003//CREDIT</AddtlNtryInf></Ntry><Ntry><Amt Ccy="GBP">20.00</Amt><CdtDbtInd>CRDT</CdtDbtInd><Sts>BOOK</Sts><BookgDt><Dt>2018-10-01</Dt></BookgDt><BkTxCd><Prtry><Cd>SIP UKBA CR 40269</Cd></Prtry></BkTxCd><TxDtls><Refs><EndToEndId>00151344632BBDKKML</EndToEndId><TxId>00151344632BBDKKML</TxId></Refs><RltdPties><Dbtr><Nm>MOHAMMED RAHMAN</Nm></Dbtr><DbtrAcct><Id><PrtryAcct><Id>09012826420137</Id></PrtryAcct></Id></DbtrAcct><Cdtr><Nm>MR SOYED KHADIM</Nm></Cdtr><CdtrAcct><Id><PrtryAcct><Id>23008200466971</Id></PrtryAcct></Id></CdtrAcct><Prtry><Tp>MAMA KHADIM</Tp><Pty/></Prtry></RltdPties><RmtInf><Strd><AddtlRmtInf>NO REF</AddtlRmtInf></Strd><Strd><AddtlRmtInf>MOHAMMED RAHMAN//MAMA KHADIM</AddtlRmtInf></Strd></RmtInf><RltdDts><TxDtTm>2018-09-30T18:51:03</TxDtTm></RltdDts><AddtlTxInf>00151344632BBDKKML1020180930826090128</AddtlTxInf></TxDtls><AddtlNtryInf>COMPLETE//0000//003//CREDIT</AddtlNtryInf></Ntry><Ntry><Amt Ccy="GBP">504.00</Amt><CdtDbtInd>CRDT</CdtDbtInd><Sts>BOOK</Sts><BookgDt><Dt>2018-10-01</Dt></BookgDt><BkTxCd><Prtry><Cd>SIP UKBA CR 40269</Cd></Prtry></BkTxCd><TxDtls><Refs><EndToEndId>NOREF</EndToEndId><TxId>FP18273O13638084</TxId></Refs><RltdPties><Dbtr><Nm>Pereira Priya</Nm></Dbtr><DbtrAcct><Id><PrtryAcct><Id>07043604285467</Id></PrtryAcct></Id></DbtrAcct><Cdtr><Nm>RAMANPREET SINGH</Nm></Cdtr><CdtrAcct><Id><PrtryAcct><Id>23008200443488</Id></PrtryAcct></Id></CdtrAcct><Prtry><Tp>34830856</Tp><Pty/></Prtry></RltdPties><RmtInf><Strd><AddtlRmtInf>NO REF</AddtlRmtInf></Strd><Strd><AddtlRmtInf>Pereira Priya//34830856</AddtlRmtInf></Strd></RmtInf><RltdDts><TxDtTm>2018-09-30T18:55:44</TxDtTm></RltdDts><AddtlTxInf>FP18273O13638084  1020180930826070436</AddtlTxInf></TxDtls><AddtlNtryInf>COMPLETE//0000//003//CREDIT</AddtlNtryInf></Ntry><Ntry><Amt Ccy="GBP">2.00</Amt><CdtDbtInd>CRDT</CdtDbtInd><Sts>BOOK</Sts><BookgDt><Dt>2018-10-01</Dt></BookgDt><BkTxCd><Prtry><Cd>SIP UKBA CR 40269</Cd></Prtry></BkTxCd><TxDtls><Refs><EndToEndId>NOREF</EndToEndId><TxId>RP4679962710963500</TxId></Refs><RltdPties><Dbtr><Nm>CHIA + CHIA</Nm></Dbtr><DbtrAcct><Id><PrtryAcct><Id>20717470727814</Id></PrtryAcct></Id></DbtrAcct><Cdtr><Nm>ARRO MONEY</Nm></Cdtr><CdtrAcct><Id><PrtryAcct><Id>23008200067840</Id></PrtryAcct></Id></CdtrAcct><Prtry><Tp>MANDY</Tp><Pty/></Prtry></RltdPties><RmtInf><Strd><AddtlRmtInf>NO REF</AddtlRmtInf></Strd><Strd><AddtlRmtInf>CHIA + CHIA//MANDY</AddtlRmtInf></Strd></RmtInf><RltdDts><TxDtTm>2018-09-30T18:56:36</TxDtTm></RltdDts><AddtlTxInf>RP46799627109635001020180930826200026</AddtlTxInf></TxDtls><AddtlNtryInf>COMPLETE//0000//003//CREDIT</AddtlNtryInf></Ntry></Ntfctn></BkToCstmrDbtCdtNtfctnV01></Document>