<?xml version="1.0" encoding="UTF-8"?><Document xmlns:xsi="http://www.w3.org/2001/XMLSchema-instance" xmlns="urn:iso:std:iso:20022:tech:xsd:camt.054.001.01"><BkToCstmrDbtCdtNtfctnV01><GrpHdr><MsgId>80309K//13250</MsgId><CreDtTm>2018-09-24T02:00:00</CreDtTm></GrpHdr><Ntfctn><Id>80309K//13250//1</Id><CreDtTm>2018-09-24T02:00:00</CreDtTm><Acct><Id><PrtryAcct><Id>20594233939774</Id></PrtryAcct></Id><Ccy>GBP</Ccy></Acct><TxsSummry><TtlNtries><NbOfNtries>7</NbOfNtries><Sum>3691.96</Sum></TtlNtries><TtlCdtNtries><NbOfNtries>7</NbOfNtries><Sum>3691.96</Sum></TtlCdtNtries><TtlDbtNtries><NbOfNtries>0</NbOfNtries><Sum>0.00</Sum></TtlDbtNtries></TxsSummry><Ntry><Amt Ccy="GBP">3000.00</Amt><CdtDbtInd>CRDT</CdtDbtInd><Sts>BOOK</Sts><BookgDt><Dt>2018-09-24</Dt></BookgDt><BkTxCd><Prtry><Cd>FDP UKBA CR 40269</Cd></Prtry></BkTxCd><TxDtls><Refs><EndToEndId>NOREF</EndToEndId><TxId>53013047802128000R</TxId><Prtry><Tp>STO REF</Tp><Ref>0000</Ref></Prtry></Refs><RltdPties><Dbtr><Nm>HPR (UK) LIMITED</Nm></Dbtr><DbtrAcct><Id><PrtryAcct><Id>83153100756548</Id></PrtryAcct></Id></DbtrAcct><Cdtr><Nm>THEHYDCONSULT LTD</Nm></Cdtr><CdtrAcct><Id><PrtryAcct><Id>23008200035309</Id></PrtryAcct></Id></CdtrAcct><Prtry><Tp>HPR UK 3 OF 4</Tp><Pty/></Prtry></RltdPties><RmtInf><Strd><AddtlRmtInf>HPR UK 3 OF 4</AddtlRmtInf></Strd><Strd><AddtlRmtInf>HPR (UK) LIMITED//HPR UK 3 OF 4</AddtlRmtInf></Strd></RmtInf><RltdDts><TxDtTm>2018-09-24T01:31:51</TxDtTm></RltdDts><AddtlTxInf>53013047802128000R4020180924826831531</AddtlTxInf></TxDtls><AddtlNtryInf>COMPLETE//0000//003//CREDIT</AddtlNtryInf></Ntry><Ntry><Amt Ccy="GBP">100.00</Amt><CdtDbtInd>CRDT</CdtDbtInd><Sts>BOOK</Sts><BookgDt><Dt>2018-09-24</Dt></BookgDt><BkTxCd><Prtry><Cd>SIP UKBA CR 40269</Cd></Prtry></BkTxCd><TxDtls><Refs><EndToEndId>NOREF</EndToEndId><TxId>405925712310429001</TxId><Prtry><Tp>STO REF</Tp><Ref>0000</Ref></Prtry></Refs><RltdPties><Dbtr><Nm>CLARK J S</Nm></Dbtr><DbtrAcct><Id><PrtryAcct><Id>40303611454323</Id></PrtryAcct></Id></DbtrAcct><Cdtr><Nm>mr robert mackay</Nm></Cdtr><CdtrAcct><Id><PrtryAcct><Id>23008200151661</Id></PrtryAcct></Id></CdtrAcct><Prtry><Tp>i love you xxx</Tp><Pty/></Prtry></RltdPties><RmtInf><Strd><AddtlRmtInf>NO REF</AddtlRmtInf></Strd><Strd><AddtlRmtInf>CLARK J S//i love you xxx</AddtlRmtInf></Strd></RmtInf><RltdDts><TxDtTm>2018-09-24T01:32:17</TxDtTm></RltdDts><AddtlTxInf>4059257123104290011020180924826403036</AddtlTxInf></TxDtls><AddtlNtryInf>COMPLETE//0000//003//CREDIT</AddtlNtryInf></Ntry><Ntry><Amt Ccy="GBP">25.00</Amt><CdtDbtInd>CRDT</CdtDbtInd><Sts>BOOK</Sts><BookgDt><Dt>2018-09-24</Dt></BookgDt><BkTxCd><Prtry><Cd>SIP UKBA CR 40269</Cd></Prtry></BkTxCd><TxDtls><Refs><EndToEndId>NOREF</EndToEndId><TxId>537981534310429001</TxId><Prtry><Tp>STO REF</Tp><Ref>0000</Ref></Prtry></Refs><RltdPties><Dbtr><Nm>DA CUNHA SAL</Nm></Dbtr><DbtrAcct><Id><PrtryAcct><Id>40210251565583</Id></PrtryAcct></Id></DbtrAcct><Cdtr><Nm>Coco</Nm></Cdtr><CdtrAcct><Id><PrtryAcct><Id>23008200297480</Id></PrtryAcct></Id></CdtrAcct><Prtry><Tp>Baby</Tp><Pty/></Prtry></RltdPties><RmtInf><Strd><AddtlRmtInf>NO REF</AddtlRmtInf></Strd><Strd><AddtlRmtInf>DA CUNHA SAL//Baby</AddtlRmtInf></Strd></RmtInf><RltdDts><TxDtTm>2018-09-24T01:34:35</TxDtTm></RltdDts><AddtlTxInf>5379815343104290011020180924826402102</AddtlTxInf></TxDtls><AddtlNtryInf>COMPLETE//0000//003//CREDIT</AddtlNtryInf></Ntry><Ntry><Amt Ccy="GBP">436.96</Amt><CdtDbtInd>CRDT</CdtDbtInd><Sts>BOOK</Sts><BookgDt><Dt>2018-09-24</Dt></BookgDt><BkTxCd><Prtry><Cd>FDP UKBA CR 40269</Cd></Prtry></BkTxCd><TxDtls><Refs><EndToEndId>NOREF</EndToEndId><TxId>43013219496525000N</TxId><Prtry><Tp>STO REF</Tp><Ref>0000</Ref></Prtry></Refs><RltdPties><Dbtr><Nm>J &amp; V DALTON LTDYY</Nm></Dbtr><DbtrAcct><Id><PrtryAcct><Id>54213808505411</Id></PrtryAcct></Id></DbtrAcct><Cdtr><Nm>LAUBERGS OJARS</Nm></Cdtr><CdtrAcct><Id><PrtryAcct><Id>23008200195401</Id></PrtryAcct></Id></CdtrAcct><Prtry><Tp>DALTONS</Tp><Pty/></Prtry></RltdPties><RmtInf><Strd><AddtlRmtInf>DALTONS</AddtlRmtInf></Strd><Strd><AddtlRmtInf>J &amp; V DALTON LTDYY//DALTONS</AddtlRmtInf></Strd></RmtInf><RltdDts><TxDtTm>2018-09-24T01:37:09</TxDtTm></RltdDts><AddtlTxInf>43013219496525000N4020180924826542138</AddtlTxInf></TxDtls><AddtlNtryInf>COMPLETE//0000//003//CREDIT</AddtlNtryInf></Ntry><Ntry><Amt Ccy="GBP">10.00</Amt><CdtDbtInd>CRDT</CdtDbtInd><Sts>BOOK</Sts><BookgDt><Dt>2018-09-24</Dt></BookgDt><BkTxCd><Prtry><Cd>SIP UKBA CR 40269</Cd></Prtry></BkTxCd><TxDtls><Refs><EndToEndId>X</EndToEndId><TxId>11013922924666000N</TxId><Prtry><Tp>STO REF</Tp><Ref>0000</Ref></Prtry></Refs><RltdPties><Dbtr><Nm>BRIODY L</Nm></Dbtr><DbtrAcct><Id><PrtryAcct><Id>60302134888802</Id></PrtryAcct></Id></DbtrAcct><Cdtr><Nm>ME</Nm></Cdtr><CdtrAcct><Id><PrtryAcct><Id>23008200170994</Id></PrtryAcct></Id></CdtrAcct><Prtry><Tp>X</Tp><Pty/></Prtry></RltdPties><RmtInf><Strd><AddtlRmtInf>BRIODY L          X                 VIA MOBILE - LVP</AddtlRmtInf></Strd><Strd><AddtlRmtInf>BRIODY L//X</AddtlRmtInf></Strd></RmtInf><RltdDts><TxDtTm>2018-09-24T01:39:23</TxDtTm></RltdDts><AddtlTxInf>11013922924666000N1020180924826603021</AddtlTxInf></TxDtls><AddtlNtryInf>COMPLETE//0000//003//CREDIT</AddtlNtryInf></Ntry><Ntry><Amt Ccy="GBP">100.00</Amt><CdtDbtInd>CRDT</CdtDbtInd><Sts>BOOK</Sts><BookgDt><Dt>2018-09-24</Dt></BookgDt><BkTxCd><Prtry><Cd>STO UKBA CR 40267</Cd></Prtry></BkTxCd><TxDtls><Refs><EndToEndId>NOREF</EndToEndId><TxId>RP4673364038806800</TxId></Refs><RltdPties><Dbtr><Nm>MUSTAFA S</Nm></Dbtr><DbtrAcct><Id><PrtryAcct><Id>20944820286206</Id></PrtryAcct></Id></DbtrAcct><Cdtr><Nm>MRS RUHSEN ARKAR</Nm></Cdtr><CdtrAcct><Id><PrtryAcct><Id>23008200439660</Id></PrtryAcct></Id></CdtrAcct><Prtry><Tp>POOL/SULEYMAN</Tp><Pty/></Prtry></RltdPties><RmtInf><Strd><AddtlRmtInf>NO REF</AddtlRmtInf></Strd><Strd><AddtlRmtInf>MUSTAFA S//POOL/SULEYMAN</AddtlRmtInf></Strd></RmtInf><RltdDts><TxDtTm>2018-09-24T01:42:12</TxDtTm></RltdDts><AddtlTxInf>RP46733640388068003020180924826200026</AddtlTxInf></TxDtls><AddtlNtryInf>COMPLETE//0000//003//CREDIT</AddtlNtryInf></Ntry><Ntry><Amt Ccy="GBP">20.00</Amt><CdtDbtInd>CRDT</CdtDbtInd><Sts>BOOK</Sts><BookgDt><Dt>2018-09-24</Dt></BookgDt><BkTxCd><Prtry><Cd>SIP UKBA CR 40269</Cd></Prtry></BkTxCd><TxDtls><Refs><EndToEndId>POS</EndToEndId><TxId>35014746538875000N</TxId><Prtry><Tp>STO REF</Tp><Ref>0000</Ref></Prtry></Refs><RltdPties><Dbtr><Nm>OLAGUNJ OD</Nm></Dbtr><DbtrAcct><Id><PrtryAcct><Id>51701478690226</Id></PrtryAcct></Id></DbtrAcct><Cdtr><Nm>S OMILEKE</Nm></Cdtr><CdtrAcct><Id><PrtryAcct><Id>23008200441448</Id></PrtryAcct></Id></CdtrAcct><Prtry><Tp>POS</Tp><Pty/></Prtry></RltdPties><RmtInf><Strd><AddtlRmtInf>OLAGUNJ OD        POS               VIA MOBILE - LVP</AddtlRmtInf></Strd><Strd><AddtlRmtInf>OLAGUNJ OD//POS</AddtlRmtInf></Strd></RmtInf><RltdDts><TxDtTm>2018-09-24T01:47:46</TxDtTm></RltdDts><AddtlTxInf>35014746538875000N1020180924826517014</AddtlTxInf></TxDtls><AddtlNtryInf>COMPLETE//0000//003//CREDIT</AddtlNtryInf></Ntry></Ntfctn></BkToCstmrDbtCdtNtfctnV01></Document>