<?xml version="1.0" encoding="UTF-8"?><Document xmlns:xsi="http://www.w3.org/2001/XMLSchema-instance" xmlns="urn:iso:std:iso:20022:tech:xsd:camt.054.001.01"><BkToCstmrDbtCdtNtfctnV01><GrpHdr><MsgId>80309K//13415</MsgId><CreDtTm>2018-09-27T21:00:00</CreDtTm></GrpHdr><Ntfctn><Id>80309K//13415//1</Id><CreDtTm>2018-09-27T21:00:00</CreDtTm><Acct><Id><PrtryAcct><Id>20594233939774</Id></PrtryAcct></Id><Ccy>GBP</Ccy></Acct><TxsSummry><TtlNtries><NbOfNtries>8</NbOfNtries><Sum>4509.81</Sum></TtlNtries><TtlCdtNtries><NbOfNtries>8</NbOfNtries><Sum>4509.81</Sum></TtlCdtNtries><TtlDbtNtries><NbOfNtries>0</NbOfNtries><Sum>0.00</Sum></TtlDbtNtries></TxsSummry><Ntry><Amt Ccy="GBP">1.00</Amt><CdtDbtInd>CRDT</CdtDbtInd><Sts>BOOK</Sts><BookgDt><Dt>2018-09-28</Dt></BookgDt><BkTxCd><Prtry><Cd>SIP UKBA CR 40269</Cd></Prtry></BkTxCd><TxDtls><Refs><EndToEndId>NOREF</EndToEndId><TxId>03203807255663000R</TxId><Prtry><Tp>STO REF</Tp><Ref>0000</Ref></Prtry></Refs><RltdPties><Dbtr><Nm>STUART ALAN ROWSON</Nm><PstlAdr><AdrLine>FLAT APARTMENT 74;</AdrLine><AdrLine>1 JORDAN STREET;</AdrLine><AdrLine>MANCHESTER     LANCASHIRE</AdrLine><Ctry/></PstlAdr></Dbtr><DbtrAcct><Id><PrtryAcct><Id>16313022397824</Id></PrtryAcct></Id></DbtrAcct><Cdtr><Nm>STUART ROWSON</Nm></Cdtr><CdtrAcct><Id><PrtryAcct><Id>23008200433624</Id></PrtryAcct></Id></CdtrAcct><Prtry><Tp>YUP</Tp><Pty/></Prtry></RltdPties><RmtInf><Strd><AddtlRmtInf>YUP</AddtlRmtInf></Strd><Strd><AddtlRmtInf>STUART ALAN ROWSON//YUP</AddtlRmtInf></Strd></RmtInf><RltdDts><TxDtTm>2018-09-27T20:38:07</TxDtTm></RltdDts><AddtlTxInf>03203807255663000R1020180927826163130</AddtlTxInf></TxDtls><AddtlNtryInf>COMPLETE//0000//003//CREDIT</AddtlNtryInf></Ntry><Ntry><Amt Ccy="GBP">67.00</Amt><CdtDbtInd>CRDT</CdtDbtInd><Sts>BOOK</Sts><BookgDt><Dt>2018-09-28</Dt></BookgDt><BkTxCd><Prtry><Cd>SIP UKBA CR 40269</Cd></Prtry></BkTxCd><TxDtls><Refs><EndToEndId>NOREF</EndToEndId><TxId>600000000392216515</TxId></Refs><RltdPties><Dbtr><Nm>V Young</Nm></Dbtr><DbtrAcct><Id><PrtryAcct><Id>11044801175598</Id></PrtryAcct></Id></DbtrAcct><Cdtr><Nm>DEEMI MOSS</Nm></Cdtr><CdtrAcct><Id><PrtryAcct><Id>23008200467441</Id></PrtryAcct></Id></CdtrAcct><Prtry><Tp>TRAIN TICKETS</Tp><Pty/></Prtry></RltdPties><RmtInf><Strd><AddtlRmtInf>NO REF</AddtlRmtInf></Strd><Strd><AddtlRmtInf>V Young//TRAIN TICKETS</AddtlRmtInf></Strd></RmtInf><RltdDts><TxDtTm>2018-09-27T20:39:33</TxDtTm></RltdDts><AddtlTxInf>6000000003922165151020180927826110448</AddtlTxInf></TxDtls><AddtlNtryInf>COMPLETE//0000//003//CREDIT</AddtlNtryInf></Ntry><Ntry><Amt Ccy="GBP">416.68</Amt><CdtDbtInd>CRDT</CdtDbtInd><Sts>BOOK</Sts><BookgDt><Dt>2018-09-28</Dt></BookgDt><BkTxCd><Prtry><Cd>SIP UKBA CR 40269</Cd></Prtry></BkTxCd><TxDtls><Refs><EndToEndId>ACUTE RECRUITMENT</EndToEndId><TxId>02204151483314000N</TxId><Prtry><Tp>STO REF</Tp><Ref>0000</Ref></Prtry></Refs><RltdPties><Dbtr><Nm>ACUTE RECRUITMENT</Nm></Dbtr><DbtrAcct><Id><PrtryAcct><Id>51703284167629</Id></PrtryAcct></Id></DbtrAcct><Cdtr><Nm>TAOFIK BOLADE</Nm></Cdtr><CdtrAcct><Id><PrtryAcct><Id>23008200181929</Id></PrtryAcct></Id></CdtrAcct><Prtry><Tp>ACUTE RECRUITMENT</Tp><Pty/></Prtry></RltdPties><RmtInf><Strd><AddtlRmtInf>ACUTE RECRUITMENT ACUTE RECRUITMENT VIA MOBILE - PYMT</AddtlRmtInf></Strd><Strd><AddtlRmtInf>ACUTE RECRUITMENT//ACUTE RECRUITMENT</AddtlRmtInf></Strd></RmtInf><RltdDts><TxDtTm>2018-09-27T20:41:51</TxDtTm></RltdDts><AddtlTxInf>02204151483314000N1020180927826517032</AddtlTxInf></TxDtls><AddtlNtryInf>COMPLETE//0000//003//CREDIT</AddtlNtryInf></Ntry><Ntry><Amt Ccy="GBP">25.00</Amt><CdtDbtInd>CRDT</CdtDbtInd><Sts>BOOK</Sts><BookgDt><Dt>2018-09-28</Dt></BookgDt><BkTxCd><Prtry><Cd>SIP UKBA CR 40269</Cd></Prtry></BkTxCd><TxDtls><Refs><EndToEndId>JOE TRAIN TICKET</EndToEndId><TxId>31204713215148000N</TxId><Prtry><Tp>STO REF</Tp><Ref>0000</Ref></Prtry></Refs><RltdPties><Dbtr><Nm>CASTELLANO FL</Nm></Dbtr><DbtrAcct><Id><PrtryAcct><Id>60400839110826</Id></PrtryAcct></Id></DbtrAcct><Cdtr><Nm>NADEEM MOSS</Nm></Cdtr><CdtrAcct><Id><PrtryAcct><Id>23008200467441</Id></PrtryAcct></Id></CdtrAcct><Prtry><Tp>JOE TRAIN TICKET</Tp><Pty/></Prtry></RltdPties><RmtInf><Strd><AddtlRmtInf>CASTELLANO FL     JOE TRAIN TICKET  VIA MOBILE - LVP</AddtlRmtInf></Strd><Strd><AddtlRmtInf>CASTELLANO FL//JOE TRAIN TICKET</AddtlRmtInf></Strd></RmtInf><RltdDts><TxDtTm>2018-09-27T20:47:13</TxDtTm></RltdDts><AddtlTxInf>31204713215148000N1020180927826604008</AddtlTxInf></TxDtls><AddtlNtryInf>COMPLETE//0000//003//CREDIT</AddtlNtryInf></Ntry><Ntry><Amt Ccy="GBP">360.46</Amt><CdtDbtInd>CRDT</CdtDbtInd><Sts>BOOK</Sts><BookgDt><Dt>2018-09-28</Dt></BookgDt><BkTxCd><Prtry><Cd>SIP UKBA CR 40269</Cd></Prtry></BkTxCd><TxDtls><Refs><EndToEndId>NOREF</EndToEndId><TxId>100000000390845819</TxId></Refs><RltdPties><Dbtr><Nm>Hosay Building Ser</Nm></Dbtr><DbtrAcct><Id><PrtryAcct><Id>30848731881168</Id></PrtryAcct></Id></DbtrAcct><Cdtr><Nm>MATTLEADBETTERCONC</Nm></Cdtr><CdtrAcct><Id><PrtryAcct><Id>23008200222957</Id></PrtryAcct></Id></CdtrAcct><Prtry><Tp>BEYEWS 101 GRANGE</Tp><Pty/></Prtry></RltdPties><RmtInf><Strd><AddtlRmtInf>NO REF</AddtlRmtInf></Strd><Strd><AddtlRmtInf>Hosay Building Ser//BEYEWS 101 GRANGE</AddtlRmtInf></Strd></RmtInf><RltdDts><TxDtTm>2018-09-27T20:49:52</TxDtTm></RltdDts><AddtlTxInf>1000000003908458191020180927826308487</AddtlTxInf></TxDtls><AddtlNtryInf>COMPLETE//0000//003//CREDIT</AddtlNtryInf></Ntry><Ntry><Amt Ccy="GBP">45.00</Amt><CdtDbtInd>CRDT</CdtDbtInd><Sts>BOOK</Sts><BookgDt><Dt>2018-09-28</Dt></BookgDt><BkTxCd><Prtry><Cd>SIP UKBA CR 40269</Cd></Prtry></BkTxCd><TxDtls><Refs><EndToEndId>COLIN PHONE</EndToEndId><TxId>52205107314050000R</TxId><Prtry><Tp>STO REF</Tp><Ref>0000</Ref></Prtry></Refs><RltdPties><Dbtr><Nm>LOWNDES CL</Nm></Dbtr><DbtrAcct><Id><PrtryAcct><Id>16221910931640</Id></PrtryAcct></Id></DbtrAcct><Cdtr><Nm>MR PETER DAVIES</Nm></Cdtr><CdtrAcct><Id><PrtryAcct><Id>23008200169623</Id></PrtryAcct></Id></CdtrAcct><Prtry><Tp>COLIN PHONE</Tp><Pty/></Prtry></RltdPties><RmtInf><Strd><AddtlRmtInf>LOWNDES CL        COLIN PHONE       VIA MOBILE - LVP</AddtlRmtInf></Strd><Strd><AddtlRmtInf>LOWNDES CL//COLIN PHONE</AddtlRmtInf></Strd></RmtInf><RltdDts><TxDtTm>2018-09-27T20:51:07</TxDtTm></RltdDts><AddtlTxInf>52205107314050000R1020180927826162219</AddtlTxInf></TxDtls><AddtlNtryInf>COMPLETE//0000//003//CREDIT</AddtlNtryInf></Ntry><Ntry><Amt Ccy="GBP">3532.32</Amt><CdtDbtInd>CRDT</CdtDbtInd><Sts>BOOK</Sts><BookgDt><Dt>2018-09-28</Dt></BookgDt><BkTxCd><Prtry><Cd>SIP UKBA CR 40269</Cd></Prtry></BkTxCd><TxDtls><Refs><EndToEndId>NOREF</EndToEndId><TxId>FP18270O10313393</TxId></Refs><RltdPties><Dbtr><Nm>Kadwill Christopher</Nm></Dbtr><DbtrAcct><Id><PrtryAcct><Id>07011613317961</Id></PrtryAcct></Id></DbtrAcct><Cdtr><Nm>MS T LEITCH</Nm></Cdtr><CdtrAcct><Id><PrtryAcct><Id>23008200471465</Id></PrtryAcct></Id></CdtrAcct><Prtry><Tp>00471465</Tp><Pty/></Prtry></RltdPties><RmtInf><Strd><AddtlRmtInf>NO REF</AddtlRmtInf></Strd><Strd><AddtlRmtInf>Kadwill Christophe//00471465</AddtlRmtInf></Strd></RmtInf><RltdDts><TxDtTm>2018-09-27T20:59:23</TxDtTm></RltdDts><AddtlTxInf>FP18270O10313393  1020180927826070116</AddtlTxInf></TxDtls><AddtlNtryInf>COMPLETE//0000//003//CREDIT</AddtlNtryInf></Ntry><Ntry><Amt Ccy="GBP">62.35</Amt><CdtDbtInd>CRDT</CdtDbtInd><Sts>BOOK</Sts><BookgDt><Dt>2018-09-28</Dt></BookgDt><BkTxCd><Prtry><Cd>SIP UKBA CR 40269</Cd></Prtry></BkTxCd><TxDtls><Refs><EndToEndId>NOREF</EndToEndId><TxId>454315639502729001</TxId><Prtry><Tp>STO REF</Tp><Ref>0000</Ref></Prtry></Refs><RltdPties><Dbtr><Nm>ABRAHAM A</Nm></Dbtr><DbtrAcct><Id><PrtryAcct><Id>40470822160757</Id></PrtryAcct></Id></DbtrAcct><Cdtr><Nm>Michael Zimmerman</Nm></Cdtr><CdtrAcct><Id><PrtryAcct><Id>23008200471682</Id></PrtryAcct></Id></CdtrAcct><Prtry><Tp>Eurostar</Tp><Pty/></Prtry></RltdPties><RmtInf><Strd><AddtlRmtInf>NO REF</AddtlRmtInf></Strd><Strd><AddtlRmtInf>ABRAHAM A//Eurostar</AddtlRmtInf></Strd></RmtInf><RltdDts><TxDtTm>2018-09-27T20:59:36</TxDtTm></RltdDts><AddtlTxInf>4543156395027290011020180927826404708</AddtlTxInf></TxDtls><AddtlNtryInf>COMPLETE//0000//003//CREDIT</AddtlNtryInf></Ntry></Ntfctn></BkToCstmrDbtCdtNtfctnV01></Document>