<?xml version="1.0" encoding="UTF-8"?><Document xmlns:xsi="http://www.w3.org/2001/XMLSchema-instance" xmlns="urn:iso:std:iso:20022:tech:xsd:camt.054.001.01"><BkToCstmrDbtCdtNtfctnV01><GrpHdr><MsgId>80309K//12691</MsgId><CreDtTm>2018-09-11T01:00:00</CreDtTm></GrpHdr><Ntfctn><Id>80309K//12691//1</Id><CreDtTm>2018-09-11T01:00:00</CreDtTm><Acct><Id><PrtryAcct><Id>20594233939774</Id></PrtryAcct></Id><Ccy>GBP</Ccy></Acct><TxsSummry><TtlNtries><NbOfNtries>2</NbOfNtries><Sum>111.00</Sum></TtlNtries><TtlCdtNtries><NbOfNtries>2</NbOfNtries><Sum>111.00</Sum></TtlCdtNtries><TtlDbtNtries><NbOfNtries>0</NbOfNtries><Sum>0.00</Sum></TtlDbtNtries></TxsSummry><Ntry><Amt Ccy="GBP">110.00</Amt><CdtDbtInd>CRDT</CdtDbtInd><Sts>BOOK</Sts><BookgDt><Dt>2018-09-11</Dt></BookgDt><BkTxCd><Prtry><Cd>SIP UKBA CR 40269</Cd></Prtry></BkTxCd><TxDtls><Refs><EndToEndId>NOREF</EndToEndId><TxId>RP4679961099581000</TxId></Refs><RltdPties><Dbtr><Nm>WILK M</Nm></Dbtr><DbtrAcct><Id><PrtryAcct><Id>20371653732843</Id></PrtryAcct></Id></DbtrAcct><Cdtr><Nm>M W</Nm></Cdtr><CdtrAcct><Id><PrtryAcct><Id>23008200247840</Id></PrtryAcct></Id></CdtrAcct><Prtry><Tp>MMW</Tp><Pty/></Prtry></RltdPties><RmtInf><Strd><AddtlRmtInf>NO REF</AddtlRmtInf></Strd><Strd><AddtlRmtInf>WILK M//MMW</AddtlRmtInf></Strd></RmtInf><RltdDts><TxDtTm>2018-09-11T00:43:14</TxDtTm></RltdDts><AddtlTxInf>RP46799610995810001020180911826200026</AddtlTxInf></TxDtls><AddtlNtryInf>COMPLETE//0000//003//CREDIT</AddtlNtryInf></Ntry><Ntry><Amt Ccy="GBP">1.00</Amt><CdtDbtInd>CRDT</CdtDbtInd><Sts>BOOK</Sts><BookgDt><Dt>2018-09-11</Dt></BookgDt><BkTxCd><Prtry><Cd>STO UKBA CR 40267</Cd></Prtry></BkTxCd><TxDtls><Refs><EndToEndId>NOREF</EndToEndId><TxId>300000000391374009</TxId></Refs><RltdPties><Dbtr><Nm>D KING</Nm></Dbtr><DbtrAcct><Id><PrtryAcct><Id>11056501152479</Id></PrtryAcct></Id></DbtrAcct><Cdtr><Nm>STAN- BLANK CANVAS</Nm></Cdtr><CdtrAcct><Id><PrtryAcct><Id>23008200037066</Id></PrtryAcct></Id></CdtrAcct><Prtry><Tp>HOMELESS PROJECT</Tp><Pty/></Prtry></RltdPties><RmtInf><Strd><AddtlRmtInf>NO REF</AddtlRmtInf></Strd><Strd><AddtlRmtInf>D KING//HOMELESS PROJECT</AddtlRmtInf></Strd></RmtInf><RltdDts><TxDtTm>2018-09-11T00:58:05</TxDtTm></RltdDts><AddtlTxInf>3000000003913740093020180911826110565</AddtlTxInf></TxDtls><AddtlNtryInf>COMPLETE//0000//003//CREDIT</AddtlNtryInf></Ntry></Ntfctn></BkToCstmrDbtCdtNtfctnV01></Document>