<?xml version="1.0" encoding="UTF-8"?><Document xmlns:xsi="http://www.w3.org/2001/XMLSchema-instance" xmlns="urn:iso:std:iso:20022:tech:xsd:camt.054.001.01"><BkToCstmrDbtCdtNtfctnV01><GrpHdr><MsgId>80309K//12711</MsgId><CreDtTm>2018-09-11T13:30:00</CreDtTm></GrpHdr><Ntfctn><Id>80309K//12711//1</Id><CreDtTm>2018-09-11T13:30:00</CreDtTm><Acct><Id><PrtryAcct><Id>20594233939774</Id></PrtryAcct></Id><Ccy>GBP</Ccy></Acct><TxsSummry><TtlNtries><NbOfNtries>12</NbOfNtries><Sum>6292.70</Sum></TtlNtries><TtlCdtNtries><NbOfNtries>12</NbOfNtries><Sum>6292.70</Sum></TtlCdtNtries><TtlDbtNtries><NbOfNtries>0</NbOfNtries><Sum>0.00</Sum></TtlDbtNtries></TxsSummry><Ntry><Amt Ccy="GBP">9.00</Amt><CdtDbtInd>CRDT</CdtDbtInd><Sts>BOOK</Sts><BookgDt><Dt>2018-09-11</Dt></BookgDt><BkTxCd><Prtry><Cd>SIP UKBA CR 40269</Cd></Prtry></BkTxCd><TxDtls><Refs><EndToEndId>NOREF</EndToEndId><TxId>RP4679961132583600</TxId></Refs><RltdPties><Dbtr><Nm>WHITE CHRISTOPHE</Nm></Dbtr><DbtrAcct><Id><PrtryAcct><Id>20709483520781</Id></PrtryAcct></Id></DbtrAcct><Cdtr><Nm>CHRISTOPHER WHITE</Nm></Cdtr><CdtrAcct><Id><PrtryAcct><Id>23008200292739</Id></PrtryAcct></Id></CdtrAcct><Prtry><Tp>MONEY</Tp><Pty/></Prtry></RltdPties><RmtInf><Strd><AddtlRmtInf>NO REF</AddtlRmtInf></Strd><Strd><AddtlRmtInf>WHITE CHRISTOPHE//MONEY</AddtlRmtInf></Strd></RmtInf><RltdDts><TxDtTm>2018-09-11T13:01:28</TxDtTm></RltdDts><AddtlTxInf>RP46799611325836001020180911826200026</AddtlTxInf></TxDtls><AddtlNtryInf>COMPLETE//0000//002//CREDIT</AddtlNtryInf></Ntry><Ntry><Amt Ccy="GBP">633.10</Amt><CdtDbtInd>CRDT</CdtDbtInd><Sts>BOOK</Sts><BookgDt><Dt>2018-09-11</Dt></BookgDt><BkTxCd><Prtry><Cd>SIP UKBA CR 40269</Cd></Prtry></BkTxCd><TxDtls><Refs><EndToEndId>10100FMH01</EndToEndId><TxId>780331098900</TxId></Refs><RltdPties><Dbtr><Nm>Roofoods Limited</Nm></Dbtr><DbtrAcct><Id><PrtryAcct><Id>18500818237972</Id></PrtryAcct></Id></DbtrAcct><Cdtr><Nm>Ross Drinkell</Nm></Cdtr><CdtrAcct><Id><PrtryAcct><Id>23008200421201</Id></PrtryAcct></Id></CdtrAcct></RltdPties><RmtInf><Strd><RfrdDocInf><RfrdDocTp><Prtry>002</Prtry></RfrdDocTp></RfrdDocInf><AddtlRmtInf>NO REF</AddtlRmtInf></Strd><Strd><AddtlRmtInf>Roofoods Limited//</AddtlRmtInf></Strd></RmtInf><RltdDts><TxDtTm>2018-09-11T13:07:43</TxDtTm></RltdDts><AddtlTxInf>780331098900      1020180911826185008</AddtlTxInf></TxDtls><AddtlNtryInf>COMPLETE//0000//002//CREDIT</AddtlNtryInf></Ntry><Ntry><Amt Ccy="GBP">0.10</Amt><CdtDbtInd>CRDT</CdtDbtInd><Sts>BOOK</Sts><BookgDt><Dt>2018-09-11</Dt></BookgDt><BkTxCd><Prtry><Cd>SIP UKBA CR 40269</Cd></Prtry></BkTxCd><TxDtls><Refs><EndToEndId>NOREF</EndToEndId><TxId>FP18254O16918299</TxId></Refs><RltdPties><Dbtr><Nm>Gorton Daniel</Nm></Dbtr><DbtrAcct><Id><PrtryAcct><Id>07043623430389</Id></PrtryAcct></Id></DbtrAcct><Cdtr><Nm>D GORTON</Nm></Cdtr><CdtrAcct><Id><PrtryAcct><Id>23008200424851</Id></PrtryAcct></Id></CdtrAcct><Prtry><Tp>ID</Tp><Pty/></Prtry></RltdPties><RmtInf><Strd><AddtlRmtInf>NO REF</AddtlRmtInf></Strd><Strd><AddtlRmtInf>Gorton Daniel//ID</AddtlRmtInf></Strd></RmtInf><RltdDts><TxDtTm>2018-09-11T13:11:10</TxDtTm></RltdDts><AddtlTxInf>FP18254O16918299  1020180911826070436</AddtlTxInf></TxDtls><AddtlNtryInf>COMPLETE//0000//002//CREDIT</AddtlNtryInf></Ntry><Ntry><Amt Ccy="GBP">30.00</Amt><CdtDbtInd>CRDT</CdtDbtInd><Sts>BOOK</Sts><BookgDt><Dt>2018-09-11</Dt></BookgDt><BkTxCd><Prtry><Cd>SIP UKBA CR 40269</Cd></Prtry></BkTxCd><TxDtls><Refs><EndToEndId>NOREF</EndToEndId><TxId>PV2LC9DXV1ZUCSBI1T</TxId></Refs><RltdPties><Dbtr><Nm>Jaimal Mistry</Nm><PstlAdr><AdrLine>13 Sheridan St, WS2 9QU</AdrLine><Ctry/></PstlAdr></Dbtr><DbtrAcct><Id><PrtryAcct><Id>04000452867364</Id></PrtryAcct></Id></DbtrAcct><Cdtr><Nm>jai arrow</Nm></Cdtr><CdtrAcct><Id><PrtryAcct><Id>23008200344419</Id></PrtryAcct></Id></CdtrAcct><Prtry><Tp>jai arrow</Tp><Pty/></Prtry></RltdPties><RmtInf><Strd><AddtlRmtInf>NO REF</AddtlRmtInf></Strd><Strd><AddtlRmtInf>Jaimal Mistry//jai arrow</AddtlRmtInf></Strd></RmtInf><RltdDts><TxDtTm>2018-09-11T13:14:25</TxDtTm></RltdDts><AddtlTxInf>PV2LC9DXV1ZUCSBI1T1020180911826040004</AddtlTxInf></TxDtls><AddtlNtryInf>COMPLETE//0000//002//CREDIT</AddtlNtryInf></Ntry><Ntry><Amt Ccy="GBP">3.00</Amt><CdtDbtInd>CRDT</CdtDbtInd><Sts>BOOK</Sts><BookgDt><Dt>2018-09-11</Dt></BookgDt><BkTxCd><Prtry><Cd>SIP UKBA CR 40269</Cd></Prtry></BkTxCd><TxDtls><Refs><EndToEndId>NOREF</EndToEndId><TxId>PFS8IUE1WA4MXRR4L5</TxId></Refs><RltdPties><Dbtr><Nm>Jaimal Mistry</Nm><PstlAdr><AdrLine>13 Sheridan St, WS2 9QU</AdrLine><Ctry/></PstlAdr></Dbtr><DbtrAcct><Id><PrtryAcct><Id>04000452867364</Id></PrtryAcct></Id></DbtrAcct><Cdtr><Nm>jai arrow</Nm></Cdtr><CdtrAcct><Id><PrtryAcct><Id>23008200344419</Id></PrtryAcct></Id></CdtrAcct><Prtry><Tp>jai arrow</Tp><Pty/></Prtry></RltdPties><RmtInf><Strd><AddtlRmtInf>NO REF</AddtlRmtInf></Strd><Strd><AddtlRmtInf>Jaimal Mistry//jai arrow</AddtlRmtInf></Strd></RmtInf><RltdDts><TxDtTm>2018-09-11T13:14:59</TxDtTm></RltdDts><AddtlTxInf>PFS8IUE1WA4MXRR4L51020180911826040004</AddtlTxInf></TxDtls><AddtlNtryInf>COMPLETE//0000//002//CREDIT</AddtlNtryInf></Ntry><Ntry><Amt Ccy="GBP">2400.00</Amt><CdtDbtInd>CRDT</CdtDbtInd><Sts>BOOK</Sts><BookgDt><Dt>2018-09-11</Dt></BookgDt><BkTxCd><Prtry><Cd>SIP UKBA CR 40269</Cd></Prtry></BkTxCd><TxDtls><Refs><EndToEndId>NOREF</EndToEndId><TxId>RP4679961134061000</TxId></Refs><RltdPties><Dbtr><Nm>HEWITTS TYR T/AS</Nm></Dbtr><DbtrAcct><Id><PrtryAcct><Id>20038433322068</Id></PrtryAcct></Id></DbtrAcct><Cdtr><Nm>LLOYDS</Nm></Cdtr><CdtrAcct><Id><PrtryAcct><Id>23008200423921</Id></PrtryAcct></Id></CdtrAcct><Prtry><Tp>CORSA</Tp><Pty/></Prtry></RltdPties><RmtInf><Strd><AddtlRmtInf>NO REF</AddtlRmtInf></Strd><Strd><AddtlRmtInf>HEWITTS TYR T/AS//CORSA</AddtlRmtInf></Strd></RmtInf><RltdDts><TxDtTm>2018-09-11T13:17:04</TxDtTm></RltdDts><AddtlTxInf>RP46799611340610001020180911826200026</AddtlTxInf></TxDtls><AddtlNtryInf>COMPLETE//0000//002//CREDIT</AddtlNtryInf></Ntry><Ntry><Amt Ccy="GBP">700.00</Amt><CdtDbtInd>CRDT</CdtDbtInd><Sts>BOOK</Sts><BookgDt><Dt>2018-09-11</Dt></BookgDt><BkTxCd><Prtry><Cd>SIP UKBA CR 40269</Cd></Prtry></BkTxCd><TxDtls><Refs><EndToEndId>NOREF</EndToEndId><TxId>600000000387569719</TxId></Refs><RltdPties><Dbtr><Nm>R Smechea</Nm></Dbtr><DbtrAcct><Id><PrtryAcct><Id>30989366044860</Id></PrtryAcct></Id></DbtrAcct><Cdtr><Nm>BSM DRIVING SCHOOL</Nm></Cdtr><CdtrAcct><Id><PrtryAcct><Id>23008200433701</Id></PrtryAcct></Id></CdtrAcct><Prtry><Tp>PASSPLUS772</Tp><Pty/></Prtry></RltdPties><RmtInf><Strd><AddtlRmtInf>NO REF</AddtlRmtInf></Strd><Strd><AddtlRmtInf>R Smechea//PASSPLUS772</AddtlRmtInf></Strd></RmtInf><RltdDts><TxDtTm>2018-09-11T13:17:52</TxDtTm></RltdDts><AddtlTxInf>6000000003875697191020180911826309893</AddtlTxInf></TxDtls><AddtlNtryInf>COMPLETE//0000//002//CREDIT</AddtlNtryInf></Ntry><Ntry><Amt Ccy="GBP">1750.00</Amt><CdtDbtInd>CRDT</CdtDbtInd><Sts>BOOK</Sts><BookgDt><Dt>2018-09-11</Dt></BookgDt><BkTxCd><Prtry><Cd>SIP UKBA CR 40269</Cd></Prtry></BkTxCd><TxDtls><Refs><EndToEndId>FEE</EndToEndId><TxId>58132010554001000R</TxId><Prtry><Tp>STO REF</Tp><Ref>0000</Ref></Prtry></Refs><RltdPties><Dbtr><Nm>MARQ MILLIONS LTD</Nm></Dbtr><DbtrAcct><Id><PrtryAcct><Id>16001810123776</Id></PrtryAcct></Id></DbtrAcct><Cdtr><Nm>FAR CONSULTANCY</Nm></Cdtr><CdtrAcct><Id><PrtryAcct><Id>23008200031160</Id></PrtryAcct></Id></CdtrAcct><Prtry><Tp>FEE</Tp><Pty/></Prtry></RltdPties><RmtInf><Strd><AddtlRmtInf>MARQ MILLIONS LTD FEE               VIA ONLINE - PYMT</AddtlRmtInf></Strd><Strd><AddtlRmtInf>MARQ MILLIONS LTD//FEE</AddtlRmtInf></Strd></RmtInf><RltdDts><TxDtTm>2018-09-11T13:20:10</TxDtTm></RltdDts><AddtlTxInf>58132010554001000R1020180911826160018</AddtlTxInf></TxDtls><AddtlNtryInf>COMPLETE//0000//002//CREDIT</AddtlNtryInf></Ntry><Ntry><Amt Ccy="GBP">3.50</Amt><CdtDbtInd>CRDT</CdtDbtInd><Sts>BOOK</Sts><BookgDt><Dt>2018-09-11</Dt></BookgDt><BkTxCd><Prtry><Cd>SIP UKBA CR 40269</Cd></Prtry></BkTxCd><TxDtls><Refs><EndToEndId>NOREF</EndToEndId><TxId>RP4659984317012700</TxId></Refs><RltdPties><Dbtr><Nm>GREEN AP</Nm></Dbtr><DbtrAcct><Id><PrtryAcct><Id>20502190578428</Id></PrtryAcct></Id></DbtrAcct><Cdtr><Nm>ARRO CARD</Nm></Cdtr><CdtrAcct><Id><PrtryAcct><Id>23008200381084</Id></PrtryAcct></Id></CdtrAcct><Prtry><Tp>ARROCARD</Tp><Pty/></Prtry></RltdPties><RmtInf><Strd><AddtlRmtInf>NO REF</AddtlRmtInf></Strd><Strd><AddtlRmtInf>GREEN AP//ARROCARD</AddtlRmtInf></Strd></RmtInf><RltdDts><TxDtTm>2018-09-11T13:20:20</TxDtTm></RltdDts><AddtlTxInf>RP46599843170127001020180911826200026</AddtlTxInf></TxDtls><AddtlNtryInf>COMPLETE//0000//002//CREDIT</AddtlNtryInf></Ntry><Ntry><Amt Ccy="GBP">720.00</Amt><CdtDbtInd>CRDT</CdtDbtInd><Sts>BOOK</Sts><BookgDt><Dt>2018-09-11</Dt></BookgDt><BkTxCd><Prtry><Cd>SIP UKBA CR 40269</Cd></Prtry></BkTxCd><TxDtls><Refs><EndToEndId>NOREF</EndToEndId><TxId>FP18254O16925481</TxId></Refs><RltdPties><Dbtr><Nm>Bond Elisabeth</Nm></Dbtr><DbtrAcct><Id><PrtryAcct><Id>07011622144725</Id></PrtryAcct></Id></DbtrAcct><Cdtr><Nm>CHASE COURIERS</Nm></Cdtr><CdtrAcct><Id><PrtryAcct><Id>23008200415469</Id></PrtryAcct></Id></CdtrAcct><Prtry><Tp>ELISABETH BOND</Tp><Pty/></Prtry></RltdPties><RmtInf><Strd><AddtlRmtInf>NO REF</AddtlRmtInf></Strd><Strd><AddtlRmtInf>Bond Elisabeth//ELISABETH BOND</AddtlRmtInf></Strd></RmtInf><RltdDts><TxDtTm>2018-09-11T13:20:42</TxDtTm></RltdDts><AddtlTxInf>FP18254O16925481  1020180911826070116</AddtlTxInf></TxDtls><AddtlNtryInf>COMPLETE//0000//002//CREDIT</AddtlNtryInf></Ntry><Ntry><Amt Ccy="GBP">22.00</Amt><CdtDbtInd>CRDT</CdtDbtInd><Sts>BOOK</Sts><BookgDt><Dt>2018-09-11</Dt></BookgDt><BkTxCd><Prtry><Cd>DCA UKBA CR 40269</Cd></Prtry></BkTxCd><TxDtls><Refs><EndToEndId>NOREF</EndToEndId><TxId>000000013529468501</TxId><Prtry><Tp>STO REF</Tp><Ref>8207</Ref></Prtry></Refs><RltdPties><Dbtr><Nm>EVA AMBER DONKER</Nm></Dbtr><DbtrAcct><Id><PrtryAcct><Id>20035373152596</Id></PrtryAcct></Id></DbtrAcct><Cdtr><Nm>ANGELA FATTY</Nm></Cdtr><CdtrAcct><Id><PrtryAcct><Id>23008200437800</Id></PrtryAcct></Id></CdtrAcct><Prtry><Tp>ANGELA FATTY</Tp><Pty/></Prtry></RltdPties><RmtInf><Strd><AddtlRmtInf>NO REF</AddtlRmtInf></Strd><Strd><AddtlRmtInf>EVA AMBER DONKER//ANGELA FATTY</AddtlRmtInf></Strd></RmtInf><RltdDts><TxDtTm>2018-09-11T13:22:22</TxDtTm></RltdDts><AddtlTxInf>0000000135294685015020180911826200353</AddtlTxInf></TxDtls><AddtlNtryInf>COMPLETE//0000//002//CREDIT</AddtlNtryInf></Ntry><Ntry><Amt Ccy="GBP">22.00</Amt><CdtDbtInd>CRDT</CdtDbtInd><Sts>BOOK</Sts><BookgDt><Dt>2018-09-11</Dt></BookgDt><BkTxCd><Prtry><Cd>DCA UKBA CR 40269</Cd></Prtry></BkTxCd><TxDtls><Refs><EndToEndId>NOREF</EndToEndId><TxId>000000013529470201</TxId><Prtry><Tp>STO REF</Tp><Ref>8207</Ref></Prtry></Refs><RltdPties><Dbtr><Nm>EVA AMBER DONKER</Nm></Dbtr><DbtrAcct><Id><PrtryAcct><Id>20035373152596</Id></PrtryAcct></Id></DbtrAcct><Cdtr><Nm>JADE JOHNSON</Nm></Cdtr><CdtrAcct><Id><PrtryAcct><Id>23008200439509</Id></PrtryAcct></Id></CdtrAcct><Prtry><Tp>JADE JOHNSON</Tp><Pty/></Prtry></RltdPties><RmtInf><Strd><AddtlRmtInf>NO REF</AddtlRmtInf></Strd><Strd><AddtlRmtInf>EVA AMBER DONKER//JADE JOHNSON</AddtlRmtInf></Strd></RmtInf><RltdDts><TxDtTm>2018-09-11T13:22:22</TxDtTm></RltdDts><AddtlTxInf>0000000135294702015020180911826200353</AddtlTxInf></TxDtls><AddtlNtryInf>COMPLETE//0000//002//CREDIT</AddtlNtryInf></Ntry></Ntfctn></BkToCstmrDbtCdtNtfctnV01></Document>