<?xml version="1.0" encoding="UTF-8"?><Document xmlns:xsi="http://www.w3.org/2001/XMLSchema-instance" xmlns="urn:iso:std:iso:20022:tech:xsd:camt.054.001.01"><BkToCstmrDbtCdtNtfctnV01><GrpHdr><MsgId>80309K//12350</MsgId><CreDtTm>2018-09-03T05:00:00</CreDtTm></GrpHdr><Ntfctn><Id>80309K//12350//1</Id><CreDtTm>2018-09-03T05:00:00</CreDtTm><Acct><Id><PrtryAcct><Id>20594233939774</Id></PrtryAcct></Id><Ccy>GBP</Ccy></Acct><TxsSummry><TtlNtries><NbOfNtries>1</NbOfNtries><Sum>8.00</Sum></TtlNtries><TtlCdtNtries><NbOfNtries>1</NbOfNtries><Sum>8.00</Sum></TtlCdtNtries><TtlDbtNtries><NbOfNtries>0</NbOfNtries><Sum>0.00</Sum></TtlDbtNtries></TxsSummry><Ntry><Amt Ccy="GBP">8.00</Amt><CdtDbtInd>CRDT</CdtDbtInd><Sts>BOOK</Sts><BookgDt><Dt>2018-09-03</Dt></BookgDt><BkTxCd><Prtry><Cd>SIP UKBA CR 40269</Cd></Prtry></BkTxCd><TxDtls><Refs><EndToEndId>THANKS</EndToEndId><TxId>33044227738166000N</TxId><Prtry><Tp>STO REF</Tp><Ref>0000</Ref></Prtry></Refs><RltdPties><Dbtr><Nm>LWETUTTE ME</Nm></Dbtr><DbtrAcct><Id><PrtryAcct><Id>56006145006466</Id></PrtryAcct></Id></DbtrAcct><Cdtr><Nm>EMAN</Nm></Cdtr><CdtrAcct><Id><PrtryAcct><Id>23008200426097</Id></PrtryAcct></Id></CdtrAcct><Prtry><Tp>THANKS</Tp><Pty/></Prtry></RltdPties><RmtInf><Strd><AddtlRmtInf>LWETUTTE ME       THANKS            VIA MOBILE - LVP</AddtlRmtInf></Strd><Strd><AddtlRmtInf>LWETUTTE ME//THANKS</AddtlRmtInf></Strd></RmtInf><RltdDts><TxDtTm>2018-09-03T04:42:28</TxDtTm></RltdDts><AddtlTxInf>33044227738166000N1020180903826560061</AddtlTxInf></TxDtls><AddtlNtryInf>COMPLETE//0000//003//CREDIT</AddtlNtryInf></Ntry></Ntfctn></BkToCstmrDbtCdtNtfctnV01></Document>