<?xml version="1.0" encoding="UTF-8"?><Document xmlns:xsi="http://www.w3.org/2001/XMLSchema-instance" xmlns="urn:iso:std:iso:20022:tech:xsd:camt.054.001.01"><BkToCstmrDbtCdtNtfctnV01><GrpHdr><MsgId>80309K//13334</MsgId><CreDtTm>2018-09-25T23:30:00</CreDtTm></GrpHdr><Ntfctn><Id>80309K//13334//1</Id><CreDtTm>2018-09-25T23:30:00</CreDtTm><Acct><Id><PrtryAcct><Id>20594233939774</Id></PrtryAcct></Id><Ccy>GBP</Ccy></Acct><TxsSummry><TtlNtries><NbOfNtries>9</NbOfNtries><Sum>2874.02</Sum></TtlNtries><TtlCdtNtries><NbOfNtries>7</NbOfNtries><Sum>639.02</Sum></TtlCdtNtries><TtlDbtNtries><NbOfNtries>2</NbOfNtries><Sum>2235.00</Sum></TtlDbtNtries></TxsSummry><Ntry><Amt Ccy="GBP">10.00</Amt><CdtDbtInd>CRDT</CdtDbtInd><Sts>BOOK</Sts><BookgDt><Dt>2018-09-26</Dt></BookgDt><BkTxCd><Prtry><Cd>SIP UKBA CR 40269</Cd></Prtry></BkTxCd><TxDtls><Refs><EndToEndId>VENTURA RICARDO</EndToEndId><TxId>TW0000000040816403</TxId></Refs><RltdPties><Dbtr><Nm>Ricardo Ventura TW</Nm></Dbtr><DbtrAcct><Id><PrtryAcct><Id>23147026819233</Id></PrtryAcct></Id></DbtrAcct><Cdtr><Nm>Ricardo Venturaarro</Nm></Cdtr><CdtrAcct><Id><PrtryAcct><Id>23008200026454</Id></PrtryAcct></Id></CdtrAcct><Prtry><Tp>VENTURA RICARDO</Tp><Pty/></Prtry></RltdPties><RmtInf><Strd><AddtlRmtInf>NO REF</AddtlRmtInf></Strd><Strd><AddtlRmtInf>Ricardo Ventura TW//VENTURA RICARDO</AddtlRmtInf></Strd></RmtInf><RltdDts><TxDtTm>2018-09-25T23:01:26</TxDtTm></RltdDts><AddtlTxInf>TW00000000408164031020180925826231470</AddtlTxInf></TxDtls><AddtlNtryInf>COMPLETE//0000//003//CREDIT</AddtlNtryInf></Ntry><Ntry><Amt Ccy="GBP">1565.00</Amt><CdtDbtInd>DBIT</CdtDbtInd><Sts>BOOK</Sts><BookgDt><Dt>2018-09-26</Dt></BookgDt><BkTxCd><Prtry><Cd>AUT UKBA DR 30278</Cd></Prtry></BkTxCd><TxDtls><Refs><TxId>000000000337931400</TxId></Refs><RltdPties><DbtrAcct><Id><PrtryAcct><Id>20594233939774</Id></PrtryAcct></Id></DbtrAcct></RltdPties><RmtInf><Strd><AddtlRmtInf>NO REF</AddtlRmtInf></Strd><Strd><AddtlRmtInf>20180925A44639//7S      F2B9OQQ793</AddtlRmtInf></Strd></RmtInf><RltdDts><TxDtTm>2018-09-25T23:01:43</TxDtTm></RltdDts><AddtlTxInf>0000000003379314000020180925826205942</AddtlTxInf></TxDtls><AddtlNtryInf>AUTHSENT//0000//003//DEBIT</AddtlNtryInf></Ntry><Ntry><Amt Ccy="GBP">670.00</Amt><CdtDbtInd>DBIT</CdtDbtInd><Sts>BOOK</Sts><BookgDt><Dt>2018-09-26</Dt></BookgDt><BkTxCd><Prtry><Cd>AUT UKBA DR 30278</Cd></Prtry></BkTxCd><TxDtls><Refs><TxId>000000000337931500</TxId></Refs><RltdPties><DbtrAcct><Id><PrtryAcct><Id>20594233939774</Id></PrtryAcct></Id></DbtrAcct></RltdPties><RmtInf><Strd><AddtlRmtInf>NO REF</AddtlRmtInf></Strd><Strd><AddtlRmtInf>20180925A44639//7S      F2B7UE8791</AddtlRmtInf></Strd></RmtInf><RltdDts><TxDtTm>2018-09-25T23:01:55</TxDtTm></RltdDts><AddtlTxInf>0000000003379315000020180925826205942</AddtlTxInf></TxDtls><AddtlNtryInf>AUTHSENT//0000//003//DEBIT</AddtlNtryInf></Ntry><Ntry><Amt Ccy="GBP">420.00</Amt><CdtDbtInd>CRDT</CdtDbtInd><Sts>BOOK</Sts><BookgDt><Dt>2018-09-26</Dt></BookgDt><BkTxCd><Prtry><Cd>DCA UKBA CR 40269</Cd></Prtry></BkTxCd><TxDtls><Refs><EndToEndId>NOREF</EndToEndId><TxId>000000013668466201</TxId><Prtry><Tp>STO REF</Tp><Ref>0000</Ref></Prtry></Refs><RltdPties><Dbtr><Nm>23008200037529</Nm></Dbtr><DbtrAcct><Id><PrtryAcct><Id>20594233939774</Id></PrtryAcct></Id></DbtrAcct><Cdtr><Nm>VALENTINA CORINA Z</Nm></Cdtr><CdtrAcct><Id><PrtryAcct><Id>23008200037344</Id></PrtryAcct></Id></CdtrAcct></RltdPties><RmtInf><Strd><AddtlRmtInf>NO REF</AddtlRmtInf></Strd><Strd><AddtlRmtInf>23008200037529//</AddtlRmtInf></Strd></RmtInf><RltdDts><TxDtTm>2018-09-25T23:01:57</TxDtTm></RltdDts><AddtlTxInf>0000000136684662015020180925826205942</AddtlTxInf></TxDtls><AddtlNtryInf>COMPLETE//0000//003//CREDIT</AddtlNtryInf></Ntry><Ntry><Amt Ccy="GBP">160.00</Amt><CdtDbtInd>CRDT</CdtDbtInd><Sts>BOOK</Sts><BookgDt><Dt>2018-09-26</Dt></BookgDt><BkTxCd><Prtry><Cd>SIP UKBA CR 40269</Cd></Prtry></BkTxCd><TxDtls><Refs><EndToEndId>NOREF</EndToEndId><TxId>RP4659985322160600</TxId></Refs><RltdPties><Dbtr><Nm>VAPE DUTY FR LTD</Nm></Dbtr><DbtrAcct><Id><PrtryAcct><Id>20632853251128</Id></PrtryAcct></Id></DbtrAcct><Cdtr><Nm>NATALIA BIROOVA</Nm></Cdtr><CdtrAcct><Id><PrtryAcct><Id>23008200187243</Id></PrtryAcct></Id></CdtrAcct><Prtry><Tp>DESIGN WORK</Tp><Pty/></Prtry></RltdPties><RmtInf><Strd><AddtlRmtInf>NO REF</AddtlRmtInf></Strd><Strd><AddtlRmtInf>VAPE DUTY FR LTD//DESIGN WORK</AddtlRmtInf></Strd></RmtInf><RltdDts><TxDtTm>2018-09-25T23:03:45</TxDtTm></RltdDts><AddtlTxInf>RP46599853221606001020180925826200026</AddtlTxInf></TxDtls><AddtlNtryInf>COMPLETE//0000//003//CREDIT</AddtlNtryInf></Ntry><Ntry><Amt Ccy="GBP">44.00</Amt><CdtDbtInd>CRDT</CdtDbtInd><Sts>BOOK</Sts><BookgDt><Dt>2018-09-26</Dt></BookgDt><BkTxCd><Prtry><Cd>SIP UKBA CR 40269</Cd></Prtry></BkTxCd><TxDtls><Refs><EndToEndId>NOREF</EndToEndId><TxId>RP4679962247076400</TxId></Refs><RltdPties><Dbtr><Nm>WHITE CHRISTOPHE</Nm></Dbtr><DbtrAcct><Id><PrtryAcct><Id>20709483520781</Id></PrtryAcct></Id></DbtrAcct><Cdtr><Nm>CHRISTOPHER WHITE</Nm></Cdtr><CdtrAcct><Id><PrtryAcct><Id>23008200292739</Id></PrtryAcct></Id></CdtrAcct><Prtry><Tp>MONEY</Tp><Pty/></Prtry></RltdPties><RmtInf><Strd><AddtlRmtInf>NO REF</AddtlRmtInf></Strd><Strd><AddtlRmtInf>WHITE CHRISTOPHE//MONEY</AddtlRmtInf></Strd></RmtInf><RltdDts><TxDtTm>2018-09-25T23:11:49</TxDtTm></RltdDts><AddtlTxInf>RP46799622470764001020180925826200026</AddtlTxInf></TxDtls><AddtlNtryInf>COMPLETE//0000//003//CREDIT</AddtlNtryInf></Ntry><Ntry><Amt Ccy="GBP">5.00</Amt><CdtDbtInd>CRDT</CdtDbtInd><Sts>BOOK</Sts><BookgDt><Dt>2018-09-26</Dt></BookgDt><BkTxCd><Prtry><Cd>SIP UKBA CR 40269</Cd></Prtry></BkTxCd><TxDtls><Refs><EndToEndId>NOREF</EndToEndId><TxId>500000000391861122</TxId></Refs><RltdPties><Dbtr><Nm>C Ross</Nm></Dbtr><DbtrAcct><Id><PrtryAcct><Id>11522600429761</Id></PrtryAcct></Id></DbtrAcct><Cdtr><Nm>CHARLENA SCOBIE</Nm></Cdtr><CdtrAcct><Id><PrtryAcct><Id>23008200040335</Id></PrtryAcct></Id></CdtrAcct><Prtry><Tp>X</Tp><Pty/></Prtry></RltdPties><RmtInf><Strd><AddtlRmtInf>NO REF</AddtlRmtInf></Strd><Strd><AddtlRmtInf>C Ross//X</AddtlRmtInf></Strd></RmtInf><RltdDts><TxDtTm>2018-09-25T23:14:00</TxDtTm></RltdDts><AddtlTxInf>5000000003918611221020180925826115226</AddtlTxInf></TxDtls><AddtlNtryInf>COMPLETE//0000//003//CREDIT</AddtlNtryInf></Ntry><Ntry><Amt Ccy="GBP">0.01</Amt><CdtDbtInd>CRDT</CdtDbtInd><Sts>BOOK</Sts><BookgDt><Dt>2018-09-26</Dt></BookgDt><BkTxCd><Prtry><Cd>SIP UKBA CR 40269</Cd></Prtry></BkTxCd><TxDtls><Refs><EndToEndId>PPRD00000000AQ6JKO</EndToEndId><TxId>PPRD00000000AQ6JKO</TxId></Refs><RltdPties><Dbtr><Nm>PAYPAL CODE 5623</Nm><PstlAdr><AdrLine>2211 N 1st Street San Jose CA 95131</AdrLine><Ctry/></PstlAdr></Dbtr><DbtrAcct><Id><PrtryAcct><Id>23526285010101</Id></PrtryAcct></Id></DbtrAcct><Cdtr><Nm>Paul Heath</Nm><PstlAdr><AdrLine>36 dellmont road</AdrLine><Ctry/></PstlAdr></Cdtr><CdtrAcct><Id><PrtryAcct><Id>23008200467483</Id></PrtryAcct></Id></CdtrAcct><Prtry><Tp>PAYPAL CODE 5623</Tp><Pty/></Prtry></RltdPties><RmtInf><Strd><RfrdDocInf><RfrdDocTp><Prtry>002</Prtry></RfrdDocTp></RfrdDocInf><AddtlRmtInf>NO REF</AddtlRmtInf></Strd><Strd><AddtlRmtInf>PAYPAL CODE 5623//PAYPAL CODE 5623</AddtlRmtInf></Strd></RmtInf><RltdDts><TxDtTm>2018-09-25T23:15:26</TxDtTm></RltdDts><AddtlTxInf>PPRD00000000AQ6JKO1020180925826235262</AddtlTxInf></TxDtls><AddtlNtryInf>COMPLETE//0000//003//CREDIT</AddtlNtryInf></Ntry><Ntry><Amt Ccy="GBP">0.01</Amt><CdtDbtInd>CRDT</CdtDbtInd><Sts>BOOK</Sts><BookgDt><Dt>2018-09-26</Dt></BookgDt><BkTxCd><Prtry><Cd>SIP UKBA CR 40269</Cd></Prtry></BkTxCd><TxDtls><Refs><EndToEndId>PPRD00000000AQ6KVO</EndToEndId><TxId>PPRD00000000AQ6KVO</TxId></Refs><RltdPties><Dbtr><Nm>PAYPAL CODE 5623</Nm><PstlAdr><AdrLine>2211 N 1st Street San Jose CA 95131</AdrLine><Ctry/></PstlAdr></Dbtr><DbtrAcct><Id><PrtryAcct><Id>23526285010101</Id></PrtryAcct></Id></DbtrAcct><Cdtr><Nm>Paul Heath</Nm><PstlAdr><AdrLine>36 dellmont road</AdrLine><Ctry/></PstlAdr></Cdtr><CdtrAcct><Id><PrtryAcct><Id>23008200467483</Id></PrtryAcct></Id></CdtrAcct><Prtry><Tp>PAYPAL CODE 5623</Tp><Pty/></Prtry></RltdPties><RmtInf><Strd><RfrdDocInf><RfrdDocTp><Prtry>002</Prtry></RfrdDocTp></RfrdDocInf><AddtlRmtInf>NO REF</AddtlRmtInf></Strd><Strd><AddtlRmtInf>PAYPAL CODE 5623//PAYPAL CODE 5623</AddtlRmtInf></Strd></RmtInf><RltdDts><TxDtTm>2018-09-25T23:22:54</TxDtTm></RltdDts><AddtlTxInf>PPRD00000000AQ6KVO1020180925826235262</AddtlTxInf></TxDtls><AddtlNtryInf>COMPLETE//0000//003//CREDIT</AddtlNtryInf></Ntry></Ntfctn></BkToCstmrDbtCdtNtfctnV01></Document>