<?xml version="1.0" encoding="UTF-8"?><Document xmlns:xsi="http://www.w3.org/2001/XMLSchema-instance" xmlns="urn:iso:std:iso:20022:tech:xsd:camt.054.001.01"><BkToCstmrDbtCdtNtfctnV01><GrpHdr><MsgId>80309K//12686</MsgId><CreDtTm>2018-09-10T22:30:00</CreDtTm></GrpHdr><Ntfctn><Id>80309K//12686//1</Id><CreDtTm>2018-09-10T22:30:00</CreDtTm><Acct><Id><PrtryAcct><Id>20594233939774</Id></PrtryAcct></Id><Ccy>GBP</Ccy></Acct><TxsSummry><TtlNtries><NbOfNtries>4</NbOfNtries><Sum>1425.00</Sum></TtlNtries><TtlCdtNtries><NbOfNtries>4</NbOfNtries><Sum>1425.00</Sum></TtlCdtNtries><TtlDbtNtries><NbOfNtries>0</NbOfNtries><Sum>0.00</Sum></TtlDbtNtries></TxsSummry><Ntry><Amt Ccy="GBP">20.00</Amt><CdtDbtInd>CRDT</CdtDbtInd><Sts>BOOK</Sts><BookgDt><Dt>2018-09-11</Dt></BookgDt><BkTxCd><Prtry><Cd>SIP UKBA CR 40269</Cd></Prtry></BkTxCd><TxDtls><Refs><EndToEndId>NOREF</EndToEndId><TxId>500000000387708191</TxId></Refs><RltdPties><Dbtr><Nm>J Denton</Nm></Dbtr><DbtrAcct><Id><PrtryAcct><Id>11044613304865</Id></PrtryAcct></Id></DbtrAcct><Cdtr><Nm>KATHRIN</Nm></Cdtr><CdtrAcct><Id><PrtryAcct><Id>23008200355526</Id></PrtryAcct></Id></CdtrAcct><Prtry><Tp>GIRLS</Tp><Pty/></Prtry></RltdPties><RmtInf><Strd><AddtlRmtInf>NO REF</AddtlRmtInf></Strd><Strd><AddtlRmtInf>J Denton//GIRLS</AddtlRmtInf></Strd></RmtInf><RltdDts><TxDtTm>2018-09-10T22:06:31</TxDtTm></RltdDts><AddtlTxInf>5000000003877081911020180910826110446</AddtlTxInf></TxDtls><AddtlNtryInf>COMPLETE//0000//003//CREDIT</AddtlNtryInf></Ntry><Ntry><Amt Ccy="GBP">305.00</Amt><CdtDbtInd>CRDT</CdtDbtInd><Sts>BOOK</Sts><BookgDt><Dt>2018-09-11</Dt></BookgDt><BkTxCd><Prtry><Cd>SIP UKBA CR 40269</Cd></Prtry></BkTxCd><TxDtls><Refs><EndToEndId>NOREF</EndToEndId><TxId>180910221229405334</TxId></Refs><RltdPties><Dbtr><Nm>Joanne Rowan</Nm></Dbtr><DbtrAcct><Id><PrtryAcct><Id>77170818698468</Id></PrtryAcct></Id></DbtrAcct><Cdtr><Nm>waheed Adebayo</Nm></Cdtr><CdtrAcct><Id><PrtryAcct><Id>23008200003466</Id></PrtryAcct></Id></CdtrAcct><Prtry><Tp>0094</Tp><Pty/></Prtry></RltdPties><RmtInf><Strd><AddtlRmtInf>NO REF</AddtlRmtInf></Strd><Strd><AddtlRmtInf>Joanne Rowan//0094</AddtlRmtInf></Strd></RmtInf><RltdDts><TxDtTm>2018-09-10T22:12:26</TxDtTm></RltdDts><AddtlTxInf>1809102212294053341020180910826771708</AddtlTxInf></TxDtls><AddtlNtryInf>COMPLETE//0000//003//CREDIT</AddtlNtryInf></Ntry><Ntry><Amt Ccy="GBP">400.00</Amt><CdtDbtInd>CRDT</CdtDbtInd><Sts>BOOK</Sts><BookgDt><Dt>2018-09-11</Dt></BookgDt><BkTxCd><Prtry><Cd>SIP UKBA CR 40269</Cd></Prtry></BkTxCd><TxDtls><Refs><EndToEndId>NOREF</EndToEndId><TxId>RP4659984283207000</TxId></Refs><RltdPties><Dbtr><Nm>BRADE O K</Nm></Dbtr><DbtrAcct><Id><PrtryAcct><Id>20090343702863</Id></PrtryAcct></Id></DbtrAcct><Cdtr><Nm>WAHEED ADEBAYO</Nm></Cdtr><CdtrAcct><Id><PrtryAcct><Id>23008200003466</Id></PrtryAcct></Id></CdtrAcct><Prtry><Tp>BUSINESS</Tp><Pty/></Prtry></RltdPties><RmtInf><Strd><AddtlRmtInf>NO REF</AddtlRmtInf></Strd><Strd><AddtlRmtInf>BRADE O K//BUSINESS</AddtlRmtInf></Strd></RmtInf><RltdDts><TxDtTm>2018-09-10T22:21:56</TxDtTm></RltdDts><AddtlTxInf>RP46599842832070001020180910826200026</AddtlTxInf></TxDtls><AddtlNtryInf>COMPLETE//0000//003//CREDIT</AddtlNtryInf></Ntry><Ntry><Amt Ccy="GBP">700.00</Amt><CdtDbtInd>CRDT</CdtDbtInd><Sts>BOOK</Sts><BookgDt><Dt>2018-09-11</Dt></BookgDt><BkTxCd><Prtry><Cd>SIP UKBA CR 40269</Cd></Prtry></BkTxCd><TxDtls><Refs><EndToEndId>MILES CRAIGS</EndToEndId><TxId>03222308770220000N</TxId><Prtry><Tp>STO REF</Tp><Ref>0000</Ref></Prtry></Refs><RltdPties><Dbtr><Nm>CRAIGS M</Nm></Dbtr><DbtrAcct><Id><PrtryAcct><Id>55611168059507</Id></PrtryAcct></Id></DbtrAcct><Cdtr><Nm>HARRY WELSHMAN</Nm></Cdtr><CdtrAcct><Id><PrtryAcct><Id>23008200105564</Id></PrtryAcct></Id></CdtrAcct><Prtry><Tp>MILES CRAIGS</Tp><Pty/></Prtry></RltdPties><RmtInf><Strd><AddtlRmtInf>CRAIGS M          MILES CRAIGS      VIA ONLINE - PYMT</AddtlRmtInf></Strd><Strd><AddtlRmtInf>CRAIGS M//MILES CRAIGS</AddtlRmtInf></Strd></RmtInf><RltdDts><TxDtTm>2018-09-10T22:23:09</TxDtTm></RltdDts><AddtlTxInf>03222308770220000N1020180910826556111</AddtlTxInf></TxDtls><AddtlNtryInf>COMPLETE//0000//003//CREDIT</AddtlNtryInf></Ntry></Ntfctn></BkToCstmrDbtCdtNtfctnV01></Document>