<?xml version="1.0" encoding="UTF-8"?><Document xmlns:xsi="http://www.w3.org/2001/XMLSchema-instance" xmlns="urn:iso:std:iso:20022:tech:xsd:camt.054.001.01"><BkToCstmrDbtCdtNtfctnV01><GrpHdr><MsgId>80309K//12820</MsgId><CreDtTm>2018-09-14T01:00:00</CreDtTm></GrpHdr><Ntfctn><Id>80309K//12820//1</Id><CreDtTm>2018-09-14T01:00:00</CreDtTm><Acct><Id><PrtryAcct><Id>20594233939774</Id></PrtryAcct></Id><Ccy>GBP</Ccy></Acct><TxsSummry><TtlNtries><NbOfNtries>8</NbOfNtries><Sum>990.11</Sum></TtlNtries><TtlCdtNtries><NbOfNtries>8</NbOfNtries><Sum>990.11</Sum></TtlCdtNtries><TtlDbtNtries><NbOfNtries>0</NbOfNtries><Sum>0.00</Sum></TtlDbtNtries></TxsSummry><Ntry><Amt Ccy="GBP">0.10</Amt><CdtDbtInd>CRDT</CdtDbtInd><Sts>BOOK</Sts><BookgDt><Dt>2018-09-14</Dt></BookgDt><BkTxCd><Prtry><Cd>DCA UKBA CR 40269</Cd></Prtry></BkTxCd><TxDtls><Refs><EndToEndId>NOREF</EndToEndId><TxId>000000013561348701</TxId><Prtry><Tp>STO REF</Tp><Ref>0000</Ref></Prtry></Refs><RltdPties><Dbtr><Nm>23732400516170</Nm></Dbtr><DbtrAcct><Id><PrtryAcct><Id>20594243787346</Id></PrtryAcct></Id></DbtrAcct><Cdtr><Nm>SAMIR MHAMMED</Nm></Cdtr><CdtrAcct><Id><PrtryAcct><Id>23008200445145</Id></PrtryAcct></Id></CdtrAcct><Prtry><Tp>SAVINGS</Tp><Pty/></Prtry></RltdPties><RmtInf><Strd><AddtlRmtInf>NO REF</AddtlRmtInf></Strd><Strd><AddtlRmtInf>23732400516170//SAVINGS</AddtlRmtInf></Strd></RmtInf><RltdDts><TxDtTm>2018-09-14T00:46:21</TxDtTm></RltdDts><AddtlTxInf>0000000135613487015020180914826205942</AddtlTxInf></TxDtls><AddtlNtryInf>COMPLETE//0000//003//CREDIT</AddtlNtryInf></Ntry><Ntry><Amt Ccy="GBP">500.00</Amt><CdtDbtInd>CRDT</CdtDbtInd><Sts>BOOK</Sts><BookgDt><Dt>2018-09-14</Dt></BookgDt><BkTxCd><Prtry><Cd>DCA UKBA CR 40269</Cd></Prtry></BkTxCd><TxDtls><Refs><EndToEndId>NOREF</EndToEndId><TxId>000000013561348301</TxId><Prtry><Tp>STO REF</Tp><Ref>0000</Ref></Prtry></Refs><RltdPties><Dbtr><Nm>23732400778704</Nm></Dbtr><DbtrAcct><Id><PrtryAcct><Id>20594243787346</Id></PrtryAcct></Id></DbtrAcct><Cdtr><Nm>YUSUF PATEL</Nm></Cdtr><CdtrAcct><Id><PrtryAcct><Id>23008200100030</Id></PrtryAcct></Id></CdtrAcct><Prtry><Tp>NZ</Tp><Pty/></Prtry></RltdPties><RmtInf><Strd><AddtlRmtInf>NO REF</AddtlRmtInf></Strd><Strd><AddtlRmtInf>23732400778704//NZ</AddtlRmtInf></Strd></RmtInf><RltdDts><TxDtTm>2018-09-14T00:46:21</TxDtTm></RltdDts><AddtlTxInf>0000000135613483015020180914826205942</AddtlTxInf></TxDtls><AddtlNtryInf>COMPLETE//0000//003//CREDIT</AddtlNtryInf></Ntry><Ntry><Amt Ccy="GBP">0.01</Amt><CdtDbtInd>CRDT</CdtDbtInd><Sts>BOOK</Sts><BookgDt><Dt>2018-09-14</Dt></BookgDt><BkTxCd><Prtry><Cd>DCA UKBA CR 40269</Cd></Prtry></BkTxCd><TxDtls><Refs><EndToEndId>NOREF</EndToEndId><TxId>000000013561344701</TxId><Prtry><Tp>STO REF</Tp><Ref>0000</Ref></Prtry></Refs><RltdPties><Dbtr><Nm>23732400516170</Nm></Dbtr><DbtrAcct><Id><PrtryAcct><Id>20594243787346</Id></PrtryAcct></Id></DbtrAcct><Cdtr><Nm>SAMIR MHAMMED</Nm></Cdtr><CdtrAcct><Id><PrtryAcct><Id>23008200445145</Id></PrtryAcct></Id></CdtrAcct><Prtry><Tp>SAVINGS</Tp><Pty/></Prtry></RltdPties><RmtInf><Strd><AddtlRmtInf>NO REF</AddtlRmtInf></Strd><Strd><AddtlRmtInf>23732400516170//SAVINGS</AddtlRmtInf></Strd></RmtInf><RltdDts><TxDtTm>2018-09-14T00:46:21</TxDtTm></RltdDts><AddtlTxInf>0000000135613447015020180914826205942</AddtlTxInf></TxDtls><AddtlNtryInf>COMPLETE//0000//003//CREDIT</AddtlNtryInf></Ntry><Ntry><Amt Ccy="GBP">15.00</Amt><CdtDbtInd>CRDT</CdtDbtInd><Sts>BOOK</Sts><BookgDt><Dt>2018-09-14</Dt></BookgDt><BkTxCd><Prtry><Cd>STO UKBA CR 40267</Cd></Prtry></BkTxCd><TxDtls><Refs><EndToEndId>NOREF</EndToEndId><TxId>FP18256O52056482</TxId></Refs><RltdPties><Dbtr><Nm>Jones Jack</Nm></Dbtr><DbtrAcct><Id><PrtryAcct><Id>07043600502757</Id></PrtryAcct></Id></DbtrAcct><Cdtr><Nm>MR JACK JONES</Nm></Cdtr><CdtrAcct><Id><PrtryAcct><Id>23008200121205</Id></PrtryAcct></Id></CdtrAcct><Prtry><Tp>ARRO SAVINGS</Tp><Pty/></Prtry></RltdPties><RmtInf><Strd><AddtlRmtInf>NO REF</AddtlRmtInf></Strd><Strd><AddtlRmtInf>Jones Jack//ARRO SAVINGS</AddtlRmtInf></Strd></RmtInf><RltdDts><TxDtTm>2018-09-14T00:48:47</TxDtTm></RltdDts><AddtlTxInf>FP18256O52056482  3020180914826070436</AddtlTxInf></TxDtls><AddtlNtryInf>COMPLETE//0000//003//CREDIT</AddtlNtryInf></Ntry><Ntry><Amt Ccy="GBP">20.00</Amt><CdtDbtInd>CRDT</CdtDbtInd><Sts>BOOK</Sts><BookgDt><Dt>2018-09-14</Dt></BookgDt><BkTxCd><Prtry><Cd>STO UKBA CR 40267</Cd></Prtry></BkTxCd><TxDtls><Refs><EndToEndId>NOREF</EndToEndId><TxId>400000000393319469</TxId></Refs><RltdPties><Dbtr><Nm>K BURTON</Nm></Dbtr><DbtrAcct><Id><PrtryAcct><Id>11143200269638</Id></PrtryAcct></Id></DbtrAcct><Cdtr><Nm>ARRO</Nm></Cdtr><CdtrAcct><Id><PrtryAcct><Id>23008200194298</Id></PrtryAcct></Id></CdtrAcct><Prtry><Tp>BLUE</Tp><Pty/></Prtry></RltdPties><RmtInf><Strd><AddtlRmtInf>NO REF</AddtlRmtInf></Strd><Strd><AddtlRmtInf>K BURTON//BLUE</AddtlRmtInf></Strd></RmtInf><RltdDts><TxDtTm>2018-09-14T00:52:11</TxDtTm></RltdDts><AddtlTxInf>4000000003933194693020180914826111432</AddtlTxInf></TxDtls><AddtlNtryInf>COMPLETE//0000//003//CREDIT</AddtlNtryInf></Ntry><Ntry><Amt Ccy="GBP">5.00</Amt><CdtDbtInd>CRDT</CdtDbtInd><Sts>BOOK</Sts><BookgDt><Dt>2018-09-14</Dt></BookgDt><BkTxCd><Prtry><Cd>STO UKBA CR 40267</Cd></Prtry></BkTxCd><TxDtls><Refs><EndToEndId>NOREF</EndToEndId><TxId>600000000388238853</TxId></Refs><RltdPties><Dbtr><Nm>R FRYER</Nm></Dbtr><DbtrAcct><Id><PrtryAcct><Id>11006501572002</Id></PrtryAcct></Id></DbtrAcct><Cdtr><Nm>ARRO</Nm></Cdtr><CdtrAcct><Id><PrtryAcct><Id>23008200209401</Id></PrtryAcct></Id></CdtrAcct><Prtry><Tp>5574220145424874</Tp><Pty/></Prtry></RltdPties><RmtInf><Strd><AddtlRmtInf>NO REF</AddtlRmtInf></Strd><Strd><AddtlRmtInf>R FRYER//5574220145424874</AddtlRmtInf></Strd></RmtInf><RltdDts><TxDtTm>2018-09-14T00:52:36</TxDtTm></RltdDts><AddtlTxInf>6000000003882388533020180914826110065</AddtlTxInf></TxDtls><AddtlNtryInf>COMPLETE//0000//003//CREDIT</AddtlNtryInf></Ntry><Ntry><Amt Ccy="GBP">200.00</Amt><CdtDbtInd>CRDT</CdtDbtInd><Sts>BOOK</Sts><BookgDt><Dt>2018-09-14</Dt></BookgDt><BkTxCd><Prtry><Cd>STO UKBA CR 40267</Cd></Prtry></BkTxCd><TxDtls><Refs><EndToEndId>NOREF</EndToEndId><TxId>300000000392171673</TxId></Refs><RltdPties><Dbtr><Nm>R WILKINSON</Nm></Dbtr><DbtrAcct><Id><PrtryAcct><Id>11009300816539</Id></PrtryAcct></Id></DbtrAcct><Cdtr><Nm>MRS R WILKINSON</Nm></Cdtr><CdtrAcct><Id><PrtryAcct><Id>23008200412774</Id></PrtryAcct></Id></CdtrAcct><Prtry><Tp>ME</Tp><Pty/></Prtry></RltdPties><RmtInf><Strd><AddtlRmtInf>NO REF</AddtlRmtInf></Strd><Strd><AddtlRmtInf>R WILKINSON//ME</AddtlRmtInf></Strd></RmtInf><RltdDts><TxDtTm>2018-09-14T00:52:42</TxDtTm></RltdDts><AddtlTxInf>3000000003921716733020180914826110093</AddtlTxInf></TxDtls><AddtlNtryInf>COMPLETE//0000//003//CREDIT</AddtlNtryInf></Ntry><Ntry><Amt Ccy="GBP">250.00</Amt><CdtDbtInd>CRDT</CdtDbtInd><Sts>BOOK</Sts><BookgDt><Dt>2018-09-14</Dt></BookgDt><BkTxCd><Prtry><Cd>SIP UKBA CR 40269</Cd></Prtry></BkTxCd><TxDtls><Refs><EndToEndId>NOREF</EndToEndId><TxId>FP18256O18832504</TxId></Refs><RltdPties><Dbtr><Nm>Hart Debra</Nm></Dbtr><DbtrAcct><Id><PrtryAcct><Id>07024612539765</Id></PrtryAcct></Id></DbtrAcct><Cdtr><Nm>ADAM</Nm></Cdtr><CdtrAcct><Id><PrtryAcct><Id>23008200297102</Id></PrtryAcct></Id></CdtrAcct><Prtry><Tp>ADAM</Tp><Pty/></Prtry></RltdPties><RmtInf><Strd><AddtlRmtInf>NO REF</AddtlRmtInf></Strd><Strd><AddtlRmtInf>Hart Debra//ADAM</AddtlRmtInf></Strd></RmtInf><RltdDts><TxDtTm>2018-09-14T00:59:18</TxDtTm></RltdDts><AddtlTxInf>FP18256O18832504  1020180914826070246</AddtlTxInf></TxDtls><AddtlNtryInf>COMPLETE//0000//003//CREDIT</AddtlNtryInf></Ntry></Ntfctn></BkToCstmrDbtCdtNtfctnV01></Document>