<?xml version="1.0" encoding="UTF-8"?><Document xmlns:xsi="http://www.w3.org/2001/XMLSchema-instance" xmlns="urn:iso:std:iso:20022:tech:xsd:camt.054.001.01"><BkToCstmrDbtCdtNtfctnV01><GrpHdr><MsgId>80309K//13362</MsgId><CreDtTm>2018-09-26T16:30:00</CreDtTm></GrpHdr><Ntfctn><Id>80309K//13362//1</Id><CreDtTm>2018-09-26T16:30:00</CreDtTm><Acct><Id><PrtryAcct><Id>20594233939774</Id></PrtryAcct></Id><Ccy>GBP</Ccy></Acct><TxsSummry><TtlNtries><NbOfNtries>10</NbOfNtries><Sum>2421.85</Sum></TtlNtries><TtlCdtNtries><NbOfNtries>10</NbOfNtries><Sum>2421.85</Sum></TtlCdtNtries><TtlDbtNtries><NbOfNtries>0</NbOfNtries><Sum>0.00</Sum></TtlDbtNtries></TxsSummry><Ntry><Amt Ccy="GBP">302.00</Amt><CdtDbtInd>CRDT</CdtDbtInd><Sts>BOOK</Sts><BookgDt><Dt>2018-09-26</Dt></BookgDt><BkTxCd><Prtry><Cd>SIP UKBA CR 40269</Cd></Prtry></BkTxCd><TxDtls><Refs><EndToEndId>NOREF</EndToEndId><TxId>48160159290927000N</TxId><Prtry><Tp>STO REF</Tp><Ref>0000</Ref></Prtry></Refs><RltdPties><Dbtr><Nm>JAMIE GALLIER</Nm><PstlAdr><AdrLine>APS COTTONS CENTRE SE1 2QG</AdrLine><Ctry/></PstlAdr></Dbtr><DbtrAcct><Id><PrtryAcct><Id>08719919644192</Id></PrtryAcct></Id></DbtrAcct><Cdtr><Nm>O OYE</Nm></Cdtr><CdtrAcct><Id><PrtryAcct><Id>23008200380731</Id></PrtryAcct></Id></CdtrAcct><Prtry><Tp>ARO</Tp><Pty/></Prtry></RltdPties><RmtInf><Strd><AddtlRmtInf>ARO</AddtlRmtInf></Strd><Strd><AddtlRmtInf>JAMIE GALLIER//ARO</AddtlRmtInf></Strd></RmtInf><RltdDts><TxDtTm>2018-09-26T16:01:59</TxDtTm></RltdDts><AddtlTxInf>48160159290927000N1020180926826087199</AddtlTxInf></TxDtls><AddtlNtryInf>COMPLETE//0000//002//CREDIT</AddtlNtryInf></Ntry><Ntry><Amt Ccy="GBP">400.00</Amt><CdtDbtInd>CRDT</CdtDbtInd><Sts>BOOK</Sts><BookgDt><Dt>2018-09-26</Dt></BookgDt><BkTxCd><Prtry><Cd>SIP UKBA CR 40269</Cd></Prtry></BkTxCd><TxDtls><Refs><EndToEndId>NOREF</EndToEndId><TxId>180926160302832230</TxId></Refs><RltdPties><Dbtr><Nm>Raymond Haldane</Nm></Dbtr><DbtrAcct><Id><PrtryAcct><Id>77290715575668</Id></PrtryAcct></Id></DbtrAcct><Cdtr><Nm>Rebecca terrell</Nm></Cdtr><CdtrAcct><Id><PrtryAcct><Id>23008200460533</Id></PrtryAcct></Id></CdtrAcct></RltdPties><RmtInf><Strd><AddtlRmtInf>NO REF</AddtlRmtInf></Strd><Strd><AddtlRmtInf>Raymond Haldane//</AddtlRmtInf></Strd></RmtInf><RltdDts><TxDtTm>2018-09-26T16:03:00</TxDtTm></RltdDts><AddtlTxInf>1809261603028322301020180926826772907</AddtlTxInf></TxDtls><AddtlNtryInf>COMPLETE//0000//002//CREDIT</AddtlNtryInf></Ntry><Ntry><Amt Ccy="GBP">10.00</Amt><CdtDbtInd>CRDT</CdtDbtInd><Sts>BOOK</Sts><BookgDt><Dt>2018-09-26</Dt></BookgDt><BkTxCd><Prtry><Cd>SIP UKBA CR 40269</Cd></Prtry></BkTxCd><TxDtls><Refs><EndToEndId>NOREF</EndToEndId><TxId>RP4679962301743600</TxId></Refs><RltdPties><Dbtr><Nm>OYEYINKA B A O</Nm></Dbtr><DbtrAcct><Id><PrtryAcct><Id>20218063733459</Id></PrtryAcct></Id></DbtrAcct><Cdtr><Nm>MR K AJAYI</Nm></Cdtr><CdtrAcct><Id><PrtryAcct><Id>23008200383860</Id></PrtryAcct></Id></CdtrAcct><Prtry><Tp>BLESSING</Tp><Pty/></Prtry></RltdPties><RmtInf><Strd><AddtlRmtInf>NO REF</AddtlRmtInf></Strd><Strd><AddtlRmtInf>OYEYINKA B A O//BLESSING</AddtlRmtInf></Strd></RmtInf><RltdDts><TxDtTm>2018-09-26T16:04:16</TxDtTm></RltdDts><AddtlTxInf>RP46799623017436001020180926826200026</AddtlTxInf></TxDtls><AddtlNtryInf>COMPLETE//0000//002//CREDIT</AddtlNtryInf></Ntry><Ntry><Amt Ccy="GBP">240.00</Amt><CdtDbtInd>CRDT</CdtDbtInd><Sts>BOOK</Sts><BookgDt><Dt>2018-09-26</Dt></BookgDt><BkTxCd><Prtry><Cd>FDP UKBA CR 40269</Cd></Prtry></BkTxCd><TxDtls><Refs><EndToEndId>NOREF</EndToEndId><TxId>1430939540616320AH</TxId><Prtry><Tp>STO REF</Tp><Ref>0000</Ref></Prtry></Refs><RltdPties><Dbtr><Nm>HL SERVICE SOLUTIONS</Nm></Dbtr><DbtrAcct><Id><PrtryAcct><Id>40421853896439</Id></PrtryAcct></Id></DbtrAcct><Cdtr><Nm>THE BEAUTY NEST SO</Nm></Cdtr><CdtrAcct><Id><PrtryAcct><Id>23008200037963</Id></PrtryAcct></Id></CdtrAcct><Prtry><Tp>PAYMENT26/09/2018</Tp><Pty/></Prtry></RltdPties><RmtInf><Strd><AddtlRmtInf>NO REF</AddtlRmtInf></Strd><Strd><AddtlRmtInf>HL SERVICE SOLUTIO//PAYMENT26/09/2018</AddtlRmtInf></Strd></RmtInf><RltdDts><TxDtTm>2018-09-26T16:05:01</TxDtTm></RltdDts><AddtlTxInf>1430939540616320AH4020180926826404218</AddtlTxInf></TxDtls><AddtlNtryInf>COMPLETE//0000//002//CREDIT</AddtlNtryInf></Ntry><Ntry><Amt Ccy="GBP">20.00</Amt><CdtDbtInd>CRDT</CdtDbtInd><Sts>BOOK</Sts><BookgDt><Dt>2018-09-26</Dt></BookgDt><BkTxCd><Prtry><Cd>SIP UKBA CR 40269</Cd></Prtry></BkTxCd><TxDtls><Refs><EndToEndId>NOREF</EndToEndId><TxId>52160747118938000N</TxId><Prtry><Tp>STO REF</Tp><Ref>0000</Ref></Prtry></Refs><RltdPties><Dbtr><Nm>DWP GB FP LP FUNDI</Nm></Dbtr><DbtrAcct><Id><PrtryAcct><Id>60708010028668</Id></PrtryAcct></Id></DbtrAcct><Cdtr><Nm>JACK VAUGHAN</Nm></Cdtr><CdtrAcct><Id><PrtryAcct><Id>23008200413723</Id></PrtryAcct></Id></CdtrAcct><Prtry><Tp>JT805970C DWP UC</Tp><Pty/></Prtry></RltdPties><RmtInf><Strd><AddtlRmtInf>JT805970C DWP UC</AddtlRmtInf></Strd><Strd><AddtlRmtInf>DWP GB FP LP FUNDI//JT805970C DWP UC</AddtlRmtInf></Strd></RmtInf><RltdDts><TxDtTm>2018-09-26T16:07:47</TxDtTm></RltdDts><AddtlTxInf>52160747118938000N1020180926826607080</AddtlTxInf></TxDtls><AddtlNtryInf>COMPLETE//0000//002//CREDIT</AddtlNtryInf></Ntry><Ntry><Amt Ccy="GBP">10.00</Amt><CdtDbtInd>CRDT</CdtDbtInd><Sts>BOOK</Sts><BookgDt><Dt>2018-09-26</Dt></BookgDt><BkTxCd><Prtry><Cd>SIP UKBA CR 40269</Cd></Prtry></BkTxCd><TxDtls><Refs><EndToEndId>NOREF</EndToEndId><TxId>100000000390418967</TxId></Refs><RltdPties><Dbtr><Nm>J Chrappah</Nm></Dbtr><DbtrAcct><Id><PrtryAcct><Id>11181131677974</Id></PrtryAcct></Id></DbtrAcct><Cdtr><Nm>JAYARO</Nm></Cdtr><CdtrAcct><Id><PrtryAcct><Id>23008200207569</Id></PrtryAcct></Id></CdtrAcct><Prtry><Tp>FUNDS3</Tp><Pty/></Prtry></RltdPties><RmtInf><Strd><AddtlRmtInf>NO REF</AddtlRmtInf></Strd><Strd><AddtlRmtInf>J Chrappah//FUNDS3</AddtlRmtInf></Strd></RmtInf><RltdDts><TxDtTm>2018-09-26T16:10:41</TxDtTm></RltdDts><AddtlTxInf>1000000003904189671020180926826111811</AddtlTxInf></TxDtls><AddtlNtryInf>COMPLETE//0000//002//CREDIT</AddtlNtryInf></Ntry><Ntry><Amt Ccy="GBP">585.45</Amt><CdtDbtInd>CRDT</CdtDbtInd><Sts>BOOK</Sts><BookgDt><Dt>2018-09-26</Dt></BookgDt><BkTxCd><Prtry><Cd>SIP UKBA CR 40269</Cd></Prtry></BkTxCd><TxDtls><Refs><EndToEndId>NOREF</EndToEndId><TxId>RP4659985371348700</TxId></Refs><RltdPties><Dbtr><Nm>USEDCAR4LESS LTD</Nm></Dbtr><DbtrAcct><Id><PrtryAcct><Id>20184713818381</Id></PrtryAcct></Id></DbtrAcct><Cdtr><Nm>HILL SIDE GARAGE B</Nm></Cdtr><CdtrAcct><Id><PrtryAcct><Id>23008200043324</Id></PrtryAcct></Id></CdtrAcct><Prtry><Tp>USEDCARS4LESS</Tp><Pty/></Prtry></RltdPties><RmtInf><Strd><AddtlRmtInf>NO REF</AddtlRmtInf></Strd><Strd><AddtlRmtInf>USEDCAR4LESS LTD//USEDCARS4LESS</AddtlRmtInf></Strd></RmtInf><RltdDts><TxDtTm>2018-09-26T16:11:57</TxDtTm></RltdDts><AddtlTxInf>RP46599853713487001020180926826200026</AddtlTxInf></TxDtls><AddtlNtryInf>COMPLETE//0000//002//CREDIT</AddtlNtryInf></Ntry><Ntry><Amt Ccy="GBP">359.40</Amt><CdtDbtInd>CRDT</CdtDbtInd><Sts>BOOK</Sts><BookgDt><Dt>2018-09-26</Dt></BookgDt><BkTxCd><Prtry><Cd>SIP UKBA CR 40269</Cd></Prtry></BkTxCd><TxDtls><Refs><EndToEndId>NOREF</EndToEndId><TxId>21161506761728000N</TxId><Prtry><Tp>STO REF</Tp><Ref>0000</Ref></Prtry></Refs><RltdPties><Dbtr><Nm>LANGDALE &amp; GOODFEL</Nm></Dbtr><DbtrAcct><Id><PrtryAcct><Id>51703283045953</Id></PrtryAcct></Id></DbtrAcct><Cdtr><Nm>JAMIE CUNNINGHAM</Nm></Cdtr><CdtrAcct><Id><PrtryAcct><Id>23008200039800</Id></PrtryAcct></Id></CdtrAcct><Prtry><Tp>SUBCONTRACT</Tp><Pty/></Prtry></RltdPties><RmtInf><Strd><AddtlRmtInf>SUBCONTRACT</AddtlRmtInf></Strd><Strd><AddtlRmtInf>LANGDALE &amp; GOODFEL//SUBCONTRACT</AddtlRmtInf></Strd></RmtInf><RltdDts><TxDtTm>2018-09-26T16:15:07</TxDtTm></RltdDts><AddtlTxInf>21161506761728000N1020180926826517032</AddtlTxInf></TxDtls><AddtlNtryInf>COMPLETE//0000//002//CREDIT</AddtlNtryInf></Ntry><Ntry><Amt Ccy="GBP">195.00</Amt><CdtDbtInd>CRDT</CdtDbtInd><Sts>BOOK</Sts><BookgDt><Dt>2018-09-26</Dt></BookgDt><BkTxCd><Prtry><Cd>SIP UKBA CR 40269</Cd></Prtry></BkTxCd><TxDtls><Refs><EndToEndId>NOREF</EndToEndId><TxId>180926161517201291</TxId></Refs><RltdPties><Dbtr><Nm>Marta Ostapiuk</Nm></Dbtr><DbtrAcct><Id><PrtryAcct><Id>77850933875760</Id></PrtryAcct></Id></DbtrAcct><Cdtr><Nm>Stephanie winstone</Nm></Cdtr><CdtrAcct><Id><PrtryAcct><Id>23008200400192</Id></PrtryAcct></Id></CdtrAcct></RltdPties><RmtInf><Strd><AddtlRmtInf>NO REF</AddtlRmtInf></Strd><Strd><AddtlRmtInf>Marta Ostapiuk//</AddtlRmtInf></Strd></RmtInf><RltdDts><TxDtTm>2018-09-26T16:15:14</TxDtTm></RltdDts><AddtlTxInf>1809261615172012911020180926826778509</AddtlTxInf></TxDtls><AddtlNtryInf>COMPLETE//0000//002//CREDIT</AddtlNtryInf></Ntry><Ntry><Amt Ccy="GBP">300.00</Amt><CdtDbtInd>CRDT</CdtDbtInd><Sts>BOOK</Sts><BookgDt><Dt>2018-09-26</Dt></BookgDt><BkTxCd><Prtry><Cd>SIP UKBA CR 40269</Cd></Prtry></BkTxCd><TxDtls><Refs><EndToEndId>NOREF</EndToEndId><TxId>200000000390415374</TxId></Refs><RltdPties><Dbtr><Nm>M West</Nm></Dbtr><DbtrAcct><Id><PrtryAcct><Id>30803720119862</Id></PrtryAcct></Id></DbtrAcct><Cdtr><Nm>Rapid Reclaims</Nm></Cdtr><CdtrAcct><Id><PrtryAcct><Id>23008200343769</Id></PrtryAcct></Id></CdtrAcct><Prtry><Tp>West</Tp><Pty/></Prtry></RltdPties><RmtInf><Strd><AddtlRmtInf>NO REF</AddtlRmtInf></Strd><Strd><AddtlRmtInf>M West//West</AddtlRmtInf></Strd></RmtInf><RltdDts><TxDtTm>2018-09-26T16:27:43</TxDtTm></RltdDts><AddtlTxInf>2000000003904153741020180926826308037</AddtlTxInf></TxDtls><AddtlNtryInf>COMPLETE//0000//002//CREDIT</AddtlNtryInf></Ntry></Ntfctn></BkToCstmrDbtCdtNtfctnV01></Document>