<?xml version="1.0" encoding="UTF-8"?><Document xmlns:xsi="http://www.w3.org/2001/XMLSchema-instance" xmlns="urn:iso:std:iso:20022:tech:xsd:camt.054.001.01"><BkToCstmrDbtCdtNtfctnV01><GrpHdr><MsgId>80309K//13505</MsgId><CreDtTm>2018-09-29T21:30:00</CreDtTm></GrpHdr><Ntfctn><Id>80309K//13505//1</Id><CreDtTm>2018-09-29T21:30:00</CreDtTm><Acct><Id><PrtryAcct><Id>20594233939774</Id></PrtryAcct></Id><Ccy>GBP</Ccy></Acct><TxsSummry><TtlNtries><NbOfNtries>6</NbOfNtries><Sum>387.53</Sum></TtlNtries><TtlCdtNtries><NbOfNtries>6</NbOfNtries><Sum>387.53</Sum></TtlCdtNtries><TtlDbtNtries><NbOfNtries>0</NbOfNtries><Sum>0.00</Sum></TtlDbtNtries></TxsSummry><Ntry><Amt Ccy="GBP">0.53</Amt><CdtDbtInd>CRDT</CdtDbtInd><Sts>BOOK</Sts><BookgDt><Dt>2018-10-01</Dt></BookgDt><BkTxCd><Prtry><Cd>SIP UKBA CR 40269</Cd></Prtry></BkTxCd><TxDtls><Refs><EndToEndId>NOREF</EndToEndId><TxId>CBBPI2104052363291</TxId></Refs><RltdPties><Dbtr><Nm>CARRIE MCILVENNY</Nm></Dbtr><DbtrAcct><Id><PrtryAcct><Id>82631050110280</Id></PrtryAcct></Id></DbtrAcct><Cdtr><Nm>billy</Nm></Cdtr><CdtrAcct><Id><PrtryAcct><Id>23008200334094</Id></PrtryAcct></Id></CdtrAcct><Prtry><Tp>shopping</Tp><Pty/></Prtry></RltdPties><RmtInf><Strd><RfrdDocInf><RfrdDocTp><Prtry>002</Prtry></RfrdDocTp></RfrdDocInf><AddtlRmtInf>NO REF</AddtlRmtInf></Strd><Strd><AddtlRmtInf>CARRIE MCILVENNY//shopping</AddtlRmtInf></Strd></RmtInf><RltdDts><TxDtTm>2018-09-29T21:04:06</TxDtTm></RltdDts><AddtlTxInf>CBBPI21040523632911020180929826826310</AddtlTxInf></TxDtls><AddtlNtryInf>COMPLETE//0000//003//CREDIT</AddtlNtryInf></Ntry><Ntry><Amt Ccy="GBP">40.00</Amt><CdtDbtInd>CRDT</CdtDbtInd><Sts>BOOK</Sts><BookgDt><Dt>2018-10-01</Dt></BookgDt><BkTxCd><Prtry><Cd>SIP UKBA CR 40269</Cd></Prtry></BkTxCd><TxDtls><Refs><EndToEndId>NOREF</EndToEndId><TxId>200000000391746518</TxId></Refs><RltdPties><Dbtr><Nm>R Massey</Nm></Dbtr><DbtrAcct><Id><PrtryAcct><Id>77321917655668</Id></PrtryAcct></Id></DbtrAcct><Cdtr><Nm>MR CLAYTON POWIS</Nm></Cdtr><CdtrAcct><Id><PrtryAcct><Id>23008200023182</Id></PrtryAcct></Id></CdtrAcct></RltdPties><RmtInf><Strd><AddtlRmtInf>NO REF</AddtlRmtInf></Strd><Strd><AddtlRmtInf>R Massey//</AddtlRmtInf></Strd></RmtInf><RltdDts><TxDtTm>2018-09-29T21:12:05</TxDtTm></RltdDts><AddtlTxInf>2000000003917465181020180929826773219</AddtlTxInf></TxDtls><AddtlNtryInf>COMPLETE//0000//003//CREDIT</AddtlNtryInf></Ntry><Ntry><Amt Ccy="GBP">5.00</Amt><CdtDbtInd>CRDT</CdtDbtInd><Sts>BOOK</Sts><BookgDt><Dt>2018-10-01</Dt></BookgDt><BkTxCd><Prtry><Cd>DCA UKBA CR 40269</Cd></Prtry></BkTxCd><TxDtls><Refs><EndToEndId>NOREF</EndToEndId><TxId>000000013709438801</TxId><Prtry><Tp>STO REF</Tp><Ref>0000</Ref></Prtry></Refs><RltdPties><Dbtr><Nm>23630700002974</Nm></Dbtr><DbtrAcct><Id><PrtryAcct><Id>20594243523659</Id></PrtryAcct></Id></DbtrAcct><Cdtr><Nm>MR ANDREA VANNINI</Nm></Cdtr><CdtrAcct><Id><PrtryAcct><Id>23008200470773</Id></PrtryAcct></Id></CdtrAcct><Prtry><Tp>TICKET</Tp><Pty/></Prtry></RltdPties><RmtInf><Strd><AddtlRmtInf>NO REF</AddtlRmtInf></Strd><Strd><AddtlRmtInf>23630700002974//TICKET</AddtlRmtInf></Strd></RmtInf><RltdDts><TxDtTm>2018-09-29T21:17:03</TxDtTm></RltdDts><AddtlTxInf>0000000137094388015020180929826205942</AddtlTxInf></TxDtls><AddtlNtryInf>COMPLETE//0000//003//CREDIT</AddtlNtryInf></Ntry><Ntry><Amt Ccy="GBP">37.00</Amt><CdtDbtInd>CRDT</CdtDbtInd><Sts>BOOK</Sts><BookgDt><Dt>2018-10-01</Dt></BookgDt><BkTxCd><Prtry><Cd>DCA UKBA CR 40269</Cd></Prtry></BkTxCd><TxDtls><Refs><EndToEndId>NOREF</EndToEndId><TxId>000000013709438601</TxId><Prtry><Tp>STO REF</Tp><Ref>0000</Ref></Prtry></Refs><RltdPties><Dbtr><Nm>23630700002974</Nm></Dbtr><DbtrAcct><Id><PrtryAcct><Id>20594243523659</Id></PrtryAcct></Id></DbtrAcct><Cdtr><Nm>ANDREW BARSON</Nm></Cdtr><CdtrAcct><Id><PrtryAcct><Id>23008200475347</Id></PrtryAcct></Id></CdtrAcct><Prtry><Tp>CINEMA</Tp><Pty/></Prtry></RltdPties><RmtInf><Strd><AddtlRmtInf>NO REF</AddtlRmtInf></Strd><Strd><AddtlRmtInf>23630700002974//CINEMA</AddtlRmtInf></Strd></RmtInf><RltdDts><TxDtTm>2018-09-29T21:17:03</TxDtTm></RltdDts><AddtlTxInf>0000000137094386015020180929826205942</AddtlTxInf></TxDtls><AddtlNtryInf>COMPLETE//0000//003//CREDIT</AddtlNtryInf></Ntry><Ntry><Amt Ccy="GBP">5.00</Amt><CdtDbtInd>CRDT</CdtDbtInd><Sts>BOOK</Sts><BookgDt><Dt>2018-10-01</Dt></BookgDt><BkTxCd><Prtry><Cd>SIP UKBA CR 40269</Cd></Prtry></BkTxCd><TxDtls><Refs><EndToEndId>NOREF</EndToEndId><TxId>400000000398215709</TxId></Refs><RltdPties><Dbtr><Nm>P Titov</Nm></Dbtr><DbtrAcct><Id><PrtryAcct><Id>30995166282860</Id></PrtryAcct></Id></DbtrAcct><Cdtr><Nm>GEORGI TITOV</Nm></Cdtr><CdtrAcct><Id><PrtryAcct><Id>23008200102374</Id></PrtryAcct></Id></CdtrAcct><Prtry><Tp>BORROW</Tp><Pty/></Prtry></RltdPties><RmtInf><Strd><AddtlRmtInf>NO REF</AddtlRmtInf></Strd><Strd><AddtlRmtInf>P Titov//BORROW</AddtlRmtInf></Strd></RmtInf><RltdDts><TxDtTm>2018-09-29T21:23:03</TxDtTm></RltdDts><AddtlTxInf>4000000003982157091020180929826309951</AddtlTxInf></TxDtls><AddtlNtryInf>COMPLETE//0000//003//CREDIT</AddtlNtryInf></Ntry><Ntry><Amt Ccy="GBP">300.00</Amt><CdtDbtInd>CRDT</CdtDbtInd><Sts>BOOK</Sts><BookgDt><Dt>2018-10-01</Dt></BookgDt><BkTxCd><Prtry><Cd>DCA UKBA CR 40269</Cd></Prtry></BkTxCd><TxDtls><Refs><EndToEndId>NOREF</EndToEndId><TxId>000000013709481501</TxId><Prtry><Tp>STO REF</Tp><Ref>0000</Ref></Prtry></Refs><RltdPties><Dbtr><Nm>REFERENCE S</Nm></Dbtr><DbtrAcct><Id><PrtryAcct><Id>20594233674975</Id></PrtryAcct></Id></DbtrAcct><Cdtr><Nm>DANIEL SURLEY</Nm></Cdtr><CdtrAcct><Id><PrtryAcct><Id>23008200455002</Id></PrtryAcct></Id></CdtrAcct><Prtry><Tp>L022557</Tp><Pty/></Prtry></RltdPties><RmtInf><Strd><AddtlRmtInf>NO REF</AddtlRmtInf></Strd><Strd><AddtlRmtInf>REFERENCE S//L022557</AddtlRmtInf></Strd></RmtInf><RltdDts><TxDtTm>2018-09-29T21:24:47</TxDtTm></RltdDts><AddtlTxInf>0000000137094815015020180929826205942</AddtlTxInf></TxDtls><AddtlNtryInf>COMPLETE//0000//003//CREDIT</AddtlNtryInf></Ntry></Ntfctn></BkToCstmrDbtCdtNtfctnV01></Document>