<?xml version="1.0" encoding="UTF-8"?><Document xmlns:xsi="http://www.w3.org/2001/XMLSchema-instance" xmlns="urn:iso:std:iso:20022:tech:xsd:camt.054.001.01"><BkToCstmrDbtCdtNtfctnV01><GrpHdr><MsgId>80309K//12736</MsgId><CreDtTm>2018-09-12T02:30:00</CreDtTm></GrpHdr><Ntfctn><Id>80309K//12736//1</Id><CreDtTm>2018-09-12T02:30:00</CreDtTm><Acct><Id><PrtryAcct><Id>20594233939774</Id></PrtryAcct></Id><Ccy>GBP</Ccy></Acct><TxsSummry><TtlNtries><NbOfNtries>3</NbOfNtries><Sum>692.00</Sum></TtlNtries><TtlCdtNtries><NbOfNtries>3</NbOfNtries><Sum>692.00</Sum></TtlCdtNtries><TtlDbtNtries><NbOfNtries>0</NbOfNtries><Sum>0.00</Sum></TtlDbtNtries></TxsSummry><Ntry><Amt Ccy="GBP">200.00</Amt><CdtDbtInd>CRDT</CdtDbtInd><Sts>BOOK</Sts><BookgDt><Dt>2018-09-12</Dt></BookgDt><BkTxCd><Prtry><Cd>STO UKBA CR 40267</Cd></Prtry></BkTxCd><TxDtls><Refs><EndToEndId>NOREF</EndToEndId><TxId>5262042454321101SO</TxId><Prtry><Tp>STO REF</Tp><Ref>0000</Ref></Prtry></Refs><RltdPties><Dbtr><Nm>JANEIRO S</Nm></Dbtr><DbtrAcct><Id><PrtryAcct><Id>40020311844237</Id></PrtryAcct></Id></DbtrAcct><Cdtr><Nm>JAMY</Nm></Cdtr><CdtrAcct><Id><PrtryAcct><Id>23008200206335</Id></PrtryAcct></Id></CdtrAcct><Prtry><Tp>RENT</Tp><Pty/></Prtry></RltdPties><RmtInf><Strd><AddtlRmtInf>NO REF</AddtlRmtInf></Strd><Strd><AddtlRmtInf>JANEIRO S//RENT</AddtlRmtInf></Strd></RmtInf><RltdDts><TxDtTm>2018-09-12T02:05:38</TxDtTm></RltdDts><AddtlTxInf>5262042454321101SO3020180912826400203</AddtlTxInf></TxDtls><AddtlNtryInf>COMPLETE//0000//003//CREDIT</AddtlNtryInf></Ntry><Ntry><Amt Ccy="GBP">220.00</Amt><CdtDbtInd>CRDT</CdtDbtInd><Sts>BOOK</Sts><BookgDt><Dt>2018-09-12</Dt></BookgDt><BkTxCd><Prtry><Cd>DCA UKBA CR 40269</Cd></Prtry></BkTxCd><TxDtls><Refs><EndToEndId>NOREF</EndToEndId><TxId>000000013541817101</TxId><Prtry><Tp>STO REF</Tp><Ref>4020</Ref></Prtry></Refs><RltdPties><Dbtr><Nm>RICHARD WILLIAMS</Nm></Dbtr><DbtrAcct><Id><PrtryAcct><Id>20035373152596</Id></PrtryAcct></Id></DbtrAcct><Cdtr><Nm>RICHARD WILLIAMS</Nm></Cdtr><CdtrAcct><Id><PrtryAcct><Id>23008200116099</Id></PrtryAcct></Id></CdtrAcct><Prtry><Tp>FROM RICHARD WILLI</Tp><Pty/></Prtry></RltdPties><RmtInf><Strd><AddtlRmtInf>NO REF</AddtlRmtInf></Strd><Strd><AddtlRmtInf>RICHARD WILLIAMS//FROM RICHARD WILLI</AddtlRmtInf></Strd></RmtInf><RltdDts><TxDtTm>2018-09-12T02:21:41</TxDtTm></RltdDts><AddtlTxInf>0000000135418171015020180912826200353</AddtlTxInf></TxDtls><AddtlNtryInf>COMPLETE//0000//003//CREDIT</AddtlNtryInf></Ntry><Ntry><Amt Ccy="GBP">272.00</Amt><CdtDbtInd>CRDT</CdtDbtInd><Sts>BOOK</Sts><BookgDt><Dt>2018-09-12</Dt></BookgDt><BkTxCd><Prtry><Cd>SIP UKBA CR 40269</Cd></Prtry></BkTxCd><TxDtls><Refs><EndToEndId>FLD</EndToEndId><TxId>51022424893009000N</TxId><Prtry><Tp>STO REF</Tp><Ref>0000</Ref></Prtry></Refs><RltdPties><Dbtr><Nm>FEATURES LANDSCAPE</Nm></Dbtr><DbtrAcct><Id><PrtryAcct><Id>60247719110294</Id></PrtryAcct></Id></DbtrAcct><Cdtr><Nm>RAHIM SULA</Nm></Cdtr><CdtrAcct><Id><PrtryAcct><Id>23008200231180</Id></PrtryAcct></Id></CdtrAcct><Prtry><Tp>FLD</Tp><Pty/></Prtry></RltdPties><RmtInf><Strd><AddtlRmtInf>FEATURES LANDSCAPEFLD               VIA MOBILE - PYMT</AddtlRmtInf></Strd><Strd><AddtlRmtInf>FEATURES LANDSCAPE//FLD</AddtlRmtInf></Strd></RmtInf><RltdDts><TxDtTm>2018-09-12T02:24:25</TxDtTm></RltdDts><AddtlTxInf>51022424893009000N1020180912826602477</AddtlTxInf></TxDtls><AddtlNtryInf>COMPLETE//0000//003//CREDIT</AddtlNtryInf></Ntry></Ntfctn></BkToCstmrDbtCdtNtfctnV01></Document>