<?xml version="1.0" encoding="UTF-8"?><Document xmlns:xsi="http://www.w3.org/2001/XMLSchema-instance" xmlns="urn:iso:std:iso:20022:tech:xsd:camt.054.001.01"><BkToCstmrDbtCdtNtfctnV01><GrpHdr><MsgId>80309K//12628</MsgId><CreDtTm>2018-09-09T14:00:00</CreDtTm></GrpHdr><Ntfctn><Id>80309K//12628//1</Id><CreDtTm>2018-09-09T14:00:00</CreDtTm><Acct><Id><PrtryAcct><Id>20594233939774</Id></PrtryAcct></Id><Ccy>GBP</Ccy></Acct><TxsSummry><TtlNtries><NbOfNtries>6</NbOfNtries><Sum>1103.01</Sum></TtlNtries><TtlCdtNtries><NbOfNtries>6</NbOfNtries><Sum>1103.01</Sum></TtlCdtNtries><TtlDbtNtries><NbOfNtries>0</NbOfNtries><Sum>0.00</Sum></TtlDbtNtries></TxsSummry><Ntry><Amt Ccy="GBP">20.00</Amt><CdtDbtInd>CRDT</CdtDbtInd><Sts>BOOK</Sts><BookgDt><Dt>2018-09-10</Dt></BookgDt><BkTxCd><Prtry><Cd>SIP UKBA CR 40269</Cd></Prtry></BkTxCd><TxDtls><Refs><EndToEndId>NOREF</EndToEndId><TxId>FP18252O15329063</TxId></Refs><RltdPties><Dbtr><Nm>Anslow Justin</Nm></Dbtr><DbtrAcct><Id><PrtryAcct><Id>07043620833849</Id></PrtryAcct></Id></DbtrAcct><Cdtr><Nm>GB</Nm></Cdtr><CdtrAcct><Id><PrtryAcct><Id>23008200204652</Id></PrtryAcct></Id></CdtrAcct><Prtry><Tp>JAY</Tp><Pty/></Prtry></RltdPties><RmtInf><Strd><AddtlRmtInf>NO REF</AddtlRmtInf></Strd><Strd><AddtlRmtInf>Anslow Justin//JAY</AddtlRmtInf></Strd></RmtInf><RltdDts><TxDtTm>2018-09-09T13:31:48</TxDtTm></RltdDts><AddtlTxInf>FP18252O15329063  1020180909826070436</AddtlTxInf></TxDtls><AddtlNtryInf>COMPLETE//0000//003//CREDIT</AddtlNtryInf></Ntry><Ntry><Amt Ccy="GBP">250.00</Amt><CdtDbtInd>CRDT</CdtDbtInd><Sts>BOOK</Sts><BookgDt><Dt>2018-09-10</Dt></BookgDt><BkTxCd><Prtry><Cd>SIP UKBA CR 40269</Cd></Prtry></BkTxCd><TxDtls><Refs><EndToEndId>EBAY 392119771470</EndToEndId><TxId>63133316010283000N</TxId><Prtry><Tp>STO REF</Tp><Ref>0000</Ref></Prtry></Refs><RltdPties><Dbtr><Nm>CLARK EP</Nm></Dbtr><DbtrAcct><Id><PrtryAcct><Id>60172890143981</Id></PrtryAcct></Id></DbtrAcct><Cdtr><Nm>MR M ATKINS</Nm></Cdtr><CdtrAcct><Id><PrtryAcct><Id>23008200436192</Id></PrtryAcct></Id></CdtrAcct><Prtry><Tp>EBAY 392119771470</Tp><Pty/></Prtry></RltdPties><RmtInf><Strd><AddtlRmtInf>CLARK EP          EBAY 392119771470 VIA MOBILE - LVP</AddtlRmtInf></Strd><Strd><AddtlRmtInf>CLARK EP//EBAY 392119771470</AddtlRmtInf></Strd></RmtInf><RltdDts><TxDtTm>2018-09-09T13:33:16</TxDtTm></RltdDts><AddtlTxInf>63133316010283000N1020180909826601728</AddtlTxInf></TxDtls><AddtlNtryInf>COMPLETE//0000//003//CREDIT</AddtlNtryInf></Ntry><Ntry><Amt Ccy="GBP">513.00</Amt><CdtDbtInd>CRDT</CdtDbtInd><Sts>BOOK</Sts><BookgDt><Dt>2018-09-10</Dt></BookgDt><BkTxCd><Prtry><Cd>SIP UKBA CR 40269</Cd></Prtry></BkTxCd><TxDtls><Refs><EndToEndId>NOREF</EndToEndId><TxId>RP4679960985508100</TxId></Refs><RltdPties><Dbtr><Nm>NORTHFLEET C LTD</Nm></Dbtr><DbtrAcct><Id><PrtryAcct><Id>20346943348709</Id></PrtryAcct></Id></DbtrAcct><Cdtr><Nm>KRZYSZTOF BAGINSKI</Nm></Cdtr><CdtrAcct><Id><PrtryAcct><Id>23008200024673</Id></PrtryAcct></Id></CdtrAcct><Prtry><Tp>BUILDER</Tp><Pty/></Prtry></RltdPties><RmtInf><Strd><AddtlRmtInf>NO REF</AddtlRmtInf></Strd><Strd><AddtlRmtInf>NORTHFLEET C LTD//BUILDER</AddtlRmtInf></Strd></RmtInf><RltdDts><TxDtTm>2018-09-09T13:39:50</TxDtTm></RltdDts><AddtlTxInf>RP46799609855081001020180909826200026</AddtlTxInf></TxDtls><AddtlNtryInf>COMPLETE//0000//003//CREDIT</AddtlNtryInf></Ntry><Ntry><Amt Ccy="GBP">200.00</Amt><CdtDbtInd>CRDT</CdtDbtInd><Sts>BOOK</Sts><BookgDt><Dt>2018-09-10</Dt></BookgDt><BkTxCd><Prtry><Cd>SIP UKBA CR 40269</Cd></Prtry></BkTxCd><TxDtls><Refs><EndToEndId>LEKAN</EndToEndId><TxId>11134736213024000N</TxId><Prtry><Tp>STO REF</Tp><Ref>0000</Ref></Prtry></Refs><RltdPties><Dbtr><Nm>MOBOLAJJI A</Nm></Dbtr><DbtrAcct><Id><PrtryAcct><Id>60203642249821</Id></PrtryAcct></Id></DbtrAcct><Cdtr><Nm>O A OYEBANJI</Nm></Cdtr><CdtrAcct><Id><PrtryAcct><Id>23008200237848</Id></PrtryAcct></Id></CdtrAcct><Prtry><Tp>LEKAN</Tp><Pty/></Prtry></RltdPties><RmtInf><Strd><AddtlRmtInf>MOBOLAJJI A       LEKAN             VIA MOBILE - LVP</AddtlRmtInf></Strd><Strd><AddtlRmtInf>MOBOLAJJI A//LEKAN</AddtlRmtInf></Strd></RmtInf><RltdDts><TxDtTm>2018-09-09T13:47:36</TxDtTm></RltdDts><AddtlTxInf>11134736213024000N1020180909826602036</AddtlTxInf></TxDtls><AddtlNtryInf>COMPLETE//0000//003//CREDIT</AddtlNtryInf></Ntry><Ntry><Amt Ccy="GBP">120.00</Amt><CdtDbtInd>CRDT</CdtDbtInd><Sts>BOOK</Sts><BookgDt><Dt>2018-09-10</Dt></BookgDt><BkTxCd><Prtry><Cd>SIP UKBA CR 40269</Cd></Prtry></BkTxCd><TxDtls><Refs><EndToEndId>NOREF</EndToEndId><TxId>RP4659984187951000</TxId></Refs><RltdPties><Dbtr><Nm>NOAD C+DM</Nm></Dbtr><DbtrAcct><Id><PrtryAcct><Id>20979050771287</Id></PrtryAcct></Id></DbtrAcct><Cdtr><Nm>WILLIAM EVANS</Nm></Cdtr><CdtrAcct><Id><PrtryAcct><Id>23008200169623</Id></PrtryAcct></Id></CdtrAcct><Prtry><Tp>W EVANS SOVEREIGN</Tp><Pty/></Prtry></RltdPties><RmtInf><Strd><AddtlRmtInf>NO REF</AddtlRmtInf></Strd><Strd><AddtlRmtInf>NOAD C+DM//W EVANS SOVEREIGN</AddtlRmtInf></Strd></RmtInf><RltdDts><TxDtTm>2018-09-09T13:48:44</TxDtTm></RltdDts><AddtlTxInf>RP46599841879510001020180909826200026</AddtlTxInf></TxDtls><AddtlNtryInf>COMPLETE//0000//003//CREDIT</AddtlNtryInf></Ntry><Ntry><Amt Ccy="GBP">0.01</Amt><CdtDbtInd>CRDT</CdtDbtInd><Sts>BOOK</Sts><BookgDt><Dt>2018-09-10</Dt></BookgDt><BkTxCd><Prtry><Cd>SIP UKBA CR 40269</Cd></Prtry></BkTxCd><TxDtls><Refs><EndToEndId>PPRD00000000ALYQDC</EndToEndId><TxId>PPRD00000000ALYQDC</TxId></Refs><RltdPties><Dbtr><Nm>PAYPAL CODE 1951</Nm><PstlAdr><AdrLine>2211 N 1st Street San Jose CA 95131</AdrLine><Ctry/></PstlAdr></Dbtr><DbtrAcct><Id><PrtryAcct><Id>23526285010101</Id></PrtryAcct></Id></DbtrAcct><Cdtr><Nm>Alison Longhurst</Nm><PstlAdr><AdrLine>172 Marrowbrook Lane</AdrLine><Ctry/></PstlAdr></Cdtr><CdtrAcct><Id><PrtryAcct><Id>23008200351861</Id></PrtryAcct></Id></CdtrAcct><Prtry><Tp>PAYPAL CODE 1951</Tp><Pty/></Prtry></RltdPties><RmtInf><Strd><RfrdDocInf><RfrdDocTp><Prtry>002</Prtry></RfrdDocTp></RfrdDocInf><AddtlRmtInf>NO REF</AddtlRmtInf></Strd><Strd><AddtlRmtInf>PAYPAL CODE 1951//PAYPAL CODE 1951</AddtlRmtInf></Strd></RmtInf><RltdDts><TxDtTm>2018-09-09T13:57:25</TxDtTm></RltdDts><AddtlTxInf>PPRD00000000ALYQDC1020180909826235262</AddtlTxInf></TxDtls><AddtlNtryInf>COMPLETE//0000//003//CREDIT</AddtlNtryInf></Ntry></Ntfctn></BkToCstmrDbtCdtNtfctnV01></Document>