<?xml version="1.0" encoding="UTF-8"?><Document xmlns:xsi="http://www.w3.org/2001/XMLSchema-instance" xmlns="urn:iso:std:iso:20022:tech:xsd:camt.054.001.01"><BkToCstmrDbtCdtNtfctnV01><GrpHdr><MsgId>80309K//13194</MsgId><CreDtTm>2018-09-22T17:30:00</CreDtTm></GrpHdr><Ntfctn><Id>80309K//13194//1</Id><CreDtTm>2018-09-22T17:30:00</CreDtTm><Acct><Id><PrtryAcct><Id>20594233939774</Id></PrtryAcct></Id><Ccy>GBP</Ccy></Acct><TxsSummry><TtlNtries><NbOfNtries>11</NbOfNtries><Sum>1040.59</Sum></TtlNtries><TtlCdtNtries><NbOfNtries>11</NbOfNtries><Sum>1040.59</Sum></TtlCdtNtries><TtlDbtNtries><NbOfNtries>0</NbOfNtries><Sum>0.00</Sum></TtlDbtNtries></TxsSummry><Ntry><Amt Ccy="GBP">0.75</Amt><CdtDbtInd>CRDT</CdtDbtInd><Sts>BOOK</Sts><BookgDt><Dt>2018-09-24</Dt></BookgDt><BkTxCd><Prtry><Cd>SIP UKBA CR 40269</Cd></Prtry></BkTxCd><TxDtls><Refs><EndToEndId>PPWD00000000APCJIY</EndToEndId><TxId>PPWD00000000APCJIY</TxId></Refs><RltdPties><Dbtr><Nm>PayPal</Nm><PstlAdr><AdrLine>2211 N 1st Street San Jose CA 95131</AdrLine><Ctry/></PstlAdr></Dbtr><DbtrAcct><Id><PrtryAcct><Id>23526278959595</Id></PrtryAcct></Id></DbtrAcct><Cdtr><Nm>Hamd Hussain</Nm><PstlAdr><AdrLine>Flat F24 Clyde Court</AdrLine><Ctry/></PstlAdr></Cdtr><CdtrAcct><Id><PrtryAcct><Id>23008200046696</Id></PrtryAcct></Id></CdtrAcct><Prtry><Tp>PPWDL5FTJ2ALADPCZL</Tp><Pty/></Prtry></RltdPties><RmtInf><Strd><RfrdDocInf><RfrdDocTp><Prtry>002</Prtry></RfrdDocTp></RfrdDocInf><AddtlRmtInf>NO REF</AddtlRmtInf></Strd><Strd><AddtlRmtInf>PayPal//PPWDL5FTJ2ALADPCZL</AddtlRmtInf></Strd></RmtInf><RltdDts><TxDtTm>2018-09-22T17:03:56</TxDtTm></RltdDts><AddtlTxInf>PPWD00000000APCJIY1020180922826235262</AddtlTxInf></TxDtls><AddtlNtryInf>COMPLETE//0000//003//CREDIT</AddtlNtryInf></Ntry><Ntry><Amt Ccy="GBP">75.00</Amt><CdtDbtInd>CRDT</CdtDbtInd><Sts>BOOK</Sts><BookgDt><Dt>2018-09-24</Dt></BookgDt><BkTxCd><Prtry><Cd>SIP UKBA CR 40269</Cd></Prtry></BkTxCd><TxDtls><Refs><EndToEndId>PPWD00000000APCJMG</EndToEndId><TxId>PPWD00000000APCJMG</TxId></Refs><RltdPties><Dbtr><Nm>PayPal</Nm><PstlAdr><AdrLine>2211 N 1st Street San Jose CA 95131</AdrLine><Ctry/></PstlAdr></Dbtr><DbtrAcct><Id><PrtryAcct><Id>23526278959595</Id></PrtryAcct></Id></DbtrAcct><Cdtr><Nm>Hamd Hussain</Nm><PstlAdr><AdrLine>Flat F24 Clyde Court</AdrLine><Ctry/></PstlAdr></Cdtr><CdtrAcct><Id><PrtryAcct><Id>23008200046696</Id></PrtryAcct></Id></CdtrAcct><Prtry><Tp>PPWDL5FTJ2ALADPJXE</Tp><Pty/></Prtry></RltdPties><RmtInf><Strd><RfrdDocInf><RfrdDocTp><Prtry>002</Prtry></RfrdDocTp></RfrdDocInf><AddtlRmtInf>NO REF</AddtlRmtInf></Strd><Strd><AddtlRmtInf>PayPal//PPWDL5FTJ2ALADPJXE</AddtlRmtInf></Strd></RmtInf><RltdDts><TxDtTm>2018-09-22T17:04:17</TxDtTm></RltdDts><AddtlTxInf>PPWD00000000APCJMG1020180922826235262</AddtlTxInf></TxDtls><AddtlNtryInf>COMPLETE//0000//003//CREDIT</AddtlNtryInf></Ntry><Ntry><Amt Ccy="GBP">26.98</Amt><CdtDbtInd>CRDT</CdtDbtInd><Sts>BOOK</Sts><BookgDt><Dt>2018-09-24</Dt></BookgDt><BkTxCd><Prtry><Cd>SIP UKBA CR 40269</Cd></Prtry></BkTxCd><TxDtls><Refs><EndToEndId>PPWD00000000APCLB8</EndToEndId><TxId>PPWD00000000APCLB8</TxId></Refs><RltdPties><Dbtr><Nm>PayPal</Nm><PstlAdr><AdrLine>2211 N 1st Street San Jose CA 95131</AdrLine><Ctry/></PstlAdr></Dbtr><DbtrAcct><Id><PrtryAcct><Id>23526278959595</Id></PrtryAcct></Id></DbtrAcct><Cdtr><Nm>shaun rowley</Nm><PstlAdr><AdrLine>18 Chaucer Road</AdrLine><Ctry/></PstlAdr></Cdtr><CdtrAcct><Id><PrtryAcct><Id>23008200195443</Id></PrtryAcct></Id></CdtrAcct><Prtry><Tp>PPWDL5RP22ALADTK6C</Tp><Pty/></Prtry></RltdPties><RmtInf><Strd><RfrdDocInf><RfrdDocTp><Prtry>002</Prtry></RfrdDocTp></RfrdDocInf><AddtlRmtInf>NO REF</AddtlRmtInf></Strd><Strd><AddtlRmtInf>PayPal//PPWDL5RP22ALADTK6C</AddtlRmtInf></Strd></RmtInf><RltdDts><TxDtTm>2018-09-22T17:10:27</TxDtTm></RltdDts><AddtlTxInf>PPWD00000000APCLB81020180922826235262</AddtlTxInf></TxDtls><AddtlNtryInf>COMPLETE//0000//003//CREDIT</AddtlNtryInf></Ntry><Ntry><Amt Ccy="GBP">194.85</Amt><CdtDbtInd>CRDT</CdtDbtInd><Sts>BOOK</Sts><BookgDt><Dt>2018-09-24</Dt></BookgDt><BkTxCd><Prtry><Cd>SIP UKBA CR 40269</Cd></Prtry></BkTxCd><TxDtls><Refs><EndToEndId>00152242632BCYSFLS</EndToEndId><TxId>00152242632BCYSFLS</TxId></Refs><RltdPties><Dbtr><Nm>ANDELL LIMITED T/A NUEVE</Nm></Dbtr><DbtrAcct><Id><PrtryAcct><Id>09012909871687</Id></PrtryAcct></Id></DbtrAcct><Cdtr><Nm>PLAYER</Nm></Cdtr><CdtrAcct><Id><PrtryAcct><Id>23008200291960</Id></PrtryAcct></Id></CdtrAcct><Prtry><Tp>Nueve</Tp><Pty/></Prtry></RltdPties><RmtInf><Strd><AddtlRmtInf>NO REF</AddtlRmtInf></Strd><Strd><AddtlRmtInf>ANDELL LIMITED T/A//Nueve</AddtlRmtInf></Strd></RmtInf><RltdDts><TxDtTm>2018-09-22T17:12:55</TxDtTm></RltdDts><AddtlTxInf>00152242632BCYSFLS1020180922826090129</AddtlTxInf></TxDtls><AddtlNtryInf>COMPLETE//0000//003//CREDIT</AddtlNtryInf></Ntry><Ntry><Amt Ccy="GBP">200.00</Amt><CdtDbtInd>CRDT</CdtDbtInd><Sts>BOOK</Sts><BookgDt><Dt>2018-09-24</Dt></BookgDt><BkTxCd><Prtry><Cd>SIP UKBA CR 40269</Cd></Prtry></BkTxCd><TxDtls><Refs><EndToEndId>NOREF</EndToEndId><TxId>600000000390695997</TxId></Refs><RltdPties><Dbtr><Nm>P Atherton</Nm></Dbtr><DbtrAcct><Id><PrtryAcct><Id>11000106184560</Id></PrtryAcct></Id></DbtrAcct><Cdtr><Nm>ARRO</Nm></Cdtr><CdtrAcct><Id><PrtryAcct><Id>23008200451683</Id></PrtryAcct></Id></CdtrAcct><Prtry><Tp>ARRO CARD</Tp><Pty/></Prtry></RltdPties><RmtInf><Strd><AddtlRmtInf>NO REF</AddtlRmtInf></Strd><Strd><AddtlRmtInf>P Atherton//ARRO CARD</AddtlRmtInf></Strd></RmtInf><RltdDts><TxDtTm>2018-09-22T17:13:07</TxDtTm></RltdDts><AddtlTxInf>6000000003906959971020180922826110001</AddtlTxInf></TxDtls><AddtlNtryInf>COMPLETE//0000//003//CREDIT</AddtlNtryInf></Ntry><Ntry><Amt Ccy="GBP">20.00</Amt><CdtDbtInd>CRDT</CdtDbtInd><Sts>BOOK</Sts><BookgDt><Dt>2018-09-24</Dt></BookgDt><BkTxCd><Prtry><Cd>SIP UKBA CR 40269</Cd></Prtry></BkTxCd><TxDtls><Refs><EndToEndId>DAD</EndToEndId><TxId>50171330841605000N</TxId><Prtry><Tp>STO REF</Tp><Ref>0000</Ref></Prtry></Refs><RltdPties><Dbtr><Nm>LARNDER-SMITH SA</Nm></Dbtr><DbtrAcct><Id><PrtryAcct><Id>55502864581667</Id></PrtryAcct></Id></DbtrAcct><Cdtr><Nm>CORY LARNDER-SMITH</Nm></Cdtr><CdtrAcct><Id><PrtryAcct><Id>23008200246431</Id></PrtryAcct></Id></CdtrAcct><Prtry><Tp>DAD</Tp><Pty/></Prtry></RltdPties><RmtInf><Strd><AddtlRmtInf>LARNDER-SMITH SA  DAD               VIA MOBILE - PYMT</AddtlRmtInf></Strd><Strd><AddtlRmtInf>LARNDER-SMITH SA//DAD</AddtlRmtInf></Strd></RmtInf><RltdDts><TxDtTm>2018-09-22T17:13:31</TxDtTm></RltdDts><AddtlTxInf>50171330841605000N1020180922826555028</AddtlTxInf></TxDtls><AddtlNtryInf>COMPLETE//0000//003//CREDIT</AddtlNtryInf></Ntry><Ntry><Amt Ccy="GBP">23.00</Amt><CdtDbtInd>CRDT</CdtDbtInd><Sts>BOOK</Sts><BookgDt><Dt>2018-09-24</Dt></BookgDt><BkTxCd><Prtry><Cd>SIP UKBA CR 40269</Cd></Prtry></BkTxCd><TxDtls><Refs><EndToEndId>HELLO</EndToEndId><TxId>13171346567473000N</TxId><Prtry><Tp>STO REF</Tp><Ref>0000</Ref></Prtry></Refs><RltdPties><Dbtr><Nm>SALIMU MB</Nm></Dbtr><DbtrAcct><Id><PrtryAcct><Id>60204545103100</Id></PrtryAcct></Id></DbtrAcct><Cdtr><Nm>MR CALVIN SALIMU</Nm></Cdtr><CdtrAcct><Id><PrtryAcct><Id>23008200239269</Id></PrtryAcct></Id></CdtrAcct><Prtry><Tp>HELLO</Tp><Pty/></Prtry></RltdPties><RmtInf><Strd><AddtlRmtInf>SALIMU MB         HELLO             VIA MOBILE - LVP</AddtlRmtInf></Strd><Strd><AddtlRmtInf>SALIMU MB//HELLO</AddtlRmtInf></Strd></RmtInf><RltdDts><TxDtTm>2018-09-22T17:13:46</TxDtTm></RltdDts><AddtlTxInf>13171346567473000N1020180922826602045</AddtlTxInf></TxDtls><AddtlNtryInf>COMPLETE//0000//003//CREDIT</AddtlNtryInf></Ntry><Ntry><Amt Ccy="GBP">0.01</Amt><CdtDbtInd>CRDT</CdtDbtInd><Sts>BOOK</Sts><BookgDt><Dt>2018-09-24</Dt></BookgDt><BkTxCd><Prtry><Cd>SIP UKBA CR 40269</Cd></Prtry></BkTxCd><TxDtls><Refs><EndToEndId>PPRD00000000APCNFY</EndToEndId><TxId>PPRD00000000APCNFY</TxId></Refs><RltdPties><Dbtr><Nm>PAYPAL CODE 3702</Nm><PstlAdr><AdrLine>2211 N 1st Street San Jose CA 95131</AdrLine><Ctry/></PstlAdr></Dbtr><DbtrAcct><Id><PrtryAcct><Id>23526285010101</Id></PrtryAcct></Id></DbtrAcct><Cdtr><Nm>brett ford</Nm><PstlAdr><AdrLine>5 Plantation Drive</AdrLine><Ctry/></PstlAdr></Cdtr><CdtrAcct><Id><PrtryAcct><Id>23008200460591</Id></PrtryAcct></Id></CdtrAcct><Prtry><Tp>PAYPAL CODE 3702</Tp><Pty/></Prtry></RltdPties><RmtInf><Strd><RfrdDocInf><RfrdDocTp><Prtry>002</Prtry></RfrdDocTp></RfrdDocInf><AddtlRmtInf>NO REF</AddtlRmtInf></Strd><Strd><AddtlRmtInf>PAYPAL CODE 3702//PAYPAL CODE 3702</AddtlRmtInf></Strd></RmtInf><RltdDts><TxDtTm>2018-09-22T17:18:11</TxDtTm></RltdDts><AddtlTxInf>PPRD00000000APCNFY1020180922826235262</AddtlTxInf></TxDtls><AddtlNtryInf>COMPLETE//0000//003//CREDIT</AddtlNtryInf></Ntry><Ntry><Amt Ccy="GBP">100.00</Amt><CdtDbtInd>CRDT</CdtDbtInd><Sts>BOOK</Sts><BookgDt><Dt>2018-09-24</Dt></BookgDt><BkTxCd><Prtry><Cd>SIP UKBA CR 40269</Cd></Prtry></BkTxCd><TxDtls><Refs><EndToEndId>NOREF</EndToEndId><TxId>600000000390697108</TxId></Refs><RltdPties><Dbtr><Nm>M Moyo</Nm></Dbtr><DbtrAcct><Id><PrtryAcct><Id>11075700444487</Id></PrtryAcct></Id></DbtrAcct><Cdtr><Nm>MISS GINLISA MOYO</Nm></Cdtr><CdtrAcct><Id><PrtryAcct><Id>23008200289325</Id></PrtryAcct></Id></CdtrAcct><Prtry><Tp>MUM</Tp><Pty/></Prtry></RltdPties><RmtInf><Strd><AddtlRmtInf>NO REF</AddtlRmtInf></Strd><Strd><AddtlRmtInf>M Moyo//MUM</AddtlRmtInf></Strd></RmtInf><RltdDts><TxDtTm>2018-09-22T17:18:40</TxDtTm></RltdDts><AddtlTxInf>6000000003906971081020180922826110757</AddtlTxInf></TxDtls><AddtlNtryInf>COMPLETE//0000//003//CREDIT</AddtlNtryInf></Ntry><Ntry><Amt Ccy="GBP">390.00</Amt><CdtDbtInd>CRDT</CdtDbtInd><Sts>BOOK</Sts><BookgDt><Dt>2018-09-24</Dt></BookgDt><BkTxCd><Prtry><Cd>SIP UKBA CR 40269</Cd></Prtry></BkTxCd><TxDtls><Refs><EndToEndId>NOREF</EndToEndId><TxId>48171939149429000N</TxId><Prtry><Tp>STO REF</Tp><Ref>0000</Ref></Prtry></Refs><RltdPties><Dbtr><Nm>FARTHING SM ADGD</Nm></Dbtr><DbtrAcct><Id><PrtryAcct><Id>55812600529184</Id></PrtryAcct></Id></DbtrAcct><Cdtr><Nm>MARCIA CHADWICK</Nm></Cdtr><CdtrAcct><Id><PrtryAcct><Id>23008200460498</Id></PrtryAcct></Id></CdtrAcct></RltdPties><RmtInf><Strd><AddtlRmtInf>FARTHING SM ADGD</AddtlRmtInf></Strd><Strd><AddtlRmtInf>FARTHING SM ADGD//</AddtlRmtInf></Strd></RmtInf><RltdDts><TxDtTm>2018-09-22T17:19:39</TxDtTm></RltdDts><AddtlTxInf>48171939149429000N1020180922826558126</AddtlTxInf></TxDtls><AddtlNtryInf>COMPLETE//0000//003//CREDIT</AddtlNtryInf></Ntry><Ntry><Amt Ccy="GBP">10.00</Amt><CdtDbtInd>CRDT</CdtDbtInd><Sts>BOOK</Sts><BookgDt><Dt>2018-09-24</Dt></BookgDt><BkTxCd><Prtry><Cd>SIP UKBA CR 40269</Cd></Prtry></BkTxCd><TxDtls><Refs><EndToEndId>NOREF</EndToEndId><TxId>600000000390697710</TxId></Refs><RltdPties><Dbtr><Nm>J Puca</Nm></Dbtr><DbtrAcct><Id><PrtryAcct><Id>11009312171568</Id></PrtryAcct></Id></DbtrAcct><Cdtr><Nm>MR JAMES COLEMAN</Nm></Cdtr><CdtrAcct><Id><PrtryAcct><Id>23008200076938</Id></PrtryAcct></Id></CdtrAcct><Prtry><Tp>INTERNET</Tp><Pty/></Prtry></RltdPties><RmtInf><Strd><AddtlRmtInf>NO REF</AddtlRmtInf></Strd><Strd><AddtlRmtInf>J Puca//INTERNET</AddtlRmtInf></Strd></RmtInf><RltdDts><TxDtTm>2018-09-22T17:21:38</TxDtTm></RltdDts><AddtlTxInf>6000000003906977101020180922826110093</AddtlTxInf></TxDtls><AddtlNtryInf>COMPLETE//0000//003//CREDIT</AddtlNtryInf></Ntry></Ntfctn></BkToCstmrDbtCdtNtfctnV01></Document>