<?xml version="1.0" encoding="UTF-8"?><Document xmlns:xsi="http://www.w3.org/2001/XMLSchema-instance" xmlns="urn:iso:std:iso:20022:tech:xsd:camt.054.001.01"><BkToCstmrDbtCdtNtfctnV01><GrpHdr><MsgId>80309K//13433</MsgId><CreDtTm>2018-09-28T06:00:00</CreDtTm></GrpHdr><Ntfctn><Id>80309K//13433//1</Id><CreDtTm>2018-09-28T06:00:00</CreDtTm><Acct><Id><PrtryAcct><Id>20594233939774</Id></PrtryAcct></Id><Ccy>GBP</Ccy></Acct><TxsSummry><TtlNtries><NbOfNtries>5</NbOfNtries><Sum>759.34</Sum></TtlNtries><TtlCdtNtries><NbOfNtries>5</NbOfNtries><Sum>759.34</Sum></TtlCdtNtries><TtlDbtNtries><NbOfNtries>0</NbOfNtries><Sum>0.00</Sum></TtlDbtNtries></TxsSummry><Ntry><Amt Ccy="GBP">174.48</Amt><CdtDbtInd>CRDT</CdtDbtInd><Sts>BOOK</Sts><BookgDt><Dt>2018-09-28</Dt></BookgDt><BkTxCd><Prtry><Cd>FDP UKBA CR 40269</Cd></Prtry></BkTxCd><TxDtls><Refs><EndToEndId>26231</EndToEndId><TxId>MF046339613BDEBC00</TxId></Refs><RltdPties><Dbtr><Nm>WORLDWIDE ADMIN SOL</Nm></Dbtr><DbtrAcct><Id><PrtryAcct><Id>20656803563456</Id></PrtryAcct></Id></DbtrAcct><Cdtr><Nm>A N ANDRAS</Nm></Cdtr><CdtrAcct><Id><PrtryAcct><Id>23008200423900</Id></PrtryAcct></Id></CdtrAcct><Prtry><Tp>26231</Tp><Pty/></Prtry></RltdPties><RmtInf><Strd><RfrdDocInf><RfrdDocTp><Prtry>002</Prtry></RfrdDocTp></RfrdDocInf><AddtlRmtInf>NO REF</AddtlRmtInf></Strd><Strd><AddtlRmtInf>WORLDWIDE ADMIN SO//26231</AddtlRmtInf></Strd></RmtInf><RltdDts><TxDtTm>2018-09-28T05:31:47</TxDtTm></RltdDts><AddtlTxInf>MF046339613BDEBC004020180928826200000</AddtlTxInf></TxDtls><AddtlNtryInf>COMPLETE//0000//003//CREDIT</AddtlNtryInf></Ntry><Ntry><Amt Ccy="GBP">174.48</Amt><CdtDbtInd>CRDT</CdtDbtInd><Sts>BOOK</Sts><BookgDt><Dt>2018-09-28</Dt></BookgDt><BkTxCd><Prtry><Cd>FDP UKBA CR 40269</Cd></Prtry></BkTxCd><TxDtls><Refs><EndToEndId>26232</EndToEndId><TxId>MF040039613BDEBC00</TxId></Refs><RltdPties><Dbtr><Nm>WORLDWIDE ADMIN SOL</Nm></Dbtr><DbtrAcct><Id><PrtryAcct><Id>20656803563456</Id></PrtryAcct></Id></DbtrAcct><Cdtr><Nm>A V MUNTEANU</Nm></Cdtr><CdtrAcct><Id><PrtryAcct><Id>23008200423900</Id></PrtryAcct></Id></CdtrAcct><Prtry><Tp>26232</Tp><Pty/></Prtry></RltdPties><RmtInf><Strd><RfrdDocInf><RfrdDocTp><Prtry>002</Prtry></RfrdDocTp></RfrdDocInf><AddtlRmtInf>NO REF</AddtlRmtInf></Strd><Strd><AddtlRmtInf>WORLDWIDE ADMIN SO//26232</AddtlRmtInf></Strd></RmtInf><RltdDts><TxDtTm>2018-09-28T05:39:00</TxDtTm></RltdDts><AddtlTxInf>MF040039613BDEBC004020180928826200000</AddtlTxInf></TxDtls><AddtlNtryInf>COMPLETE//0000//003//CREDIT</AddtlNtryInf></Ntry><Ntry><Amt Ccy="GBP">270.38</Amt><CdtDbtInd>CRDT</CdtDbtInd><Sts>BOOK</Sts><BookgDt><Dt>2018-09-28</Dt></BookgDt><BkTxCd><Prtry><Cd>FDP UKBA CR 40269</Cd></Prtry></BkTxCd><TxDtls><Refs><EndToEndId>Worldwide Admin So</EndToEndId><TxId>MF011539613B2E1C00</TxId></Refs><RltdPties><Dbtr><Nm>WORLDWIDE ADMIN SOL</Nm></Dbtr><DbtrAcct><Id><PrtryAcct><Id>20656803563456</Id></PrtryAcct></Id></DbtrAcct><Cdtr><Nm>MR EDVARD MILER</Nm></Cdtr><CdtrAcct><Id><PrtryAcct><Id>23008200105961</Id></PrtryAcct></Id></CdtrAcct><Prtry><Tp>Worldwide Admin So</Tp><Pty/></Prtry></RltdPties><RmtInf><Strd><RfrdDocInf><RfrdDocTp><Prtry>002</Prtry></RfrdDocTp></RfrdDocInf><AddtlRmtInf>NO REF</AddtlRmtInf></Strd><Strd><AddtlRmtInf>WORLDWIDE ADMIN SO//Worldwide Admin So</AddtlRmtInf></Strd></RmtInf><RltdDts><TxDtTm>2018-09-28T05:39:12</TxDtTm></RltdDts><AddtlTxInf>MF011539613B2E1C004020180928826200000</AddtlTxInf></TxDtls><AddtlNtryInf>COMPLETE//0000//003//CREDIT</AddtlNtryInf></Ntry><Ntry><Amt Ccy="GBP">130.00</Amt><CdtDbtInd>CRDT</CdtDbtInd><Sts>BOOK</Sts><BookgDt><Dt>2018-09-28</Dt></BookgDt><BkTxCd><Prtry><Cd>SIP UKBA CR 40269</Cd></Prtry></BkTxCd><TxDtls><Refs><EndToEndId>NOREF</EndToEndId><TxId>200000000391043398</TxId></Refs><RltdPties><Dbtr><Nm>E Solidoro</Nm></Dbtr><DbtrAcct><Id><PrtryAcct><Id>30996431562160</Id></PrtryAcct></Id></DbtrAcct><Cdtr><Nm>ENZO SOLIDORO</Nm></Cdtr><CdtrAcct><Id><PrtryAcct><Id>23008200136154</Id></PrtryAcct></Id></CdtrAcct><Prtry><Tp>BILL</Tp><Pty/></Prtry></RltdPties><RmtInf><Strd><AddtlRmtInf>NO REF</AddtlRmtInf></Strd><Strd><AddtlRmtInf>E Solidoro//BILL</AddtlRmtInf></Strd></RmtInf><RltdDts><TxDtTm>2018-09-28T05:49:23</TxDtTm></RltdDts><AddtlTxInf>2000000003910433981020180928826309964</AddtlTxInf></TxDtls><AddtlNtryInf>COMPLETE//0000//003//CREDIT</AddtlNtryInf></Ntry><Ntry><Amt Ccy="GBP">10.00</Amt><CdtDbtInd>CRDT</CdtDbtInd><Sts>BOOK</Sts><BookgDt><Dt>2018-09-28</Dt></BookgDt><BkTxCd><Prtry><Cd>SIP UKBA CR 40269</Cd></Prtry></BkTxCd><TxDtls><Refs><EndToEndId>NOREF</EndToEndId><TxId>437465429450829001</TxId><Prtry><Tp>STO REF</Tp><Ref>0000</Ref></Prtry></Refs><RltdPties><Dbtr><Nm>NZIAMB</Nm></Dbtr><DbtrAcct><Id><PrtryAcct><Id>40063271717472</Id></PrtryAcct></Id></DbtrAcct><Cdtr><Nm>Geibin S</Nm></Cdtr><CdtrAcct><Id><PrtryAcct><Id>23008200206716</Id></PrtryAcct></Id></CdtrAcct><Prtry><Tp>Money owned</Tp><Pty/></Prtry></RltdPties><RmtInf><Strd><AddtlRmtInf>NO REF</AddtlRmtInf></Strd><Strd><AddtlRmtInf>NZIAMB//Money owned</AddtlRmtInf></Strd></RmtInf><RltdDts><TxDtTm>2018-09-28T05:49:24</TxDtTm></RltdDts><AddtlTxInf>4374654294508290011020180928826400632</AddtlTxInf></TxDtls><AddtlNtryInf>COMPLETE//0000//003//CREDIT</AddtlNtryInf></Ntry></Ntfctn></BkToCstmrDbtCdtNtfctnV01></Document>