<?xml version="1.0" encoding="UTF-8"?><Document xmlns:xsi="http://www.w3.org/2001/XMLSchema-instance" xmlns="urn:iso:std:iso:20022:tech:xsd:camt.054.001.01"><BkToCstmrDbtCdtNtfctnV01><GrpHdr><MsgId>80309K//13203</MsgId><CreDtTm>2018-09-22T22:00:00</CreDtTm></GrpHdr><Ntfctn><Id>80309K//13203//1</Id><CreDtTm>2018-09-22T22:00:00</CreDtTm><Acct><Id><PrtryAcct><Id>20594233939774</Id></PrtryAcct></Id><Ccy>GBP</Ccy></Acct><TxsSummry><TtlNtries><NbOfNtries>3</NbOfNtries><Sum>156.50</Sum></TtlNtries><TtlCdtNtries><NbOfNtries>3</NbOfNtries><Sum>156.50</Sum></TtlCdtNtries><TtlDbtNtries><NbOfNtries>0</NbOfNtries><Sum>0.00</Sum></TtlDbtNtries></TxsSummry><Ntry><Amt Ccy="GBP">100.00</Amt><CdtDbtInd>CRDT</CdtDbtInd><Sts>BOOK</Sts><BookgDt><Dt>2018-09-24</Dt></BookgDt><BkTxCd><Prtry><Cd>SIP UKBA CR 40269</Cd></Prtry></BkTxCd><TxDtls><Refs><EndToEndId>G</EndToEndId><TxId>48213323401423000R</TxId><Prtry><Tp>STO REF</Tp><Ref>0000</Ref></Prtry></Refs><RltdPties><Dbtr><Nm>CORKERRY LP</Nm></Dbtr><DbtrAcct><Id><PrtryAcct><Id>16172610932105</Id></PrtryAcct></Id></DbtrAcct><Cdtr><Nm>MR ANDREW WARREN</Nm></Cdtr><CdtrAcct><Id><PrtryAcct><Id>23008200381285</Id></PrtryAcct></Id></CdtrAcct><Prtry><Tp>G</Tp><Pty/></Prtry></RltdPties><RmtInf><Strd><AddtlRmtInf>CORKERRY LP       G                 VIA MOBILE - LVP</AddtlRmtInf></Strd><Strd><AddtlRmtInf>CORKERRY LP//G</AddtlRmtInf></Strd></RmtInf><RltdDts><TxDtTm>2018-09-22T21:33:23</TxDtTm></RltdDts><AddtlTxInf>48213323401423000R1020180922826161726</AddtlTxInf></TxDtls><AddtlNtryInf>COMPLETE//0000//003//CREDIT</AddtlNtryInf></Ntry><Ntry><Amt Ccy="GBP">50.00</Amt><CdtDbtInd>CRDT</CdtDbtInd><Sts>BOOK</Sts><BookgDt><Dt>2018-09-24</Dt></BookgDt><BkTxCd><Prtry><Cd>SIP UKBA CR 40269</Cd></Prtry></BkTxCd><TxDtls><Refs><EndToEndId>NOREF</EndToEndId><TxId>180922213903002468</TxId></Refs><RltdPties><Dbtr><Nm>Christina Caudwell</Nm></Dbtr><DbtrAcct><Id><PrtryAcct><Id>77711654877260</Id></PrtryAcct></Id></DbtrAcct><Cdtr><Nm>Paul jones</Nm></Cdtr><CdtrAcct><Id><PrtryAcct><Id>23008200461106</Id></PrtryAcct></Id></CdtrAcct><Prtry><Tp>Tattershall lakes</Tp><Pty/></Prtry></RltdPties><RmtInf><Strd><AddtlRmtInf>NO REF</AddtlRmtInf></Strd><Strd><AddtlRmtInf>Christina Caudwell//Tattershall lakes</AddtlRmtInf></Strd></RmtInf><RltdDts><TxDtTm>2018-09-22T21:39:00</TxDtTm></RltdDts><AddtlTxInf>1809222139030024681020180922826777116</AddtlTxInf></TxDtls><AddtlNtryInf>COMPLETE//0000//003//CREDIT</AddtlNtryInf></Ntry><Ntry><Amt Ccy="GBP">6.50</Amt><CdtDbtInd>CRDT</CdtDbtInd><Sts>BOOK</Sts><BookgDt><Dt>2018-09-24</Dt></BookgDt><BkTxCd><Prtry><Cd>SIP UKBA CR 40269</Cd></Prtry></BkTxCd><TxDtls><Refs><EndToEndId>NOREF</EndToEndId><TxId>YBBPI2151302366836</TxId></Refs><RltdPties><Dbtr><Nm>MAEDA AHMAD</Nm></Dbtr><DbtrAcct><Id><PrtryAcct><Id>05000503395865</Id></PrtryAcct></Id></DbtrAcct><Cdtr><Nm>Muz</Nm></Cdtr><CdtrAcct><Id><PrtryAcct><Id>23008200109869</Id></PrtryAcct></Id></CdtrAcct><Prtry><Tp>Ticket</Tp><Pty/></Prtry></RltdPties><RmtInf><Strd><RfrdDocInf><RfrdDocTp><Prtry>002</Prtry></RfrdDocTp></RfrdDocInf><AddtlRmtInf>NO REF</AddtlRmtInf></Strd><Strd><AddtlRmtInf>MAEDA AHMAD//Ticket</AddtlRmtInf></Strd></RmtInf><RltdDts><TxDtTm>2018-09-22T21:51:31</TxDtTm></RltdDts><AddtlTxInf>YBBPI21513023668361020180922826050005</AddtlTxInf></TxDtls><AddtlNtryInf>COMPLETE//0000//003//CREDIT</AddtlNtryInf></Ntry></Ntfctn></BkToCstmrDbtCdtNtfctnV01></Document>