<?xml version="1.0" encoding="UTF-8"?><Document xmlns:xsi="http://www.w3.org/2001/XMLSchema-instance" xmlns="urn:iso:std:iso:20022:tech:xsd:camt.054.001.01"><BkToCstmrDbtCdtNtfctnV01><GrpHdr><MsgId>80309K//13386</MsgId><CreDtTm>2018-09-27T06:00:00</CreDtTm></GrpHdr><Ntfctn><Id>80309K//13386//1</Id><CreDtTm>2018-09-27T06:00:00</CreDtTm><Acct><Id><PrtryAcct><Id>20594233939774</Id></PrtryAcct></Id><Ccy>GBP</Ccy></Acct><TxsSummry><TtlNtries><NbOfNtries>1</NbOfNtries><Sum>150.00</Sum></TtlNtries><TtlCdtNtries><NbOfNtries>1</NbOfNtries><Sum>150.00</Sum></TtlCdtNtries><TtlDbtNtries><NbOfNtries>0</NbOfNtries><Sum>0.00</Sum></TtlDbtNtries></TxsSummry><Ntry><Amt Ccy="GBP">150.00</Amt><CdtDbtInd>CRDT</CdtDbtInd><Sts>BOOK</Sts><BookgDt><Dt>2018-09-27</Dt></BookgDt><BkTxCd><Prtry><Cd>SIP UKBA CR 40269</Cd></Prtry></BkTxCd><TxDtls><Refs><EndToEndId>NOREF</EndToEndId><TxId>200000000390572804</TxId></Refs><RltdPties><Dbtr><Nm>T Harland</Nm></Dbtr><DbtrAcct><Id><PrtryAcct><Id>11055111620867</Id></PrtryAcct></Id></DbtrAcct><Cdtr><Nm>MRS TRACEY HARLAND</Nm></Cdtr><CdtrAcct><Id><PrtryAcct><Id>23008200328937</Id></PrtryAcct></Id></CdtrAcct><Prtry><Tp>MY MONEY</Tp><Pty/></Prtry></RltdPties><RmtInf><Strd><AddtlRmtInf>NO REF</AddtlRmtInf></Strd><Strd><AddtlRmtInf>T Harland//MY MONEY</AddtlRmtInf></Strd></RmtInf><RltdDts><TxDtTm>2018-09-27T05:43:00</TxDtTm></RltdDts><AddtlTxInf>2000000003905728041020180927826110551</AddtlTxInf></TxDtls><AddtlNtryInf>COMPLETE//0000//003//CREDIT</AddtlNtryInf></Ntry></Ntfctn></BkToCstmrDbtCdtNtfctnV01></Document>