<?xml version="1.0" encoding="UTF-8"?><Document xmlns:xsi="http://www.w3.org/2001/XMLSchema-instance" xmlns="urn:iso:std:iso:20022:tech:xsd:camt.054.001.01"><BkToCstmrDbtCdtNtfctnV01><GrpHdr><MsgId>80309K//12484</MsgId><CreDtTm>2018-09-06T06:00:00</CreDtTm></GrpHdr><Ntfctn><Id>80309K//12484//1</Id><CreDtTm>2018-09-06T06:00:00</CreDtTm><Acct><Id><PrtryAcct><Id>20594233939774</Id></PrtryAcct></Id><Ccy>GBP</Ccy></Acct><TxsSummry><TtlNtries><NbOfNtries>2</NbOfNtries><Sum>32.31</Sum></TtlNtries><TtlCdtNtries><NbOfNtries>2</NbOfNtries><Sum>32.31</Sum></TtlCdtNtries><TtlDbtNtries><NbOfNtries>0</NbOfNtries><Sum>0.00</Sum></TtlDbtNtries></TxsSummry><Ntry><Amt Ccy="GBP">2.31</Amt><CdtDbtInd>CRDT</CdtDbtInd><Sts>BOOK</Sts><BookgDt><Dt>2018-09-06</Dt></BookgDt><BkTxCd><Prtry><Cd>SIP UKBA CR 40269</Cd></Prtry></BkTxCd><TxDtls><Refs><EndToEndId>00153425632BVXCJMZ</EndToEndId><TxId>00153425632BVXCJMZ</TxId></Refs><RltdPties><Dbtr><Nm>CATHAL BROWNE</Nm></Dbtr><DbtrAcct><Id><PrtryAcct><Id>09012915353076</Id></PrtryAcct></Id></DbtrAcct><Cdtr><Nm>MR CATHAL BROWNE</Nm></Cdtr><CdtrAcct><Id><PrtryAcct><Id>23008200073589</Id></PrtryAcct></Id></CdtrAcct><Prtry><Tp>cash</Tp><Pty/></Prtry></RltdPties><RmtInf><Strd><AddtlRmtInf>NO REF</AddtlRmtInf></Strd><Strd><AddtlRmtInf>CATHAL BROWNE//cash</AddtlRmtInf></Strd></RmtInf><RltdDts><TxDtTm>2018-09-06T05:41:04</TxDtTm></RltdDts><AddtlTxInf>00153425632BVXCJMZ1020180906826090129</AddtlTxInf></TxDtls><AddtlNtryInf>COMPLETE//0000//003//CREDIT</AddtlNtryInf></Ntry><Ntry><Amt Ccy="GBP">30.00</Amt><CdtDbtInd>CRDT</CdtDbtInd><Sts>BOOK</Sts><BookgDt><Dt>2018-09-06</Dt></BookgDt><BkTxCd><Prtry><Cd>SIP UKBA CR 40269</Cd></Prtry></BkTxCd><TxDtls><Refs><EndToEndId>PPWD00000000AL5TQA</EndToEndId><TxId>PPWD00000000AL5TQA</TxId></Refs><RltdPties><Dbtr><Nm>PayPal</Nm><PstlAdr><AdrLine>2211 N 1st Street San Jose CA 95131</AdrLine><Ctry/></PstlAdr></Dbtr><DbtrAcct><Id><PrtryAcct><Id>23526278959595</Id></PrtryAcct></Id></DbtrAcct><Cdtr><Nm>shaun rowley</Nm><PstlAdr><AdrLine>18 Chaucer Road</AdrLine><Ctry/></PstlAdr></Cdtr><CdtrAcct><Id><PrtryAcct><Id>23008200195443</Id></PrtryAcct></Id></CdtrAcct><Prtry><Tp>PPWDL5RP22AKTF7ME6</Tp><Pty/></Prtry></RltdPties><RmtInf><Strd><RfrdDocInf><RfrdDocTp><Prtry>002</Prtry></RfrdDocTp></RfrdDocInf><AddtlRmtInf>NO REF</AddtlRmtInf></Strd><Strd><AddtlRmtInf>PayPal//PPWDL5RP22AKTF7ME6</AddtlRmtInf></Strd></RmtInf><RltdDts><TxDtTm>2018-09-06T05:55:30</TxDtTm></RltdDts><AddtlTxInf>PPWD00000000AL5TQA1020180906826235262</AddtlTxInf></TxDtls><AddtlNtryInf>COMPLETE//0000//003//CREDIT</AddtlNtryInf></Ntry></Ntfctn></BkToCstmrDbtCdtNtfctnV01></Document>