<?xml version="1.0" encoding="UTF-8"?><Document xmlns:xsi="http://www.w3.org/2001/XMLSchema-instance" xmlns="urn:iso:std:iso:20022:tech:xsd:camt.054.001.01"><BkToCstmrDbtCdtNtfctnV01><GrpHdr><MsgId>80309K//12976</MsgId><CreDtTm>2018-09-17T17:30:00</CreDtTm></GrpHdr><Ntfctn><Id>80309K//12976//1</Id><CreDtTm>2018-09-17T17:30:00</CreDtTm><Acct><Id><PrtryAcct><Id>20594233939774</Id></PrtryAcct></Id><Ccy>GBP</Ccy></Acct><TxsSummry><TtlNtries><NbOfNtries>5</NbOfNtries><Sum>559.70</Sum></TtlNtries><TtlCdtNtries><NbOfNtries>5</NbOfNtries><Sum>559.70</Sum></TtlCdtNtries><TtlDbtNtries><NbOfNtries>0</NbOfNtries><Sum>0.00</Sum></TtlDbtNtries></TxsSummry><Ntry><Amt Ccy="GBP">300.00</Amt><CdtDbtInd>CRDT</CdtDbtInd><Sts>BOOK</Sts><BookgDt><Dt>2018-09-17</Dt></BookgDt><BkTxCd><Prtry><Cd>SIP UKBA CR 40269</Cd></Prtry></BkTxCd><TxDtls><Refs><EndToEndId>NOREF</EndToEndId><TxId>400000000394333876</TxId></Refs><RltdPties><Dbtr><Nm>A Cobzaru</Nm></Dbtr><DbtrAcct><Id><PrtryAcct><Id>77915614276163</Id></PrtryAcct></Id></DbtrAcct><Cdtr><Nm>MR NEAGU A MARIAN</Nm></Cdtr><CdtrAcct><Id><PrtryAcct><Id>23008200166073</Id></PrtryAcct></Id></CdtrAcct><Prtry><Tp>PEYMENT</Tp><Pty/></Prtry></RltdPties><RmtInf><Strd><AddtlRmtInf>NO REF</AddtlRmtInf></Strd><Strd><AddtlRmtInf>A Cobzaru//PEYMENT</AddtlRmtInf></Strd></RmtInf><RltdDts><TxDtTm>2018-09-17T17:01:58</TxDtTm></RltdDts><AddtlTxInf>4000000003943338761020180917826779156</AddtlTxInf></TxDtls><AddtlNtryInf>COMPLETE//0000//003//CREDIT</AddtlNtryInf></Ntry><Ntry><Amt Ccy="GBP">10.00</Amt><CdtDbtInd>CRDT</CdtDbtInd><Sts>BOOK</Sts><BookgDt><Dt>2018-09-17</Dt></BookgDt><BkTxCd><Prtry><Cd>SIP UKBA CR 40269</Cd></Prtry></BkTxCd><TxDtls><Refs><EndToEndId>NOREF</EndToEndId><TxId>RP4679961602787700</TxId></Refs><RltdPties><Dbtr><Nm>WALTON NATASHA J</Nm></Dbtr><DbtrAcct><Id><PrtryAcct><Id>20709400636355</Id></PrtryAcct></Id></DbtrAcct><Cdtr><Nm>MY ARROR</Nm></Cdtr><CdtrAcct><Id><PrtryAcct><Id>23008200109684</Id></PrtryAcct></Id></CdtrAcct><Prtry><Tp>TASH</Tp><Pty/></Prtry></RltdPties><RmtInf><Strd><AddtlRmtInf>NO REF</AddtlRmtInf></Strd><Strd><AddtlRmtInf>WALTON NATASHA J//TASH</AddtlRmtInf></Strd></RmtInf><RltdDts><TxDtTm>2018-09-17T17:08:36</TxDtTm></RltdDts><AddtlTxInf>RP46799616027877001020180917826200026</AddtlTxInf></TxDtls><AddtlNtryInf>COMPLETE//0000//003//CREDIT</AddtlNtryInf></Ntry><Ntry><Amt Ccy="GBP">146.20</Amt><CdtDbtInd>CRDT</CdtDbtInd><Sts>BOOK</Sts><BookgDt><Dt>2018-09-17</Dt></BookgDt><BkTxCd><Prtry><Cd>SIP UKBA CR 40269</Cd></Prtry></BkTxCd><TxDtls><Refs><EndToEndId>NOREF</EndToEndId><TxId>37172139635756000N</TxId><Prtry><Tp>STO REF</Tp><Ref>0000</Ref></Prtry></Refs><RltdPties><Dbtr><Nm>DWP GB FP LP FUNDI</Nm></Dbtr><DbtrAcct><Id><PrtryAcct><Id>60708010028668</Id></PrtryAcct></Id></DbtrAcct><Cdtr><Nm>MR ROBERT SPENCER</Nm></Cdtr><CdtrAcct><Id><PrtryAcct><Id>23008200168931</Id></PrtryAcct></Id></CdtrAcct><Prtry><Tp>YZ176444B DWP JSA</Tp><Pty/></Prtry></RltdPties><RmtInf><Strd><AddtlRmtInf>YZ176444B DWP JSA</AddtlRmtInf></Strd><Strd><AddtlRmtInf>DWP GB FP LP FUNDI//YZ176444B DWP JSA</AddtlRmtInf></Strd></RmtInf><RltdDts><TxDtTm>2018-09-17T17:21:40</TxDtTm></RltdDts><AddtlTxInf>37172139635756000N1020180917826607080</AddtlTxInf></TxDtls><AddtlNtryInf>COMPLETE//0000//003//CREDIT</AddtlNtryInf></Ntry><Ntry><Amt Ccy="GBP">100.50</Amt><CdtDbtInd>CRDT</CdtDbtInd><Sts>BOOK</Sts><BookgDt><Dt>2018-09-17</Dt></BookgDt><BkTxCd><Prtry><Cd>SIP UKBA CR 40269</Cd></Prtry></BkTxCd><TxDtls><Refs><EndToEndId>NOREF</EndToEndId><TxId>RP4659984742774300</TxId></Refs><RltdPties><Dbtr><Nm>USEDCAR4LESS LTD</Nm></Dbtr><DbtrAcct><Id><PrtryAcct><Id>20184713818381</Id></PrtryAcct></Id></DbtrAcct><Cdtr><Nm>HILL SIDE GARAGE B</Nm></Cdtr><CdtrAcct><Id><PrtryAcct><Id>23008200043324</Id></PrtryAcct></Id></CdtrAcct><Prtry><Tp>USEDCARS4LESS</Tp><Pty/></Prtry></RltdPties><RmtInf><Strd><AddtlRmtInf>NO REF</AddtlRmtInf></Strd><Strd><AddtlRmtInf>USEDCAR4LESS LTD//USEDCARS4LESS</AddtlRmtInf></Strd></RmtInf><RltdDts><TxDtTm>2018-09-17T17:22:31</TxDtTm></RltdDts><AddtlTxInf>RP46599847427743001020180917826200026</AddtlTxInf></TxDtls><AddtlNtryInf>COMPLETE//0000//003//CREDIT</AddtlNtryInf></Ntry><Ntry><Amt Ccy="GBP">3.00</Amt><CdtDbtInd>CRDT</CdtDbtInd><Sts>BOOK</Sts><BookgDt><Dt>2018-09-17</Dt></BookgDt><BkTxCd><Prtry><Cd>DCA UKBA CR 40269</Cd></Prtry></BkTxCd><TxDtls><Refs><EndToEndId>NOREF</EndToEndId><TxId>000000013589373301</TxId><Prtry><Tp>STO REF</Tp><Ref>1484</Ref></Prtry></Refs><RltdPties><Dbtr><Nm>T WILLIAMS</Nm></Dbtr><DbtrAcct><Id><PrtryAcct><Id>20035373152596</Id></PrtryAcct></Id></DbtrAcct><Cdtr><Nm>TREMAYNE ARRO</Nm></Cdtr><CdtrAcct><Id><PrtryAcct><Id>23008200086498</Id></PrtryAcct></Id></CdtrAcct><Prtry><Tp>TREMAYNE ARRO</Tp><Pty/></Prtry></RltdPties><RmtInf><Strd><AddtlRmtInf>NO REF</AddtlRmtInf></Strd><Strd><AddtlRmtInf>T WILLIAMS//TREMAYNE ARRO</AddtlRmtInf></Strd></RmtInf><RltdDts><TxDtTm>2018-09-17T17:22:33</TxDtTm></RltdDts><AddtlTxInf>0000000135893733015020180917826200353</AddtlTxInf></TxDtls><AddtlNtryInf>COMPLETE//0000//003//CREDIT</AddtlNtryInf></Ntry></Ntfctn></BkToCstmrDbtCdtNtfctnV01></Document>