<?xml version="1.0" encoding="UTF-8"?><Document xmlns:xsi="http://www.w3.org/2001/XMLSchema-instance" xmlns="urn:iso:std:iso:20022:tech:xsd:camt.054.001.01"><BkToCstmrDbtCdtNtfctnV01><GrpHdr><MsgId>80309K//13275</MsgId><CreDtTm>2018-09-24T17:00:00</CreDtTm></GrpHdr><Ntfctn><Id>80309K//13275//1</Id><CreDtTm>2018-09-24T17:00:00</CreDtTm><Acct><Id><PrtryAcct><Id>20594233939774</Id></PrtryAcct></Id><Ccy>GBP</Ccy></Acct><TxsSummry><TtlNtries><NbOfNtries>16</NbOfNtries><Sum>2523.58</Sum></TtlNtries><TtlCdtNtries><NbOfNtries>16</NbOfNtries><Sum>2523.58</Sum></TtlCdtNtries><TtlDbtNtries><NbOfNtries>0</NbOfNtries><Sum>0.00</Sum></TtlDbtNtries></TxsSummry><Ntry><Amt Ccy="GBP">80.00</Amt><CdtDbtInd>CRDT</CdtDbtInd><Sts>BOOK</Sts><BookgDt><Dt>2018-09-24</Dt></BookgDt><BkTxCd><Prtry><Cd>SIP UKBA CR 40269</Cd></Prtry></BkTxCd><TxDtls><Refs><EndToEndId>TRACY THOMAS</EndToEndId><TxId>61163446981312000N</TxId><Prtry><Tp>STO REF</Tp><Ref>0000</Ref></Prtry></Refs><RltdPties><Dbtr><Nm>THOMAS A &amp; T</Nm></Dbtr><DbtrAcct><Id><PrtryAcct><Id>54300131642454</Id></PrtryAcct></Id></DbtrAcct><Cdtr><Nm>BAEMMS</Nm></Cdtr><CdtrAcct><Id><PrtryAcct><Id>23008200223303</Id></PrtryAcct></Id></CdtrAcct><Prtry><Tp>TRACY THOMAS</Tp><Pty/></Prtry></RltdPties><RmtInf><Strd><AddtlRmtInf>THOMAS A &amp; T      TRACY THOMAS      VIA MOBILE - LVP</AddtlRmtInf></Strd><Strd><AddtlRmtInf>THOMAS A &amp; T//TRACY THOMAS</AddtlRmtInf></Strd></RmtInf><RltdDts><TxDtTm>2018-09-24T16:34:47</TxDtTm></RltdDts><AddtlTxInf>61163446981312000N1020180924826543001</AddtlTxInf></TxDtls><AddtlNtryInf>COMPLETE//0000//002//CREDIT</AddtlNtryInf></Ntry><Ntry><Amt Ccy="GBP">252.42</Amt><CdtDbtInd>CRDT</CdtDbtInd><Sts>BOOK</Sts><BookgDt><Dt>2018-09-24</Dt></BookgDt><BkTxCd><Prtry><Cd>SIP UKBA CR 40269</Cd></Prtry></BkTxCd><TxDtls><Refs><EndToEndId>NOREF</EndToEndId><TxId>43163823757547000N</TxId><Prtry><Tp>STO REF</Tp><Ref>0000</Ref></Prtry></Refs><RltdPties><Dbtr><Nm>DWP GB FP LP FUNDI</Nm></Dbtr><DbtrAcct><Id><PrtryAcct><Id>60708010028668</Id></PrtryAcct></Id></DbtrAcct><Cdtr><Nm>SIMON CADE</Nm></Cdtr><CdtrAcct><Id><PrtryAcct><Id>23008200463403</Id></PrtryAcct></Id></CdtrAcct><Prtry><Tp>JW362146C DWP UC</Tp><Pty/></Prtry></RltdPties><RmtInf><Strd><AddtlRmtInf>JW362146C DWP UC</AddtlRmtInf></Strd><Strd><AddtlRmtInf>DWP GB FP LP FUNDI//JW362146C DWP UC</AddtlRmtInf></Strd></RmtInf><RltdDts><TxDtTm>2018-09-24T16:38:24</TxDtTm></RltdDts><AddtlTxInf>43163823757547000N1020180924826607080</AddtlTxInf></TxDtls><AddtlNtryInf>COMPLETE//0000//002//CREDIT</AddtlNtryInf></Ntry><Ntry><Amt Ccy="GBP">100.00</Amt><CdtDbtInd>CRDT</CdtDbtInd><Sts>BOOK</Sts><BookgDt><Dt>2018-09-24</Dt></BookgDt><BkTxCd><Prtry><Cd>SIP UKBA CR 40269</Cd></Prtry></BkTxCd><TxDtls><Refs><EndToEndId>NOREF</EndToEndId><TxId>200000000389777125</TxId></Refs><RltdPties><Dbtr><Nm>M Brennan</Nm></Dbtr><DbtrAcct><Id><PrtryAcct><Id>11645723220468</Id></PrtryAcct></Id></DbtrAcct><Cdtr><Nm>MARK BRENNAN</Nm></Cdtr><CdtrAcct><Id><PrtryAcct><Id>23008200403768</Id></PrtryAcct></Id></CdtrAcct></RltdPties><RmtInf><Strd><AddtlRmtInf>NO REF</AddtlRmtInf></Strd><Strd><AddtlRmtInf>M Brennan//</AddtlRmtInf></Strd></RmtInf><RltdDts><TxDtTm>2018-09-24T16:40:57</TxDtTm></RltdDts><AddtlTxInf>2000000003897771251020180924826116457</AddtlTxInf></TxDtls><AddtlNtryInf>COMPLETE//0000//002//CREDIT</AddtlNtryInf></Ntry><Ntry><Amt Ccy="GBP">40.00</Amt><CdtDbtInd>CRDT</CdtDbtInd><Sts>BOOK</Sts><BookgDt><Dt>2018-09-24</Dt></BookgDt><BkTxCd><Prtry><Cd>SIP UKBA CR 40269</Cd></Prtry></BkTxCd><TxDtls><Refs><EndToEndId>NOREF</EndToEndId><TxId>46164230413872000N</TxId><Prtry><Tp>STO REF</Tp><Ref>0000</Ref></Prtry></Refs><RltdPties><Dbtr><Nm>DWPGB UC FASTER PA</Nm></Dbtr><DbtrAcct><Id><PrtryAcct><Id>60708010025855</Id></PrtryAcct></Id></DbtrAcct><Cdtr><Nm>JESSICA HARRIS</Nm></Cdtr><CdtrAcct><Id><PrtryAcct><Id>23008200233580</Id></PrtryAcct></Id></CdtrAcct><Prtry><Tp>000R54F4W DWP UC</Tp><Pty/></Prtry></RltdPties><RmtInf><Strd><AddtlRmtInf>000R54F4W DWP UC</AddtlRmtInf></Strd><Strd><AddtlRmtInf>DWPGB UC FASTER PA//000R54F4W DWP UC</AddtlRmtInf></Strd></RmtInf><RltdDts><TxDtTm>2018-09-24T16:42:30</TxDtTm></RltdDts><AddtlTxInf>46164230413872000N1020180924826607080</AddtlTxInf></TxDtls><AddtlNtryInf>COMPLETE//0000//002//CREDIT</AddtlNtryInf></Ntry><Ntry><Amt Ccy="GBP">106.00</Amt><CdtDbtInd>CRDT</CdtDbtInd><Sts>BOOK</Sts><BookgDt><Dt>2018-09-24</Dt></BookgDt><BkTxCd><Prtry><Cd>SIP UKBA CR 40269</Cd></Prtry></BkTxCd><TxDtls><Refs><EndToEndId>PPWD00000000APTBV4</EndToEndId><TxId>PPWD00000000APTBV4</TxId></Refs><RltdPties><Dbtr><Nm>PayPal</Nm><PstlAdr><AdrLine>2211 N 1st Street San Jose CA 95131</AdrLine><Ctry/></PstlAdr></Dbtr><DbtrAcct><Id><PrtryAcct><Id>23526278959595</Id></PrtryAcct></Id></DbtrAcct><Cdtr><Nm>Andrew Webb</Nm><PstlAdr><AdrLine>63 Brookhouse Road</AdrLine><Ctry/></PstlAdr></Cdtr><CdtrAcct><Id><PrtryAcct><Id>23008200464714</Id></PrtryAcct></Id></CdtrAcct><Prtry><Tp>PPWDL55822ALBSJYH2</Tp><Pty/></Prtry></RltdPties><RmtInf><Strd><RfrdDocInf><RfrdDocTp><Prtry>002</Prtry></RfrdDocTp></RfrdDocInf><AddtlRmtInf>NO REF</AddtlRmtInf></Strd><Strd><AddtlRmtInf>PayPal//PPWDL55822ALBSJYH2</AddtlRmtInf></Strd></RmtInf><RltdDts><TxDtTm>2018-09-24T16:43:00</TxDtTm></RltdDts><AddtlTxInf>PPWD00000000APTBV41020180924826235262</AddtlTxInf></TxDtls><AddtlNtryInf>COMPLETE//0000//002//CREDIT</AddtlNtryInf></Ntry><Ntry><Amt Ccy="GBP">5.00</Amt><CdtDbtInd>CRDT</CdtDbtInd><Sts>BOOK</Sts><BookgDt><Dt>2018-09-24</Dt></BookgDt><BkTxCd><Prtry><Cd>SIP UKBA CR 40269</Cd></Prtry></BkTxCd><TxDtls><Refs><EndToEndId>Hello</EndToEndId><TxId>TW0000000040690677</TxId></Refs><RltdPties><Dbtr><Nm>Pamela Kay TW</Nm></Dbtr><DbtrAcct><Id><PrtryAcct><Id>23147043317187</Id></PrtryAcct></Id></DbtrAcct><Cdtr><Nm>Mark Dealing</Nm></Cdtr><CdtrAcct><Id><PrtryAcct><Id>23008200459566</Id></PrtryAcct></Id></CdtrAcct><Prtry><Tp>Hello</Tp><Pty/></Prtry></RltdPties><RmtInf><Strd><AddtlRmtInf>NO REF</AddtlRmtInf></Strd><Strd><AddtlRmtInf>Pamela Kay TW//Hello</AddtlRmtInf></Strd></RmtInf><RltdDts><TxDtTm>2018-09-24T16:43:05</TxDtTm></RltdDts><AddtlTxInf>TW00000000406906771020180924826231470</AddtlTxInf></TxDtls><AddtlNtryInf>COMPLETE//0000//002//CREDIT</AddtlNtryInf></Ntry><Ntry><Amt Ccy="GBP">423.89</Amt><CdtDbtInd>CRDT</CdtDbtInd><Sts>BOOK</Sts><BookgDt><Dt>2018-09-24</Dt></BookgDt><BkTxCd><Prtry><Cd>SIP UKBA CR 40269</Cd></Prtry></BkTxCd><TxDtls><Refs><EndToEndId>NOREF</EndToEndId><TxId>35164516945831000N</TxId><Prtry><Tp>STO REF</Tp><Ref>0000</Ref></Prtry></Refs><RltdPties><Dbtr><Nm>DWPGB UC FASTER PA</Nm></Dbtr><DbtrAcct><Id><PrtryAcct><Id>60708010025855</Id></PrtryAcct></Id></DbtrAcct><Cdtr><Nm>AURICA CENUSA</Nm></Cdtr><CdtrAcct><Id><PrtryAcct><Id>23008200204734</Id></PrtryAcct></Id></CdtrAcct><Prtry><Tp>000R49G95 DWP UC</Tp><Pty/></Prtry></RltdPties><RmtInf><Strd><AddtlRmtInf>000R49G95 DWP UC</AddtlRmtInf></Strd><Strd><AddtlRmtInf>DWPGB UC FASTER PA//000R49G95 DWP UC</AddtlRmtInf></Strd></RmtInf><RltdDts><TxDtTm>2018-09-24T16:45:17</TxDtTm></RltdDts><AddtlTxInf>35164516945831000N1020180924826607080</AddtlTxInf></TxDtls><AddtlNtryInf>COMPLETE//0000//002//CREDIT</AddtlNtryInf></Ntry><Ntry><Amt Ccy="GBP">147.00</Amt><CdtDbtInd>CRDT</CdtDbtInd><Sts>BOOK</Sts><BookgDt><Dt>2018-09-24</Dt></BookgDt><BkTxCd><Prtry><Cd>SIP UKBA CR 40269</Cd></Prtry></BkTxCd><TxDtls><Refs><EndToEndId>PPWD00000000APTBQ0</EndToEndId><TxId>PPWD00000000APTBQ0</TxId></Refs><RltdPties><Dbtr><Nm>PayPal</Nm><PstlAdr><AdrLine>2211 N 1st Street San Jose CA 95131</AdrLine><Ctry/></PstlAdr></Dbtr><DbtrAcct><Id><PrtryAcct><Id>23526278959595</Id></PrtryAcct></Id></DbtrAcct><Cdtr><Nm>Robert Fairbairn</Nm><PstlAdr><AdrLine>11 Gun Avenue</AdrLine><Ctry/></PstlAdr></Cdtr><CdtrAcct><Id><PrtryAcct><Id>23008200462036</Id></PrtryAcct></Id></CdtrAcct><Prtry><Tp>PPWDL4LH22ALAY8X54</Tp><Pty/></Prtry></RltdPties><RmtInf><Strd><RfrdDocInf><RfrdDocTp><Prtry>002</Prtry></RfrdDocTp></RfrdDocInf><AddtlRmtInf>NO REF</AddtlRmtInf></Strd><Strd><AddtlRmtInf>PayPal//PPWDL4LH22ALAY8X54</AddtlRmtInf></Strd></RmtInf><RltdDts><TxDtTm>2018-09-24T16:47:43</TxDtTm></RltdDts><AddtlTxInf>PPWD00000000APTBQ01020180924826235262</AddtlTxInf></TxDtls><AddtlNtryInf>COMPLETE//0000//002//CREDIT</AddtlNtryInf></Ntry><Ntry><Amt Ccy="GBP">251.77</Amt><CdtDbtInd>CRDT</CdtDbtInd><Sts>BOOK</Sts><BookgDt><Dt>2018-09-24</Dt></BookgDt><BkTxCd><Prtry><Cd>SIP UKBA CR 40269</Cd></Prtry></BkTxCd><TxDtls><Refs><EndToEndId>NOREF</EndToEndId><TxId>54165147246632000N</TxId><Prtry><Tp>STO REF</Tp><Ref>0000</Ref></Prtry></Refs><RltdPties><Dbtr><Nm>DWPGB UC FASTER PA</Nm></Dbtr><DbtrAcct><Id><PrtryAcct><Id>60708010025855</Id></PrtryAcct></Id></DbtrAcct><Cdtr><Nm>ZACHARY DEMPSTER</Nm></Cdtr><CdtrAcct><Id><PrtryAcct><Id>23008200087066</Id></PrtryAcct></Id></CdtrAcct><Prtry><Tp>000R74G1S DWP UC</Tp><Pty/></Prtry></RltdPties><RmtInf><Strd><AddtlRmtInf>000R74G1S DWP UC</AddtlRmtInf></Strd><Strd><AddtlRmtInf>DWPGB UC FASTER PA//000R74G1S DWP UC</AddtlRmtInf></Strd></RmtInf><RltdDts><TxDtTm>2018-09-24T16:51:47</TxDtTm></RltdDts><AddtlTxInf>54165147246632000N1020180924826607080</AddtlTxInf></TxDtls><AddtlNtryInf>COMPLETE//0000//002//CREDIT</AddtlNtryInf></Ntry><Ntry><Amt Ccy="GBP">150.00</Amt><CdtDbtInd>CRDT</CdtDbtInd><Sts>BOOK</Sts><BookgDt><Dt>2018-09-24</Dt></BookgDt><BkTxCd><Prtry><Cd>SIP UKBA CR 40269</Cd></Prtry></BkTxCd><TxDtls><Refs><EndToEndId>NOREF</EndToEndId><TxId>600000000391162201</TxId></Refs><RltdPties><Dbtr><Nm>V Omirinde</Nm></Dbtr><DbtrAcct><Id><PrtryAcct><Id>11059111851464</Id></PrtryAcct></Id></DbtrAcct><Cdtr><Nm>SULID EDGE TEXTILE</Nm></Cdtr><CdtrAcct><Id><PrtryAcct><Id>23008200043083</Id></PrtryAcct></Id></CdtrAcct><Prtry><Tp>SALES OF BAG</Tp><Pty/></Prtry></RltdPties><RmtInf><Strd><AddtlRmtInf>NO REF</AddtlRmtInf></Strd><Strd><AddtlRmtInf>V Omirinde//SALES OF BAG</AddtlRmtInf></Strd></RmtInf><RltdDts><TxDtTm>2018-09-24T16:52:11</TxDtTm></RltdDts><AddtlTxInf>6000000003911622011020180924826110591</AddtlTxInf></TxDtls><AddtlNtryInf>COMPLETE//0000//002//CREDIT</AddtlNtryInf></Ntry><Ntry><Amt Ccy="GBP">65.00</Amt><CdtDbtInd>CRDT</CdtDbtInd><Sts>BOOK</Sts><BookgDt><Dt>2018-09-24</Dt></BookgDt><BkTxCd><Prtry><Cd>SIP UKBA CR 40269</Cd></Prtry></BkTxCd><TxDtls><Refs><EndToEndId>NOREF</EndToEndId><TxId>RP4679962132840500</TxId></Refs><RltdPties><Dbtr><Nm>ALALI AC</Nm></Dbtr><DbtrAcct><Id><PrtryAcct><Id>20498103268845</Id></PrtryAcct></Id></DbtrAcct><Cdtr><Nm>JEDIDIAH GLOBAL LO</Nm></Cdtr><CdtrAcct><Id><PrtryAcct><Id>23008200032558</Id></PrtryAcct></Id></CdtrAcct><Prtry><Tp>ABIGAIL</Tp><Pty/></Prtry></RltdPties><RmtInf><Strd><AddtlRmtInf>NO REF</AddtlRmtInf></Strd><Strd><AddtlRmtInf>ALALI AC//ABIGAIL</AddtlRmtInf></Strd></RmtInf><RltdDts><TxDtTm>2018-09-24T16:52:41</TxDtTm></RltdDts><AddtlTxInf>RP46799621328405001020180924826200026</AddtlTxInf></TxDtls><AddtlNtryInf>COMPLETE//0000//002//CREDIT</AddtlNtryInf></Ntry><Ntry><Amt Ccy="GBP">10.00</Amt><CdtDbtInd>CRDT</CdtDbtInd><Sts>BOOK</Sts><BookgDt><Dt>2018-09-24</Dt></BookgDt><BkTxCd><Prtry><Cd>SIP UKBA CR 40269</Cd></Prtry></BkTxCd><TxDtls><Refs><EndToEndId>NOREF</EndToEndId><TxId>RP4659985221693300</TxId></Refs><RltdPties><Dbtr><Nm>HANDL H</Nm></Dbtr><DbtrAcct><Id><PrtryAcct><Id>20821340025712</Id></PrtryAcct></Id></DbtrAcct><Cdtr><Nm>AMX GLOBAL EU</Nm></Cdtr><CdtrAcct><Id><PrtryAcct><Id>23008200224939</Id></PrtryAcct></Id></CdtrAcct><Prtry><Tp>ARRO BANK H HANDL</Tp><Pty/></Prtry></RltdPties><RmtInf><Strd><AddtlRmtInf>NO REF</AddtlRmtInf></Strd><Strd><AddtlRmtInf>HANDL H//ARRO BANK H HANDL</AddtlRmtInf></Strd></RmtInf><RltdDts><TxDtTm>2018-09-24T16:55:00</TxDtTm></RltdDts><AddtlTxInf>RP46599852216933001020180924826200026</AddtlTxInf></TxDtls><AddtlNtryInf>COMPLETE//0000//002//CREDIT</AddtlNtryInf></Ntry><Ntry><Amt Ccy="GBP">70.50</Amt><CdtDbtInd>CRDT</CdtDbtInd><Sts>BOOK</Sts><BookgDt><Dt>2018-09-24</Dt></BookgDt><BkTxCd><Prtry><Cd>SIP UKBA CR 40269</Cd></Prtry></BkTxCd><TxDtls><Refs><EndToEndId>PPWD00000000APTGDW</EndToEndId><TxId>PPWD00000000APTGDW</TxId></Refs><RltdPties><Dbtr><Nm>PayPal</Nm><PstlAdr><AdrLine>2211 N 1st Street San Jose CA 95131</AdrLine><Ctry/></PstlAdr></Dbtr><DbtrAcct><Id><PrtryAcct><Id>23526278959595</Id></PrtryAcct></Id></DbtrAcct><Cdtr><Nm>shaun rowley</Nm><PstlAdr><AdrLine>18 Chaucer Road</AdrLine><Ctry/></PstlAdr></Cdtr><CdtrAcct><Id><PrtryAcct><Id>23008200195443</Id></PrtryAcct></Id></CdtrAcct><Prtry><Tp>PPWDL5RP22ALBST6WE</Tp><Pty/></Prtry></RltdPties><RmtInf><Strd><RfrdDocInf><RfrdDocTp><Prtry>002</Prtry></RfrdDocTp></RfrdDocInf><AddtlRmtInf>NO REF</AddtlRmtInf></Strd><Strd><AddtlRmtInf>PayPal//PPWDL5RP22ALBST6WE</AddtlRmtInf></Strd></RmtInf><RltdDts><TxDtTm>2018-09-24T16:55:30</TxDtTm></RltdDts><AddtlTxInf>PPWD00000000APTGDW1020180924826235262</AddtlTxInf></TxDtls><AddtlNtryInf>COMPLETE//0000//002//CREDIT</AddtlNtryInf></Ntry><Ntry><Amt Ccy="GBP">50.00</Amt><CdtDbtInd>CRDT</CdtDbtInd><Sts>BOOK</Sts><BookgDt><Dt>2018-09-24</Dt></BookgDt><BkTxCd><Prtry><Cd>SIP UKBA CR 40269</Cd></Prtry></BkTxCd><TxDtls><Refs><EndToEndId>NOREF</EndToEndId><TxId>500000000391446160</TxId></Refs><RltdPties><Dbtr><Nm>S Golding</Nm></Dbtr><DbtrAcct><Id><PrtryAcct><Id>11020110701167</Id></PrtryAcct></Id></DbtrAcct><Cdtr><Nm>SAM GOLDING</Nm></Cdtr><CdtrAcct><Id><PrtryAcct><Id>23008200077188</Id></PrtryAcct></Id></CdtrAcct><Prtry><Tp>TEST</Tp><Pty/></Prtry></RltdPties><RmtInf><Strd><AddtlRmtInf>NO REF</AddtlRmtInf></Strd><Strd><AddtlRmtInf>S Golding//TEST</AddtlRmtInf></Strd></RmtInf><RltdDts><TxDtTm>2018-09-24T16:56:37</TxDtTm></RltdDts><AddtlTxInf>5000000003914461601020180924826110201</AddtlTxInf></TxDtls><AddtlNtryInf>COMPLETE//0000//002//CREDIT</AddtlNtryInf></Ntry><Ntry><Amt Ccy="GBP">732.00</Amt><CdtDbtInd>CRDT</CdtDbtInd><Sts>BOOK</Sts><BookgDt><Dt>2018-09-24</Dt></BookgDt><BkTxCd><Prtry><Cd>SIP UKBA CR 40269</Cd></Prtry></BkTxCd><TxDtls><Refs><EndToEndId>000000FT18267DW6DN</EndToEndId><TxId>000000FT18267DW6DN</TxId></Refs><RltdPties><Dbtr><Nm>LANDMARC ENTERPRISES LIMITED</Nm><PstlAdr><AdrLine>172 GRANVILLE ROAD;LONDON</AdrLine><Ctry/></PstlAdr></Dbtr><DbtrAcct><Id><PrtryAcct><Id>23058012191731</Id></PrtryAcct></Id></DbtrAcct><Cdtr><Nm>Flight Scanners</Nm><PstlAdr><AdrLine>WIRECARD;Newcastle Upon Tyne</AdrLine><Ctry/></PstlAdr></Cdtr><CdtrAcct><Id><PrtryAcct><Id>23008200463646</Id></PrtryAcct></Id></CdtrAcct><Prtry><Tp>LAURANCE WISEPART</Tp><Pty/></Prtry></RltdPties><RmtInf><Strd><AddtlRmtInf>NO REF</AddtlRmtInf></Strd><Strd><AddtlRmtInf>LANDMARC ENTERPRIS//LAURANCE WISEPART</AddtlRmtInf></Strd></RmtInf><RltdDts><TxDtTm>2018-09-24T16:56:50</TxDtTm></RltdDts><AddtlTxInf>000000FT18267DW6DN1020180924826230580</AddtlTxInf></TxDtls><AddtlNtryInf>COMPLETE//0000//002//CREDIT</AddtlNtryInf></Ntry><Ntry><Amt Ccy="GBP">40.00</Amt><CdtDbtInd>CRDT</CdtDbtInd><Sts>BOOK</Sts><BookgDt><Dt>2018-09-24</Dt></BookgDt><BkTxCd><Prtry><Cd>SIP UKBA CR 40269</Cd></Prtry></BkTxCd><TxDtls><Refs><EndToEndId>00151822632BBJYLWR</EndToEndId><TxId>00151822632BBJYLWR</TxId></Refs><RltdPties><Dbtr><Nm>RENOIR SILVA</Nm></Dbtr><DbtrAcct><Id><PrtryAcct><Id>09012686917644</Id></PrtryAcct></Id></DbtrAcct><Cdtr><Nm>BAEMMS LTD</Nm></Cdtr><CdtrAcct><Id><PrtryAcct><Id>23008200223303</Id></PrtryAcct></Id></CdtrAcct><Prtry><Tp>Renoir</Tp><Pty/></Prtry></RltdPties><RmtInf><Strd><AddtlRmtInf>NO REF</AddtlRmtInf></Strd><Strd><AddtlRmtInf>RENOIR SILVA//Renoir</AddtlRmtInf></Strd></RmtInf><RltdDts><TxDtTm>2018-09-24T16:57:08</TxDtTm></RltdDts><AddtlTxInf>00151822632BBJYLWR1020180924826090126</AddtlTxInf></TxDtls><AddtlNtryInf>COMPLETE//0000//002//CREDIT</AddtlNtryInf></Ntry></Ntfctn></BkToCstmrDbtCdtNtfctnV01></Document>