<?xml version="1.0" encoding="UTF-8"?><Document xmlns:xsi="http://www.w3.org/2001/XMLSchema-instance" xmlns="urn:iso:std:iso:20022:tech:xsd:camt.054.001.01"><BkToCstmrDbtCdtNtfctnV01><GrpHdr><MsgId>80309K//12791</MsgId><CreDtTm>2018-09-13T10:30:00</CreDtTm></GrpHdr><Ntfctn><Id>80309K//12791//1</Id><CreDtTm>2018-09-13T10:30:00</CreDtTm><Acct><Id><PrtryAcct><Id>20594233939774</Id></PrtryAcct></Id><Ccy>GBP</Ccy></Acct><TxsSummry><TtlNtries><NbOfNtries>11</NbOfNtries><Sum>5577.70</Sum></TtlNtries><TtlCdtNtries><NbOfNtries>11</NbOfNtries><Sum>5577.70</Sum></TtlCdtNtries><TtlDbtNtries><NbOfNtries>0</NbOfNtries><Sum>0.00</Sum></TtlDbtNtries></TxsSummry><Ntry><Amt Ccy="GBP">99.00</Amt><CdtDbtInd>CRDT</CdtDbtInd><Sts>BOOK</Sts><BookgDt><Dt>2018-09-13</Dt></BookgDt><BkTxCd><Prtry><Cd>SIP UKBA CR 40269</Cd></Prtry></BkTxCd><TxDtls><Refs><EndToEndId>MIKE TURNER</EndToEndId><TxId>16100151921750000R</TxId><Prtry><Tp>STO REF</Tp><Ref>0000</Ref></Prtry></Refs><RltdPties><Dbtr><Nm>TURNER MJ/ROY GOLD</Nm></Dbtr><DbtrAcct><Id><PrtryAcct><Id>16311311787433</Id></PrtryAcct></Id></DbtrAcct><Cdtr><Nm>AMBLESIDE RACING</Nm></Cdtr><CdtrAcct><Id><PrtryAcct><Id>23008200224434</Id></PrtryAcct></Id></CdtrAcct><Prtry><Tp>MIKE TURNER</Tp><Pty/></Prtry></RltdPties><RmtInf><Strd><AddtlRmtInf>TURNER MJ/ROY GOLDMIKE TURNER       VIA MOBILE - LVP</AddtlRmtInf></Strd><Strd><AddtlRmtInf>TURNER MJ/ROY GOLD//MIKE TURNER</AddtlRmtInf></Strd></RmtInf><RltdDts><TxDtTm>2018-09-13T10:01:52</TxDtTm></RltdDts><AddtlTxInf>16100151921750000R1020180913826163113</AddtlTxInf></TxDtls><AddtlNtryInf>COMPLETE//0000//001//CREDIT</AddtlNtryInf></Ntry><Ntry><Amt Ccy="GBP">30.54</Amt><CdtDbtInd>CRDT</CdtDbtInd><Sts>BOOK</Sts><BookgDt><Dt>2018-09-13</Dt></BookgDt><BkTxCd><Prtry><Cd>SIP UKBA CR 40269</Cd></Prtry></BkTxCd><TxDtls><Refs><EndToEndId>NOREF</EndToEndId><TxId>373107952001319001</TxId><Prtry><Tp>STO REF</Tp><Ref>0000</Ref></Prtry></Refs><RltdPties><Dbtr><Nm>GLOYNE NO2</Nm></Dbtr><DbtrAcct><Id><PrtryAcct><Id>40422722056445</Id></PrtryAcct></Id></DbtrAcct><Cdtr><Nm>RP ROUSE</Nm></Cdtr><CdtrAcct><Id><PrtryAcct><Id>23008200158413</Id></PrtryAcct></Id></CdtrAcct><Prtry><Tp>53 kitchen</Tp><Pty/></Prtry></RltdPties><RmtInf><Strd><AddtlRmtInf>NO REF</AddtlRmtInf></Strd><Strd><AddtlRmtInf>GLOYNE NO2//53 kitchen</AddtlRmtInf></Strd></RmtInf><RltdDts><TxDtTm>2018-09-13T10:03:00</TxDtTm></RltdDts><AddtlTxInf>3731079520013190011020180913826404227</AddtlTxInf></TxDtls><AddtlNtryInf>COMPLETE//0000//001//CREDIT</AddtlNtryInf></Ntry><Ntry><Amt Ccy="GBP">166.52</Amt><CdtDbtInd>CRDT</CdtDbtInd><Sts>BOOK</Sts><BookgDt><Dt>2018-09-13</Dt></BookgDt><BkTxCd><Prtry><Cd>SIP UKBA CR 40269</Cd></Prtry></BkTxCd><TxDtls><Refs><EndToEndId>NOREF</EndToEndId><TxId>180913100432394071</TxId></Refs><RltdPties><Dbtr><Nm>Kerry McKenna</Nm></Dbtr><DbtrAcct><Id><PrtryAcct><Id>77481621936560</Id></PrtryAcct></Id></DbtrAcct><Cdtr><Nm>arro account</Nm></Cdtr><CdtrAcct><Id><PrtryAcct><Id>23008200075101</Id></PrtryAcct></Id></CdtrAcct></RltdPties><RmtInf><Strd><AddtlRmtInf>NO REF</AddtlRmtInf></Strd><Strd><AddtlRmtInf>Kerry McKenna//</AddtlRmtInf></Strd></RmtInf><RltdDts><TxDtTm>2018-09-13T10:04:29</TxDtTm></RltdDts><AddtlTxInf>1809131004323940711020180913826774816</AddtlTxInf></TxDtls><AddtlNtryInf>COMPLETE//0000//001//CREDIT</AddtlNtryInf></Ntry><Ntry><Amt Ccy="GBP">20.00</Amt><CdtDbtInd>CRDT</CdtDbtInd><Sts>BOOK</Sts><BookgDt><Dt>2018-09-13</Dt></BookgDt><BkTxCd><Prtry><Cd>SIP UKBA CR 40269</Cd></Prtry></BkTxCd><TxDtls><Refs><EndToEndId>NOREF</EndToEndId><TxId>600000000388037852</TxId></Refs><RltdPties><Dbtr><Nm>S Glew</Nm></Dbtr><DbtrAcct><Id><PrtryAcct><Id>11079800215623</Id></PrtryAcct></Id></DbtrAcct><Cdtr><Nm>MR S GLEW</Nm></Cdtr><CdtrAcct><Id><PrtryAcct><Id>23008200401146</Id></PrtryAcct></Id></CdtrAcct><Prtry><Tp>PAY NEW ACCOUNT</Tp><Pty/></Prtry></RltdPties><RmtInf><Strd><AddtlRmtInf>NO REF</AddtlRmtInf></Strd><Strd><AddtlRmtInf>S Glew//PAY NEW ACCOUNT</AddtlRmtInf></Strd></RmtInf><RltdDts><TxDtTm>2018-09-13T10:07:14</TxDtTm></RltdDts><AddtlTxInf>6000000003880378521020180913826110798</AddtlTxInf></TxDtls><AddtlNtryInf>COMPLETE//0000//001//CREDIT</AddtlNtryInf></Ntry><Ntry><Amt Ccy="GBP">30.00</Amt><CdtDbtInd>CRDT</CdtDbtInd><Sts>BOOK</Sts><BookgDt><Dt>2018-09-13</Dt></BookgDt><BkTxCd><Prtry><Cd>DCA UKBA CR 40269</Cd></Prtry></BkTxCd><TxDtls><Refs><EndToEndId>NOREF</EndToEndId><TxId>000000013552642901</TxId><Prtry><Tp>STO REF</Tp><Ref>0000</Ref></Prtry></Refs><RltdPties><Dbtr><Nm>23327202805474</Nm></Dbtr><DbtrAcct><Id><PrtryAcct><Id>20594263428524</Id></PrtryAcct></Id></DbtrAcct><Cdtr><Nm>ANDREW DENNIS</Nm></Cdtr><CdtrAcct><Id><PrtryAcct><Id>23008200439340</Id></PrtryAcct></Id></CdtrAcct><Prtry><Tp>TOP UP</Tp><Pty/></Prtry></RltdPties><RmtInf><Strd><AddtlRmtInf>NO REF</AddtlRmtInf></Strd><Strd><AddtlRmtInf>23327202805474//TOP UP</AddtlRmtInf></Strd></RmtInf><RltdDts><TxDtTm>2018-09-13T10:16:40</TxDtTm></RltdDts><AddtlTxInf>0000000135526429015020180913826205942</AddtlTxInf></TxDtls><AddtlNtryInf>COMPLETE//0000//001//CREDIT</AddtlNtryInf></Ntry><Ntry><Amt Ccy="GBP">4000.00</Amt><CdtDbtInd>CRDT</CdtDbtInd><Sts>BOOK</Sts><BookgDt><Dt>2018-09-13</Dt></BookgDt><BkTxCd><Prtry><Cd>SIP UKBA CR 40269</Cd></Prtry></BkTxCd><TxDtls><Refs><EndToEndId>ARRO NWA</EndToEndId><TxId>30101915829768000N</TxId><Prtry><Tp>STO REF</Tp><Ref>0000</Ref></Prtry></Refs><RltdPties><Dbtr><Nm>ADAMS MS</Nm></Dbtr><DbtrAcct><Id><PrtryAcct><Id>52303145641633</Id></PrtryAcct></Id></DbtrAcct><Cdtr><Nm>TEQHON LIMITED</Nm></Cdtr><CdtrAcct><Id><PrtryAcct><Id>23008200031784</Id></PrtryAcct></Id></CdtrAcct><Prtry><Tp>ARRO NWA</Tp><Pty/></Prtry></RltdPties><RmtInf><Strd><AddtlRmtInf>ADAMS MS          ARRO NWA          VIA ONLINE - PYMT</AddtlRmtInf></Strd><Strd><AddtlRmtInf>ADAMS MS//ARRO NWA</AddtlRmtInf></Strd></RmtInf><RltdDts><TxDtTm>2018-09-13T10:19:16</TxDtTm></RltdDts><AddtlTxInf>30101915829768000N1020180913826523031</AddtlTxInf></TxDtls><AddtlNtryInf>COMPLETE//0000//001//CREDIT</AddtlNtryInf></Ntry><Ntry><Amt Ccy="GBP">500.00</Amt><CdtDbtInd>CRDT</CdtDbtInd><Sts>BOOK</Sts><BookgDt><Dt>2018-09-13</Dt></BookgDt><BkTxCd><Prtry><Cd>SIP UKBA CR 40269</Cd></Prtry></BkTxCd><TxDtls><Refs><EndToEndId>NOREF</EndToEndId><TxId>600000000388041961</TxId></Refs><RltdPties><DbtrAcct><Id><PrtryAcct><Id>11059400309836</Id></PrtryAcct></Id></DbtrAcct><CdtrAcct><Id><PrtryAcct><Id>23008200353002</Id></PrtryAcct></Id></CdtrAcct><Prtry><Tp>M JONES</Tp><Pty/></Prtry></RltdPties><RmtInf><Strd><AddtlRmtInf>NO REF</AddtlRmtInf></Strd><Strd><AddtlRmtInf>110594 00309836//M JONES</AddtlRmtInf></Strd></RmtInf><RltdDts><TxDtTm>2018-09-13T10:23:10</TxDtTm></RltdDts><AddtlTxInf>6000000003880419611020180913826110594</AddtlTxInf></TxDtls><AddtlNtryInf>COMPLETE//0000//001//CREDIT</AddtlNtryInf></Ntry><Ntry><Amt Ccy="GBP">650.00</Amt><CdtDbtInd>CRDT</CdtDbtInd><Sts>BOOK</Sts><BookgDt><Dt>2018-09-13</Dt></BookgDt><BkTxCd><Prtry><Cd>SIP UKBA CR 40269</Cd></Prtry></BkTxCd><TxDtls><Refs><EndToEndId>NOREF</EndToEndId><TxId>PJX5HIDXP28EVM99WS</TxId></Refs><RltdPties><Dbtr><Nm>Mohammed Islam</Nm><PstlAdr><AdrLine>8 Bedford Road, RM17 6PY</AdrLine><Ctry/></PstlAdr></Dbtr><DbtrAcct><Id><PrtryAcct><Id>04000474837773</Id></PrtryAcct></Id></DbtrAcct><Cdtr><Nm>Aventus production</Nm></Cdtr><CdtrAcct><Id><PrtryAcct><Id>23008200038496</Id></PrtryAcct></Id></CdtrAcct><Prtry><Tp>Syedul Islam</Tp><Pty/></Prtry></RltdPties><RmtInf><Strd><AddtlRmtInf>NO REF</AddtlRmtInf></Strd><Strd><AddtlRmtInf>Mohammed Islam//Syedul Islam</AddtlRmtInf></Strd></RmtInf><RltdDts><TxDtTm>2018-09-13T10:25:09</TxDtTm></RltdDts><AddtlTxInf>PJX5HIDXP28EVM99WS1020180913826040004</AddtlTxInf></TxDtls><AddtlNtryInf>COMPLETE//0000//001//CREDIT</AddtlNtryInf></Ntry><Ntry><Amt Ccy="GBP">30.00</Amt><CdtDbtInd>CRDT</CdtDbtInd><Sts>BOOK</Sts><BookgDt><Dt>2018-09-13</Dt></BookgDt><BkTxCd><Prtry><Cd>SIP UKBA CR 40269</Cd></Prtry></BkTxCd><TxDtls><Refs><EndToEndId>NOREF</EndToEndId><TxId>600000000388042541</TxId></Refs><RltdPties><Dbtr><Nm>O Badmos</Nm></Dbtr><DbtrAcct><Id><PrtryAcct><Id>80471911410367</Id></PrtryAcct></Id></DbtrAcct><Cdtr><Nm>SONIAN ALLY</Nm></Cdtr><CdtrAcct><Id><PrtryAcct><Id>23008200331960</Id></PrtryAcct></Id></CdtrAcct></RltdPties><RmtInf><Strd><AddtlRmtInf>NO REF</AddtlRmtInf></Strd><Strd><AddtlRmtInf>O Badmos//</AddtlRmtInf></Strd></RmtInf><RltdDts><TxDtTm>2018-09-13T10:25:19</TxDtTm></RltdDts><AddtlTxInf>6000000003880425411020180913826804719</AddtlTxInf></TxDtls><AddtlNtryInf>COMPLETE//0000//001//CREDIT</AddtlNtryInf></Ntry><Ntry><Amt Ccy="GBP">50.00</Amt><CdtDbtInd>CRDT</CdtDbtInd><Sts>BOOK</Sts><BookgDt><Dt>2018-09-13</Dt></BookgDt><BkTxCd><Prtry><Cd>SIP UKBA CR 40269</Cd></Prtry></BkTxCd><TxDtls><Refs><EndToEndId>NOREF</EndToEndId><TxId>546053137201319001</TxId><Prtry><Tp>STO REF</Tp><Ref>0000</Ref></Prtry></Refs><RltdPties><Dbtr><Nm>ALLI O</Nm></Dbtr><DbtrAcct><Id><PrtryAcct><Id>40073072332736</Id></PrtryAcct></Id></DbtrAcct><Cdtr><Nm>O Alli</Nm></Cdtr><CdtrAcct><Id><PrtryAcct><Id>23008200081268</Id></PrtryAcct></Id></CdtrAcct><Prtry><Tp>Arro</Tp><Pty/></Prtry></RltdPties><RmtInf><Strd><AddtlRmtInf>NO REF</AddtlRmtInf></Strd><Strd><AddtlRmtInf>ALLI O//Arro</AddtlRmtInf></Strd></RmtInf><RltdDts><TxDtTm>2018-09-13T10:27:31</TxDtTm></RltdDts><AddtlTxInf>5460531372013190011020180913826400730</AddtlTxInf></TxDtls><AddtlNtryInf>COMPLETE//0000//001//CREDIT</AddtlNtryInf></Ntry><Ntry><Amt Ccy="GBP">1.64</Amt><CdtDbtInd>CRDT</CdtDbtInd><Sts>BOOK</Sts><BookgDt><Dt>2018-09-13</Dt></BookgDt><BkTxCd><Prtry><Cd>SIP UKBA CR 40269</Cd></Prtry></BkTxCd><TxDtls><Refs><EndToEndId>NOREF</EndToEndId><TxId>RP4679961270556700</TxId></Refs><RltdPties><Dbtr><Nm>MORRIS</Nm></Dbtr><DbtrAcct><Id><PrtryAcct><Id>20201513353540</Id></PrtryAcct></Id></DbtrAcct><Cdtr><Nm>ANNE MORRIS</Nm></Cdtr><CdtrAcct><Id><PrtryAcct><Id>23008200440415</Id></PrtryAcct></Id></CdtrAcct><Prtry><Tp>TRANSFER</Tp><Pty/></Prtry></RltdPties><RmtInf><Strd><AddtlRmtInf>NO REF</AddtlRmtInf></Strd><Strd><AddtlRmtInf>MORRIS//TRANSFER</AddtlRmtInf></Strd></RmtInf><RltdDts><TxDtTm>2018-09-13T10:28:42</TxDtTm></RltdDts><AddtlTxInf>RP46799612705567001020180913826200026</AddtlTxInf></TxDtls><AddtlNtryInf>COMPLETE//0000//001//CREDIT</AddtlNtryInf></Ntry></Ntfctn></BkToCstmrDbtCdtNtfctnV01></Document>