<?xml version="1.0" encoding="UTF-8"?><Document xmlns:xsi="http://www.w3.org/2001/XMLSchema-instance" xmlns="urn:iso:std:iso:20022:tech:xsd:camt.054.001.01"><BkToCstmrDbtCdtNtfctnV01><GrpHdr><MsgId>80309K//12952</MsgId><CreDtTm>2018-09-17T05:30:00</CreDtTm></GrpHdr><Ntfctn><Id>80309K//12952//1</Id><CreDtTm>2018-09-17T05:30:00</CreDtTm><Acct><Id><PrtryAcct><Id>20594233939774</Id></PrtryAcct></Id><Ccy>GBP</Ccy></Acct><TxsSummry><TtlNtries><NbOfNtries>1</NbOfNtries><Sum>680.00</Sum></TtlNtries><TtlCdtNtries><NbOfNtries>1</NbOfNtries><Sum>680.00</Sum></TtlCdtNtries><TtlDbtNtries><NbOfNtries>0</NbOfNtries><Sum>0.00</Sum></TtlDbtNtries></TxsSummry><Ntry><Amt Ccy="GBP">680.00</Amt><CdtDbtInd>CRDT</CdtDbtInd><Sts>BOOK</Sts><BookgDt><Dt>2018-09-17</Dt></BookgDt><BkTxCd><Prtry><Cd>SIP UKBA CR 40269</Cd></Prtry></BkTxCd><AmtDtls><InstdAmt><Amt Ccy="AUD">1242.96</Amt><CcyXchg><SrcCcy>AUD</SrcCcy><XchgRate>.547081</XchgRate></CcyXchg></InstdAmt></AmtDtls><TxDtls><Refs><EndToEndId>Rent CALVI JENNA</EndToEndId><TxId>TW0000000040093304</TxId></Refs><RltdPties><Dbtr><Nm>Jenna Calvi</Nm><PstlAdr><AdrLine>280 Lower Heidelberg Road;Ivanhoe;</AdrLine><AdrLine>East;3079;VIC;AU</AdrLine><Ctry/></PstlAdr></Dbtr><DbtrAcct><Id><PrtryAcct><Id>303393375</Id></PrtryAcct></Id></DbtrAcct><Cdtr><Nm>John David James</Nm></Cdtr><CdtrAcct><Id><PrtryAcct><Id>23008200413749</Id></PrtryAcct></Id></CdtrAcct><Prtry><Tp>Rent CALVI JENNA</Tp><Pty/></Prtry></RltdPties><RltdAgts><DbtrAgt><FinInstnId><BIC>MACQAU2S</BIC></FinInstnId></DbtrAgt></RltdAgts><RmtInf><Strd><AddtlRmtInf>NO REF</AddtlRmtInf></Strd><Strd><AddtlRmtInf>Jenna Calvi//Rent CALVI JENNA</AddtlRmtInf></Strd></RmtInf><RltdDts><TxDtTm>2018-09-17T05:05:44</TxDtTm></RltdDts><AddtlTxInf>TW00000000400933041020180917826231470</AddtlTxInf></TxDtls><AddtlNtryInf>COMPLETE//0000//003//CREDIT</AddtlNtryInf></Ntry></Ntfctn></BkToCstmrDbtCdtNtfctnV01></Document>