<?xml version="1.0" encoding="UTF-8"?><Document xmlns:xsi="http://www.w3.org/2001/XMLSchema-instance" xmlns="urn:iso:std:iso:20022:tech:xsd:camt.054.001.01"><BkToCstmrDbtCdtNtfctnV01><GrpHdr><MsgId>80309K//13081</MsgId><CreDtTm>2018-09-20T03:00:00</CreDtTm></GrpHdr><Ntfctn><Id>80309K//13081//1</Id><CreDtTm>2018-09-20T03:00:00</CreDtTm><Acct><Id><PrtryAcct><Id>20594233939774</Id></PrtryAcct></Id><Ccy>GBP</Ccy></Acct><TxsSummry><TtlNtries><NbOfNtries>5</NbOfNtries><Sum>699.29</Sum></TtlNtries><TtlCdtNtries><NbOfNtries>5</NbOfNtries><Sum>699.29</Sum></TtlCdtNtries><TtlDbtNtries><NbOfNtries>0</NbOfNtries><Sum>0.00</Sum></TtlDbtNtries></TxsSummry><Ntry><Amt Ccy="GBP">377.36</Amt><CdtDbtInd>CRDT</CdtDbtInd><Sts>BOOK</Sts><BookgDt><Dt>2018-09-20</Dt></BookgDt><BkTxCd><Prtry><Cd>FDP UKBA CR 40269</Cd></Prtry></BkTxCd><TxDtls><Refs><EndToEndId>NOREF</EndToEndId><TxId>17023133975106000N</TxId><Prtry><Tp>STO REF</Tp><Ref>0000</Ref></Prtry></Refs><RltdPties><Dbtr><Nm>TWINPLAST LIMITED</Nm></Dbtr><DbtrAcct><Id><PrtryAcct><Id>60224071556613</Id></PrtryAcct></Id></DbtrAcct><Cdtr><Nm>C HIRNEA</Nm></Cdtr><CdtrAcct><Id><PrtryAcct><Id>23008200231148</Id></PrtryAcct></Id></CdtrAcct><Prtry><Tp>TWINPLAST LTD</Tp><Pty/></Prtry></RltdPties><RmtInf><Strd><AddtlRmtInf>TWINPLAST LTD</AddtlRmtInf></Strd><Strd><AddtlRmtInf>TWINPLAST LIMITED//TWINPLAST LTD</AddtlRmtInf></Strd></RmtInf><RltdDts><TxDtTm>2018-09-20T02:33:00</TxDtTm></RltdDts><AddtlTxInf>17023133975106000N4020180920826602240</AddtlTxInf></TxDtls><AddtlNtryInf>COMPLETE//0000//003//CREDIT</AddtlNtryInf></Ntry><Ntry><Amt Ccy="GBP">40.00</Amt><CdtDbtInd>CRDT</CdtDbtInd><Sts>BOOK</Sts><BookgDt><Dt>2018-09-20</Dt></BookgDt><BkTxCd><Prtry><Cd>SIP UKBA CR 40269</Cd></Prtry></BkTxCd><TxDtls><Refs><EndToEndId>NOREF</EndToEndId><TxId>482617035420029001</TxId><Prtry><Tp>STO REF</Tp><Ref>0000</Ref></Prtry></Refs><RltdPties><Dbtr><Nm>CLARK J S</Nm></Dbtr><DbtrAcct><Id><PrtryAcct><Id>40303611454323</Id></PrtryAcct></Id></DbtrAcct><Cdtr><Nm>mr robert mackay</Nm></Cdtr><CdtrAcct><Id><PrtryAcct><Id>23008200151661</Id></PrtryAcct></Id></CdtrAcct><Prtry><Tp>i adore you</Tp><Pty/></Prtry></RltdPties><RmtInf><Strd><AddtlRmtInf>NO REF</AddtlRmtInf></Strd><Strd><AddtlRmtInf>CLARK J S//i adore you</AddtlRmtInf></Strd></RmtInf><RltdDts><TxDtTm>2018-09-20T02:45:31</TxDtTm></RltdDts><AddtlTxInf>4826170354200290011020180920826403036</AddtlTxInf></TxDtls><AddtlNtryInf>COMPLETE//0000//003//CREDIT</AddtlNtryInf></Ntry><Ntry><Amt Ccy="GBP">0.99</Amt><CdtDbtInd>CRDT</CdtDbtInd><Sts>BOOK</Sts><BookgDt><Dt>2018-09-20</Dt></BookgDt><BkTxCd><Prtry><Cd>SIP UKBA CR 40269</Cd></Prtry></BkTxCd><TxDtls><Refs><EndToEndId>NOREF</EndToEndId><TxId>500000000390199475</TxId></Refs><RltdPties><Dbtr><Nm>K Eccles</Nm></Dbtr><DbtrAcct><Id><PrtryAcct><Id>30719862294768</Id></PrtryAcct></Id></DbtrAcct><Cdtr><Nm>KATIE ECCLES</Nm></Cdtr><CdtrAcct><Id><PrtryAcct><Id>23008200446554</Id></PrtryAcct></Id></CdtrAcct></RltdPties><RmtInf><Strd><AddtlRmtInf>NO REF</AddtlRmtInf></Strd><Strd><AddtlRmtInf>K Eccles//</AddtlRmtInf></Strd></RmtInf><RltdDts><TxDtTm>2018-09-20T02:50:41</TxDtTm></RltdDts><AddtlTxInf>5000000003901994751020180920826307198</AddtlTxInf></TxDtls><AddtlNtryInf>COMPLETE//0000//003//CREDIT</AddtlNtryInf></Ntry><Ntry><Amt Ccy="GBP">5.00</Amt><CdtDbtInd>CRDT</CdtDbtInd><Sts>BOOK</Sts><BookgDt><Dt>2018-09-20</Dt></BookgDt><BkTxCd><Prtry><Cd>SIP UKBA CR 40269</Cd></Prtry></BkTxCd><TxDtls><Refs><EndToEndId>NOREF</EndToEndId><TxId>RP4659984900694200</TxId></Refs><RltdPties><Dbtr><Nm>AHAMMED M F</Nm></Dbtr><DbtrAcct><Id><PrtryAcct><Id>20089893472752</Id></PrtryAcct></Id></DbtrAcct><Cdtr><Nm>FOYSAL AHAMMED</Nm></Cdtr><CdtrAcct><Id><PrtryAcct><Id>23008200213245</Id></PrtryAcct></Id></CdtrAcct><Prtry><Tp>OWN</Tp><Pty/></Prtry></RltdPties><RmtInf><Strd><AddtlRmtInf>NO REF</AddtlRmtInf></Strd><Strd><AddtlRmtInf>AHAMMED M F//OWN</AddtlRmtInf></Strd></RmtInf><RltdDts><TxDtTm>2018-09-20T02:51:17</TxDtTm></RltdDts><AddtlTxInf>RP46599849006942001020180920826200026</AddtlTxInf></TxDtls><AddtlNtryInf>COMPLETE//0000//003//CREDIT</AddtlNtryInf></Ntry><Ntry><Amt Ccy="GBP">275.94</Amt><CdtDbtInd>CRDT</CdtDbtInd><Sts>BOOK</Sts><BookgDt><Dt>2018-09-20</Dt></BookgDt><BkTxCd><Prtry><Cd>FDP UKBA CR 40269</Cd></Prtry></BkTxCd><TxDtls><Refs><EndToEndId>NOREF</EndToEndId><TxId>20023459689239000N</TxId><Prtry><Tp>STO REF</Tp><Ref>0000</Ref></Prtry></Refs><RltdPties><Dbtr><Nm>SOUTH COAST BLDG</Nm></Dbtr><DbtrAcct><Id><PrtryAcct><Id>54413049054279</Id></PrtryAcct></Id></DbtrAcct><Cdtr><Nm>MATT LIDBETTER CON</Nm></Cdtr><CdtrAcct><Id><PrtryAcct><Id>23008200222957</Id></PrtryAcct></Id></CdtrAcct><Prtry><Tp>STH COAST BLDG SUP</Tp><Pty/></Prtry></RltdPties><RmtInf><Strd><AddtlRmtInf>STH COAST BLDG SUP</AddtlRmtInf></Strd><Strd><AddtlRmtInf>SOUTH COAST BLDG//STH COAST BLDG SUP</AddtlRmtInf></Strd></RmtInf><RltdDts><TxDtTm>2018-09-20T02:55:05</TxDtTm></RltdDts><AddtlTxInf>20023459689239000N4020180920826544130</AddtlTxInf></TxDtls><AddtlNtryInf>COMPLETE//0000//003//CREDIT</AddtlNtryInf></Ntry></Ntfctn></BkToCstmrDbtCdtNtfctnV01></Document>