<?xml version="1.0" encoding="UTF-8"?><Document xmlns:xsi="http://www.w3.org/2001/XMLSchema-instance" xmlns="urn:iso:std:iso:20022:tech:xsd:camt.054.001.01"><BkToCstmrDbtCdtNtfctnV01><GrpHdr><MsgId>80309K//12266</MsgId><CreDtTm>2018-09-01T07:30:00</CreDtTm></GrpHdr><Ntfctn><Id>80309K//12266//1</Id><CreDtTm>2018-09-01T07:30:00</CreDtTm><Acct><Id><PrtryAcct><Id>20594233939774</Id></PrtryAcct></Id><Ccy>GBP</Ccy></Acct><TxsSummry><TtlNtries><NbOfNtries>3</NbOfNtries><Sum>1090.00</Sum></TtlNtries><TtlCdtNtries><NbOfNtries>3</NbOfNtries><Sum>1090.00</Sum></TtlCdtNtries><TtlDbtNtries><NbOfNtries>0</NbOfNtries><Sum>0.00</Sum></TtlDbtNtries></TxsSummry><Ntry><Amt Ccy="GBP">410.00</Amt><CdtDbtInd>CRDT</CdtDbtInd><Sts>BOOK</Sts><BookgDt><Dt>2018-09-03</Dt></BookgDt><BkTxCd><Prtry><Cd>SIP UKBA CR 40269</Cd></Prtry></BkTxCd><TxDtls><Refs><EndToEndId>NOREF</EndToEndId><TxId>792214802070109001</TxId><Prtry><Tp>STO REF</Tp><Ref>0000</Ref></Prtry></Refs><RltdPties><Dbtr><Nm>PCR Engineer</Nm></Dbtr><DbtrAcct><Id><PrtryAcct><Id>40092561742361</Id></PrtryAcct></Id></DbtrAcct><Cdtr><Nm>MR.VASILE ZAHARIUC</Nm></Cdtr><CdtrAcct><Id><PrtryAcct><Id>23008200305423</Id></PrtryAcct></Id></CdtrAcct><Prtry><Tp>PCR</Tp><Pty/></Prtry></RltdPties><RmtInf><Strd><AddtlRmtInf>NO REF</AddtlRmtInf></Strd><Strd><AddtlRmtInf>PCR Engineer//PCR</AddtlRmtInf></Strd></RmtInf><RltdDts><TxDtTm>2018-09-01T07:02:08</TxDtTm></RltdDts><AddtlTxInf>7922148020701090011020180901826400925</AddtlTxInf></TxDtls><AddtlNtryInf>COMPLETE//0000//003//CREDIT</AddtlNtryInf></Ntry><Ntry><Amt Ccy="GBP">520.00</Amt><CdtDbtInd>CRDT</CdtDbtInd><Sts>BOOK</Sts><BookgDt><Dt>2018-09-03</Dt></BookgDt><BkTxCd><Prtry><Cd>DCA UKBA CR 40269</Cd></Prtry></BkTxCd><TxDtls><Refs><EndToEndId>NOREF</EndToEndId><TxId>000000013442398201</TxId><Prtry><Tp>STO REF</Tp><Ref>0000</Ref></Prtry></Refs><RltdPties><Dbtr><Nm>23327202022856</Nm></Dbtr><DbtrAcct><Id><PrtryAcct><Id>20594263428524</Id></PrtryAcct></Id></DbtrAcct><Cdtr><Nm>OLU ENIOLA</Nm></Cdtr><CdtrAcct><Id><PrtryAcct><Id>23008200410091</Id></PrtryAcct></Id></CdtrAcct><Prtry><Tp>KLM</Tp><Pty/></Prtry></RltdPties><RmtInf><Strd><AddtlRmtInf>NO REF</AddtlRmtInf></Strd><Strd><AddtlRmtInf>23327202022856//KLM</AddtlRmtInf></Strd></RmtInf><RltdDts><TxDtTm>2018-09-01T07:16:27</TxDtTm></RltdDts><AddtlTxInf>0000000134423982015020180901826205942</AddtlTxInf></TxDtls><AddtlNtryInf>COMPLETE//0000//003//CREDIT</AddtlNtryInf></Ntry><Ntry><Amt Ccy="GBP">160.00</Amt><CdtDbtInd>CRDT</CdtDbtInd><Sts>BOOK</Sts><BookgDt><Dt>2018-09-03</Dt></BookgDt><BkTxCd><Prtry><Cd>SIP UKBA CR 40269</Cd></Prtry></BkTxCd><TxDtls><Refs><EndToEndId>NOREF</EndToEndId><TxId>300000000388221582</TxId></Refs><RltdPties><Dbtr><Nm>Myftari Group Ltd</Nm></Dbtr><DbtrAcct><Id><PrtryAcct><Id>30936063977860</Id></PrtryAcct></Id></DbtrAcct><Cdtr><Nm>V.L.BALTEI</Nm></Cdtr><CdtrAcct><Id><PrtryAcct><Id>23008200118251</Id></PrtryAcct></Id></CdtrAcct></RltdPties><RmtInf><Strd><AddtlRmtInf>NO REF</AddtlRmtInf></Strd><Strd><AddtlRmtInf>Myftari Group Ltd//</AddtlRmtInf></Strd></RmtInf><RltdDts><TxDtTm>2018-09-01T07:23:02</TxDtTm></RltdDts><AddtlTxInf>3000000003882215821020180901826309360</AddtlTxInf></TxDtls><AddtlNtryInf>COMPLETE//0000//003//CREDIT</AddtlNtryInf></Ntry></Ntfctn></BkToCstmrDbtCdtNtfctnV01></Document>