<?xml version="1.0" encoding="UTF-8"?><Document xmlns:xsi="http://www.w3.org/2001/XMLSchema-instance" xmlns="urn:iso:std:iso:20022:tech:xsd:camt.054.001.01"><BkToCstmrDbtCdtNtfctnV01><GrpHdr><MsgId>80309K//12374</MsgId><CreDtTm>2018-09-03T18:30:00</CreDtTm></GrpHdr><Ntfctn><Id>80309K//12374//1</Id><CreDtTm>2018-09-03T18:30:00</CreDtTm><Acct><Id><PrtryAcct><Id>20594233939774</Id></PrtryAcct></Id><Ccy>GBP</Ccy></Acct><TxsSummry><TtlNtries><NbOfNtries>4</NbOfNtries><Sum>2291.01</Sum></TtlNtries><TtlCdtNtries><NbOfNtries>4</NbOfNtries><Sum>2291.01</Sum></TtlCdtNtries><TtlDbtNtries><NbOfNtries>0</NbOfNtries><Sum>0.00</Sum></TtlDbtNtries></TxsSummry><Ntry><Amt Ccy="GBP">2000.00</Amt><CdtDbtInd>CRDT</CdtDbtInd><Sts>BOOK</Sts><BookgDt><Dt>2018-09-03</Dt></BookgDt><BkTxCd><Prtry><Cd>SIP UKBA CR 40269</Cd></Prtry></BkTxCd><TxDtls><Refs><EndToEndId>00151529632BBCYFVZ</EndToEndId><TxId>00151529632BBCYFVZ</TxId></Refs><RltdPties><Dbtr><Nm>MOHAMMED NASSIR</Nm></Dbtr><DbtrAcct><Id><PrtryAcct><Id>09012802775482</Id></PrtryAcct></Id></DbtrAcct><Cdtr><Nm>MOHAMMED NASSIR</Nm></Cdtr><CdtrAcct><Id><PrtryAcct><Id>23008200154975</Id></PrtryAcct></Id></CdtrAcct><Prtry><Tp>test payment</Tp><Pty/></Prtry></RltdPties><RmtInf><Strd><AddtlRmtInf>NO REF</AddtlRmtInf></Strd><Strd><AddtlRmtInf>MOHAMMED NASSIR//test payment</AddtlRmtInf></Strd></RmtInf><RltdDts><TxDtTm>2018-09-03T18:00:09</TxDtTm></RltdDts><AddtlTxInf>00151529632BBCYFVZ1020180903826090128</AddtlTxInf></TxDtls><AddtlNtryInf>COMPLETE//0000//003//CREDIT</AddtlNtryInf></Ntry><Ntry><Amt Ccy="GBP">1.01</Amt><CdtDbtInd>CRDT</CdtDbtInd><Sts>BOOK</Sts><BookgDt><Dt>2018-09-03</Dt></BookgDt><BkTxCd><Prtry><Cd>DCA UKBA CR 40269</Cd></Prtry></BkTxCd><TxDtls><Refs><EndToEndId>NOREF</EndToEndId><TxId>000000013457598201</TxId><Prtry><Tp>STO REF</Tp><Ref>6634</Ref></Prtry></Refs><RltdPties><Dbtr><Nm>V CSURAI</Nm></Dbtr><DbtrAcct><Id><PrtryAcct><Id>20035373152596</Id></PrtryAcct></Id></DbtrAcct><Cdtr><Nm>KATALIN CSONGOR1</Nm></Cdtr><CdtrAcct><Id><PrtryAcct><Id>23008200230699</Id></PrtryAcct></Id></CdtrAcct><Prtry><Tp>KATALIN  CSONGOR</Tp><Pty/></Prtry></RltdPties><RmtInf><Strd><AddtlRmtInf>NO REF</AddtlRmtInf></Strd><Strd><AddtlRmtInf>V CSURAI//KATALIN  CSONGOR</AddtlRmtInf></Strd></RmtInf><RltdDts><TxDtTm>2018-09-03T18:22:41</TxDtTm></RltdDts><AddtlTxInf>0000000134575982015020180903826200353</AddtlTxInf></TxDtls><AddtlNtryInf>COMPLETE//0000//003//CREDIT</AddtlNtryInf></Ntry><Ntry><Amt Ccy="GBP">250.00</Amt><CdtDbtInd>CRDT</CdtDbtInd><Sts>BOOK</Sts><BookgDt><Dt>2018-09-03</Dt></BookgDt><BkTxCd><Prtry><Cd>DCA UKBA CR 40269</Cd></Prtry></BkTxCd><TxDtls><Refs><EndToEndId>NOREF</EndToEndId><TxId>000000013457593901</TxId><Prtry><Tp>STO REF</Tp><Ref>7097</Ref></Prtry></Refs><RltdPties><Dbtr><Nm>O OGUNYE</Nm></Dbtr><DbtrAcct><Id><PrtryAcct><Id>20035373152596</Id></PrtryAcct></Id></DbtrAcct><Cdtr><Nm>WALLA ARROW</Nm></Cdtr><CdtrAcct><Id><PrtryAcct><Id>23008200322031</Id></PrtryAcct></Id></CdtrAcct><Prtry><Tp>SAVINGS 1</Tp><Pty/></Prtry></RltdPties><RmtInf><Strd><AddtlRmtInf>NO REF</AddtlRmtInf></Strd><Strd><AddtlRmtInf>O OGUNYE//SAVINGS 1</AddtlRmtInf></Strd></RmtInf><RltdDts><TxDtTm>2018-09-03T18:22:41</TxDtTm></RltdDts><AddtlTxInf>0000000134575939015020180903826200353</AddtlTxInf></TxDtls><AddtlNtryInf>COMPLETE//0000//003//CREDIT</AddtlNtryInf></Ntry><Ntry><Amt Ccy="GBP">40.00</Amt><CdtDbtInd>CRDT</CdtDbtInd><Sts>BOOK</Sts><BookgDt><Dt>2018-09-03</Dt></BookgDt><BkTxCd><Prtry><Cd>SIP UKBA CR 40269</Cd></Prtry></BkTxCd><TxDtls><Refs><EndToEndId>NOREF</EndToEndId><TxId>RP4679960511702800</TxId></Refs><RltdPties><Dbtr><Nm>MIRRAHIM S</Nm></Dbtr><DbtrAcct><Id><PrtryAcct><Id>20956190839000</Id></PrtryAcct></Id></DbtrAcct><Cdtr><Nm>MICHELLE LAWRENSON</Nm></Cdtr><CdtrAcct><Id><PrtryAcct><Id>23008200162617</Id></PrtryAcct></Id></CdtrAcct><Prtry><Tp>GIFT</Tp><Pty/></Prtry></RltdPties><RmtInf><Strd><AddtlRmtInf>NO REF</AddtlRmtInf></Strd><Strd><AddtlRmtInf>MIRRAHIM S//GIFT</AddtlRmtInf></Strd></RmtInf><RltdDts><TxDtTm>2018-09-03T18:29:10</TxDtTm></RltdDts><AddtlTxInf>RP46799605117028001020180903826200026</AddtlTxInf></TxDtls><AddtlNtryInf>COMPLETE//0000//003//CREDIT</AddtlNtryInf></Ntry></Ntfctn></BkToCstmrDbtCdtNtfctnV01></Document>