<?xml version="1.0" encoding="UTF-8"?><Document xmlns:xsi="http://www.w3.org/2001/XMLSchema-instance" xmlns="urn:iso:std:iso:20022:tech:xsd:camt.054.001.01"><BkToCstmrDbtCdtNtfctnV01><GrpHdr><MsgId>80309K//12744</MsgId><CreDtTm>2018-09-12T09:30:00</CreDtTm></GrpHdr><Ntfctn><Id>80309K//12744//1</Id><CreDtTm>2018-09-12T09:30:00</CreDtTm><Acct><Id><PrtryAcct><Id>20594233939774</Id></PrtryAcct></Id><Ccy>GBP</Ccy></Acct><TxsSummry><TtlNtries><NbOfNtries>5</NbOfNtries><Sum>251.00</Sum></TtlNtries><TtlCdtNtries><NbOfNtries>5</NbOfNtries><Sum>251.00</Sum></TtlCdtNtries><TtlDbtNtries><NbOfNtries>0</NbOfNtries><Sum>0.00</Sum></TtlDbtNtries></TxsSummry><Ntry><Amt Ccy="GBP">1.00</Amt><CdtDbtInd>CRDT</CdtDbtInd><Sts>BOOK</Sts><BookgDt><Dt>2018-09-12</Dt></BookgDt><BkTxCd><Prtry><Cd>FDP UKBA CR 40269</Cd></Prtry></BkTxCd><TxDtls><Refs><EndToEndId>NOREF</EndToEndId><TxId>993737201232119001</TxId><Prtry><Tp>STO REF</Tp><Ref>0000</Ref></Prtry></Refs><RltdPties><Dbtr><Nm>SANUSI R A</Nm></Dbtr><DbtrAcct><Id><PrtryAcct><Id>40090002639386</Id></PrtryAcct></Id></DbtrAcct><Cdtr><Nm>John Mark</Nm></Cdtr><CdtrAcct><Id><PrtryAcct><Id>23008200214612</Id></PrtryAcct></Id></CdtrAcct><Prtry><Tp>change</Tp><Pty/></Prtry></RltdPties><RmtInf><Strd><AddtlRmtInf>NO REF</AddtlRmtInf></Strd><Strd><AddtlRmtInf>SANUSI R A//change</AddtlRmtInf></Strd></RmtInf><RltdDts><TxDtTm>2018-09-12T09:00:19</TxDtTm></RltdDts><AddtlTxInf>9937372012321190014020180912826400900</AddtlTxInf></TxDtls><AddtlNtryInf>COMPLETE//0000//001//CREDIT</AddtlNtryInf></Ntry><Ntry><Amt Ccy="GBP">20.00</Amt><CdtDbtInd>CRDT</CdtDbtInd><Sts>BOOK</Sts><BookgDt><Dt>2018-09-12</Dt></BookgDt><BkTxCd><Prtry><Cd>FDP UKBA CR 40269</Cd></Prtry></BkTxCd><TxDtls><Refs><EndToEndId>NOREF</EndToEndId><TxId>354823334502119001</TxId><Prtry><Tp>STO REF</Tp><Ref>0000</Ref></Prtry></Refs><RltdPties><Dbtr><Nm>WELLINGS</Nm></Dbtr><DbtrAcct><Id><PrtryAcct><Id>40312301320629</Id></PrtryAcct></Id></DbtrAcct><Cdtr><Nm>Edward Thomason</Nm></Cdtr><CdtrAcct><Id><PrtryAcct><Id>23008200433000</Id></PrtryAcct></Id></CdtrAcct><Prtry><Tp>Muppet</Tp><Pty/></Prtry></RltdPties><RmtInf><Strd><AddtlRmtInf>NO REF</AddtlRmtInf></Strd><Strd><AddtlRmtInf>WELLINGS//Muppet</AddtlRmtInf></Strd></RmtInf><RltdDts><TxDtTm>2018-09-12T09:01:04</TxDtTm></RltdDts><AddtlTxInf>3548233345021190014020180912826403123</AddtlTxInf></TxDtls><AddtlNtryInf>COMPLETE//0000//001//CREDIT</AddtlNtryInf></Ntry><Ntry><Amt Ccy="GBP">170.00</Amt><CdtDbtInd>CRDT</CdtDbtInd><Sts>BOOK</Sts><BookgDt><Dt>2018-09-12</Dt></BookgDt><BkTxCd><Prtry><Cd>SIP UKBA CR 40269</Cd></Prtry></BkTxCd><TxDtls><Refs><EndToEndId>DANIEL MAYNARD</EndToEndId><TxId>51090348319432000N</TxId><Prtry><Tp>STO REF</Tp><Ref>0000</Ref></Prtry></Refs><RltdPties><Dbtr><Nm>MAYNARD DJ</Nm></Dbtr><DbtrAcct><Id><PrtryAcct><Id>53615469674183</Id></PrtryAcct></Id></DbtrAcct><Cdtr><Nm>BAEMMS LTD</Nm></Cdtr><CdtrAcct><Id><PrtryAcct><Id>23008200223303</Id></PrtryAcct></Id></CdtrAcct><Prtry><Tp>DANIEL MAYNARD</Tp><Pty/></Prtry></RltdPties><RmtInf><Strd><AddtlRmtInf>MAYNARD DJ        DANIEL MAYNARD    VIA MOBILE - LVP</AddtlRmtInf></Strd><Strd><AddtlRmtInf>MAYNARD DJ//DANIEL MAYNARD</AddtlRmtInf></Strd></RmtInf><RltdDts><TxDtTm>2018-09-12T09:03:48</TxDtTm></RltdDts><AddtlTxInf>51090348319432000N1020180912826536154</AddtlTxInf></TxDtls><AddtlNtryInf>COMPLETE//0000//001//CREDIT</AddtlNtryInf></Ntry><Ntry><Amt Ccy="GBP">40.00</Amt><CdtDbtInd>CRDT</CdtDbtInd><Sts>BOOK</Sts><BookgDt><Dt>2018-09-12</Dt></BookgDt><BkTxCd><Prtry><Cd>SIP UKBA CR 40269</Cd></Prtry></BkTxCd><TxDtls><Refs><EndToEndId>NOREF</EndToEndId><TxId>896814522190219001</TxId><Prtry><Tp>STO REF</Tp><Ref>0000</Ref></Prtry></Refs><RltdPties><Dbtr><Nm>PHIPPS C J</Nm></Dbtr><DbtrAcct><Id><PrtryAcct><Id>40280831323423</Id></PrtryAcct></Id></DbtrAcct><Cdtr><Nm>DAGMARA DOBIJA</Nm></Cdtr><CdtrAcct><Id><PrtryAcct><Id>23008200085166</Id></PrtryAcct></Id></CdtrAcct><Prtry><Tp>FROM CHRIS</Tp><Pty/></Prtry></RltdPties><RmtInf><Strd><AddtlRmtInf>NO REF</AddtlRmtInf></Strd><Strd><AddtlRmtInf>PHIPPS C J//FROM CHRIS</AddtlRmtInf></Strd></RmtInf><RltdDts><TxDtTm>2018-09-12T09:12:25</TxDtTm></RltdDts><AddtlTxInf>8968145221902190011020180912826402808</AddtlTxInf></TxDtls><AddtlNtryInf>COMPLETE//0000//001//CREDIT</AddtlNtryInf></Ntry><Ntry><Amt Ccy="GBP">20.00</Amt><CdtDbtInd>CRDT</CdtDbtInd><Sts>BOOK</Sts><BookgDt><Dt>2018-09-12</Dt></BookgDt><BkTxCd><Prtry><Cd>SIP UKBA CR 40269</Cd></Prtry></BkTxCd><TxDtls><Refs><EndToEndId>NOREF</EndToEndId><TxId>38091821025163000N</TxId><Prtry><Tp>STO REF</Tp><Ref>0000</Ref></Prtry></Refs><RltdPties><Dbtr><Nm>RESIA TANISHA CANOVILLE</Nm><PstlAdr><AdrLine>APS COTTONS CENTRE SE1 2QG</AdrLine><Ctry/></PstlAdr></Dbtr><DbtrAcct><Id><PrtryAcct><Id>08719937180013</Id></PrtryAcct></Id></DbtrAcct><Cdtr><Nm>RESIA T CANOVILLE</Nm></Cdtr><CdtrAcct><Id><PrtryAcct><Id>23008200358372</Id></PrtryAcct></Id></CdtrAcct><Prtry><Tp>MONEY</Tp><Pty/></Prtry></RltdPties><RmtInf><Strd><AddtlRmtInf>MONEY</AddtlRmtInf></Strd><Strd><AddtlRmtInf>RESIA TANISHA CANO//MONEY</AddtlRmtInf></Strd></RmtInf><RltdDts><TxDtTm>2018-09-12T09:18:21</TxDtTm></RltdDts><AddtlTxInf>38091821025163000N1020180912826087199</AddtlTxInf></TxDtls><AddtlNtryInf>COMPLETE//0000//001//CREDIT</AddtlNtryInf></Ntry></Ntfctn></BkToCstmrDbtCdtNtfctnV01></Document>