<?xml version="1.0" encoding="UTF-8"?><Document xmlns:xsi="http://www.w3.org/2001/XMLSchema-instance" xmlns="urn:iso:std:iso:20022:tech:xsd:camt.054.001.01"><BkToCstmrDbtCdtNtfctnV01><GrpHdr><MsgId>80309K//13512</MsgId><CreDtTm>2018-09-30T01:30:00</CreDtTm></GrpHdr><Ntfctn><Id>80309K//13512//1</Id><CreDtTm>2018-09-30T01:30:00</CreDtTm><Acct><Id><PrtryAcct><Id>20594233939774</Id></PrtryAcct></Id><Ccy>GBP</Ccy></Acct><TxsSummry><TtlNtries><NbOfNtries>3</NbOfNtries><Sum>196.00</Sum></TtlNtries><TtlCdtNtries><NbOfNtries>3</NbOfNtries><Sum>196.00</Sum></TtlCdtNtries><TtlDbtNtries><NbOfNtries>0</NbOfNtries><Sum>0.00</Sum></TtlDbtNtries></TxsSummry><Ntry><Amt Ccy="GBP">1.00</Amt><CdtDbtInd>CRDT</CdtDbtInd><Sts>BOOK</Sts><BookgDt><Dt>2018-10-01</Dt></BookgDt><BkTxCd><Prtry><Cd>SIP UKBA CR 40269</Cd></Prtry></BkTxCd><TxDtls><Refs><EndToEndId>NOREF</EndToEndId><TxId>300000000397082950</TxId></Refs><RltdPties><Dbtr><Nm>M Murray</Nm></Dbtr><DbtrAcct><Id><PrtryAcct><Id>11086711240160</Id></PrtryAcct></Id></DbtrAcct><Cdtr><Nm>MALACHI CJ MURRAY</Nm></Cdtr><CdtrAcct><Id><PrtryAcct><Id>23008200429208</Id></PrtryAcct></Id></CdtrAcct><Prtry><Tp>TRANSFER</Tp><Pty/></Prtry></RltdPties><RmtInf><Strd><AddtlRmtInf>NO REF</AddtlRmtInf></Strd><Strd><AddtlRmtInf>M Murray//TRANSFER</AddtlRmtInf></Strd></RmtInf><RltdDts><TxDtTm>2018-09-30T01:02:19</TxDtTm></RltdDts><AddtlTxInf>3000000003970829501020180930826110867</AddtlTxInf></TxDtls><AddtlNtryInf>COMPLETE//0000//003//CREDIT</AddtlNtryInf></Ntry><Ntry><Amt Ccy="GBP">175.00</Amt><CdtDbtInd>CRDT</CdtDbtInd><Sts>BOOK</Sts><BookgDt><Dt>2018-10-01</Dt></BookgDt><BkTxCd><Prtry><Cd>FDP UKBA CR 40269</Cd></Prtry></BkTxCd><TxDtls><Refs><EndToEndId>NOREF</EndToEndId><TxId>11010645289431000N</TxId><Prtry><Tp>STO REF</Tp><Ref>0000</Ref></Prtry></Refs><RltdPties><Dbtr><Nm>MOORINGS CONSULTANCY LIMITED THE</Nm><PstlAdr><AdrLine>CLIENT ID NO 66034510;</AdrLine><AdrLine>UNITED KINGDOM</AdrLine><Ctry/></PstlAdr></Dbtr><DbtrAcct><Id><PrtryAcct><Id>18000205500451</Id></PrtryAcct></Id></DbtrAcct><Cdtr><Nm>MRS ZOE PALING</Nm></Cdtr><CdtrAcct><Id><PrtryAcct><Id>23008200042298</Id></PrtryAcct></Id></CdtrAcct><Prtry><Tp>QUICKBOOKS TRAININ</Tp><Pty/></Prtry></RltdPties><RmtInf><Strd><AddtlRmtInf>QUICKBOOKS TRAININ</AddtlRmtInf></Strd><Strd><AddtlRmtInf>MOORINGS CONSULTAN//QUICKBOOKS TRAININ</AddtlRmtInf></Strd></RmtInf><RltdDts><TxDtTm>2018-09-30T01:06:45</TxDtTm></RltdDts><AddtlTxInf>11010645289431000N4020180930826180002</AddtlTxInf></TxDtls><AddtlNtryInf>COMPLETE//0000//003//CREDIT</AddtlNtryInf></Ntry><Ntry><Amt Ccy="GBP">20.00</Amt><CdtDbtInd>CRDT</CdtDbtInd><Sts>BOOK</Sts><BookgDt><Dt>2018-10-01</Dt></BookgDt><BkTxCd><Prtry><Cd>SIP UKBA CR 40269</Cd></Prtry></BkTxCd><TxDtls><Refs><EndToEndId>NOREF</EndToEndId><TxId>400000000398234945</TxId></Refs><RltdPties><Dbtr><Nm>L Holowczyk</Nm></Dbtr><DbtrAcct><Id><PrtryAcct><Id>77010145557068</Id></PrtryAcct></Id></DbtrAcct><Cdtr><Nm>ASHWOOD</Nm></Cdtr><CdtrAcct><Id><PrtryAcct><Id>23008200459087</Id></PrtryAcct></Id></CdtrAcct><Prtry><Tp>LEE</Tp><Pty/></Prtry></RltdPties><RmtInf><Strd><AddtlRmtInf>NO REF</AddtlRmtInf></Strd><Strd><AddtlRmtInf>L Holowczyk//LEE</AddtlRmtInf></Strd></RmtInf><RltdDts><TxDtTm>2018-09-30T01:15:20</TxDtTm></RltdDts><AddtlTxInf>4000000003982349451020180930826770101</AddtlTxInf></TxDtls><AddtlNtryInf>COMPLETE//0000//003//CREDIT</AddtlNtryInf></Ntry></Ntfctn></BkToCstmrDbtCdtNtfctnV01></Document>