<?xml version="1.0" encoding="UTF-8"?><Document xmlns:xsi="http://www.w3.org/2001/XMLSchema-instance" xmlns="urn:iso:std:iso:20022:tech:xsd:camt.054.001.01"><BkToCstmrDbtCdtNtfctnV01><GrpHdr><MsgId>80309K//12298</MsgId><CreDtTm>2018-09-02T00:00:00</CreDtTm></GrpHdr><Ntfctn><Id>80309K//12298//1</Id><CreDtTm>2018-09-02T00:00:00</CreDtTm><Acct><Id><PrtryAcct><Id>20594233939774</Id></PrtryAcct></Id><Ccy>GBP</Ccy></Acct><TxsSummry><TtlNtries><NbOfNtries>2</NbOfNtries><Sum>120.00</Sum></TtlNtries><TtlCdtNtries><NbOfNtries>2</NbOfNtries><Sum>120.00</Sum></TtlCdtNtries><TtlDbtNtries><NbOfNtries>0</NbOfNtries><Sum>0.00</Sum></TtlDbtNtries></TxsSummry><Ntry><Amt Ccy="GBP">100.00</Amt><CdtDbtInd>CRDT</CdtDbtInd><Sts>BOOK</Sts><BookgDt><Dt>2018-09-03</Dt></BookgDt><BkTxCd><Prtry><Cd>SIP UKBA CR 40269</Cd></Prtry></BkTxCd><TxDtls><Refs><EndToEndId>NOREF</EndToEndId><TxId>940480633532109001</TxId><Prtry><Tp>STO REF</Tp><Ref>0000</Ref></Prtry></Refs><RltdPties><Dbtr><Nm>MAMAGH S</Nm></Dbtr><DbtrAcct><Id><PrtryAcct><Id>40032661567128</Id></PrtryAcct></Id></DbtrAcct><Cdtr><Nm>MAE DIAME</Nm></Cdtr><CdtrAcct><Id><PrtryAcct><Id>23008200112990</Id></PrtryAcct></Id></CdtrAcct><Prtry><Tp>COX</Tp><Pty/></Prtry></RltdPties><RmtInf><Strd><AddtlRmtInf>NO REF</AddtlRmtInf></Strd><Strd><AddtlRmtInf>MAMAGH S//COX</AddtlRmtInf></Strd></RmtInf><RltdDts><TxDtTm>2018-09-01T23:53:36</TxDtTm></RltdDts><AddtlTxInf>9404806335321090011020180902826400326</AddtlTxInf></TxDtls><AddtlNtryInf>COMPLETE//0000//003//CREDIT</AddtlNtryInf></Ntry><Ntry><Amt Ccy="GBP">20.00</Amt><CdtDbtInd>CRDT</CdtDbtInd><Sts>BOOK</Sts><BookgDt><Dt>2018-09-03</Dt></BookgDt><BkTxCd><Prtry><Cd>SIP UKBA CR 40269</Cd></Prtry></BkTxCd><TxDtls><Refs><EndToEndId>NOREF</EndToEndId><TxId>RP4679960372686400</TxId></Refs><RltdPties><Dbtr><Nm>KWASNIEWSKI P</Nm></Dbtr><DbtrAcct><Id><PrtryAcct><Id>20246443348458</Id></PrtryAcct></Id></DbtrAcct><Cdtr><Nm>PRINCE SCHULZ</Nm></Cdtr><CdtrAcct><Id><PrtryAcct><Id>23008200352172</Id></PrtryAcct></Id></CdtrAcct><Prtry><Tp>BABY DADDY NEW</Tp><Pty/></Prtry></RltdPties><RmtInf><Strd><AddtlRmtInf>NO REF</AddtlRmtInf></Strd><Strd><AddtlRmtInf>KWASNIEWSKI P//BABY DADDY NEW</AddtlRmtInf></Strd></RmtInf><RltdDts><TxDtTm>2018-09-01T23:59:58</TxDtTm></RltdDts><AddtlTxInf>RP46799603726864001020180901826200026</AddtlTxInf></TxDtls><AddtlNtryInf>COMPLETE//0000//003//CREDIT</AddtlNtryInf></Ntry></Ntfctn></BkToCstmrDbtCdtNtfctnV01></Document>