<?xml version="1.0" encoding="UTF-8"?><Document xmlns:xsi="http://www.w3.org/2001/XMLSchema-instance" xmlns="urn:iso:std:iso:20022:tech:xsd:camt.054.001.01"><BkToCstmrDbtCdtNtfctnV01><GrpHdr><MsgId>80309K//12339</MsgId><CreDtTm>2018-09-02T23:30:00</CreDtTm></GrpHdr><Ntfctn><Id>80309K//12339//1</Id><CreDtTm>2018-09-02T23:30:00</CreDtTm><Acct><Id><PrtryAcct><Id>20594233939774</Id></PrtryAcct></Id><Ccy>GBP</Ccy></Acct><TxsSummry><TtlNtries><NbOfNtries>2</NbOfNtries><Sum>473.00</Sum></TtlNtries><TtlCdtNtries><NbOfNtries>2</NbOfNtries><Sum>473.00</Sum></TtlCdtNtries><TtlDbtNtries><NbOfNtries>0</NbOfNtries><Sum>0.00</Sum></TtlDbtNtries></TxsSummry><Ntry><Amt Ccy="GBP">430.00</Amt><CdtDbtInd>CRDT</CdtDbtInd><Sts>BOOK</Sts><BookgDt><Dt>2018-09-03</Dt></BookgDt><BkTxCd><Prtry><Cd>SIP UKBA CR 40269</Cd></Prtry></BkTxCd><TxDtls><Refs><EndToEndId>00151691632BBDGQLQ</EndToEndId><TxId>00151691632BBDGQLQ</TxId></Refs><RltdPties><Dbtr><Nm>RYAN ONWU</Nm></Dbtr><DbtrAcct><Id><PrtryAcct><Id>09012712420458</Id></PrtryAcct></Id></DbtrAcct><Cdtr><Nm>EDUARDO BEUILLE</Nm></Cdtr><CdtrAcct><Id><PrtryAcct><Id>23008200189426</Id></PrtryAcct></Id></CdtrAcct><Prtry><Tp>Ryans Payment</Tp><Pty/></Prtry></RltdPties><RmtInf><Strd><AddtlRmtInf>NO REF</AddtlRmtInf></Strd><Strd><AddtlRmtInf>RYAN ONWU//Ryans Payment</AddtlRmtInf></Strd></RmtInf><RltdDts><TxDtTm>2018-09-02T23:10:22</TxDtTm></RltdDts><AddtlTxInf>00151691632BBDGQLQ1020180902826090127</AddtlTxInf></TxDtls><AddtlNtryInf>COMPLETE//0000//003//CREDIT</AddtlNtryInf></Ntry><Ntry><Amt Ccy="GBP">43.00</Amt><CdtDbtInd>CRDT</CdtDbtInd><Sts>BOOK</Sts><BookgDt><Dt>2018-09-03</Dt></BookgDt><BkTxCd><Prtry><Cd>SIP UKBA CR 40269</Cd></Prtry></BkTxCd><TxDtls><Refs><EndToEndId>NOREF</EndToEndId><TxId>RP4679960428626500</TxId></Refs><RltdPties><Dbtr><Nm>BRAN A</Nm></Dbtr><DbtrAcct><Id><PrtryAcct><Id>20252593243648</Id></PrtryAcct></Id></DbtrAcct><Cdtr><Nm>ALEXANDRA BRAN</Nm></Cdtr><CdtrAcct><Id><PrtryAcct><Id>23008200157784</Id></PrtryAcct></Id></CdtrAcct><Prtry><Tp>PAY</Tp><Pty/></Prtry></RltdPties><RmtInf><Strd><AddtlRmtInf>NO REF</AddtlRmtInf></Strd><Strd><AddtlRmtInf>BRAN A//PAY</AddtlRmtInf></Strd></RmtInf><RltdDts><TxDtTm>2018-09-02T23:11:14</TxDtTm></RltdDts><AddtlTxInf>RP46799604286265001020180902826200026</AddtlTxInf></TxDtls><AddtlNtryInf>COMPLETE//0000//003//CREDIT</AddtlNtryInf></Ntry></Ntfctn></BkToCstmrDbtCdtNtfctnV01></Document>