<?xml version="1.0" encoding="UTF-8"?><Document xmlns:xsi="http://www.w3.org/2001/XMLSchema-instance" xmlns="urn:iso:std:iso:20022:tech:xsd:camt.054.001.01"><BkToCstmrDbtCdtNtfctnV01><GrpHdr><MsgId>80309K//13403</MsgId><CreDtTm>2018-09-27T15:00:00</CreDtTm></GrpHdr><Ntfctn><Id>80309K//13403//1</Id><CreDtTm>2018-09-27T15:00:00</CreDtTm><Acct><Id><PrtryAcct><Id>20594233939774</Id></PrtryAcct></Id><Ccy>GBP</Ccy></Acct><TxsSummry><TtlNtries><NbOfNtries>13</NbOfNtries><Sum>1953.16</Sum></TtlNtries><TtlCdtNtries><NbOfNtries>13</NbOfNtries><Sum>1953.16</Sum></TtlCdtNtries><TtlDbtNtries><NbOfNtries>0</NbOfNtries><Sum>0.00</Sum></TtlDbtNtries></TxsSummry><Ntry><Amt Ccy="GBP">20.00</Amt><CdtDbtInd>CRDT</CdtDbtInd><Sts>BOOK</Sts><BookgDt><Dt>2018-09-27</Dt></BookgDt><BkTxCd><Prtry><Cd>SIP UKBA CR 40269</Cd></Prtry></BkTxCd><TxDtls><Refs><EndToEndId>NOREF</EndToEndId><TxId>600000000392106934</TxId></Refs><RltdPties><Dbtr><Nm>D Dapaah</Nm></Dbtr><DbtrAcct><Id><PrtryAcct><Id>77911075566268</Id></PrtryAcct></Id></DbtrAcct><Cdtr><Nm>FLIGHT SCANNER</Nm></Cdtr><CdtrAcct><Id><PrtryAcct><Id>23008200470313</Id></PrtryAcct></Id></CdtrAcct><Prtry><Tp>FLLIGHT FARE</Tp><Pty/></Prtry></RltdPties><RmtInf><Strd><AddtlRmtInf>NO REF</AddtlRmtInf></Strd><Strd><AddtlRmtInf>D Dapaah//FLLIGHT FARE</AddtlRmtInf></Strd></RmtInf><RltdDts><TxDtTm>2018-09-27T14:33:03</TxDtTm></RltdDts><AddtlTxInf>6000000003921069341020180927826779110</AddtlTxInf></TxDtls><AddtlNtryInf>COMPLETE//0000//002//CREDIT</AddtlNtryInf></Ntry><Ntry><Amt Ccy="GBP">70.00</Amt><CdtDbtInd>CRDT</CdtDbtInd><Sts>BOOK</Sts><BookgDt><Dt>2018-09-27</Dt></BookgDt><BkTxCd><Prtry><Cd>SIP UKBA CR 40269</Cd></Prtry></BkTxCd><TxDtls><Refs><EndToEndId>NOREF</EndToEndId><TxId>RP4679962383652100</TxId></Refs><RltdPties><Dbtr><Nm>WHITE CHRISTOPHE</Nm></Dbtr><DbtrAcct><Id><PrtryAcct><Id>20709483520781</Id></PrtryAcct></Id></DbtrAcct><Cdtr><Nm>CHRISTOPHER WHITE</Nm></Cdtr><CdtrAcct><Id><PrtryAcct><Id>23008200292739</Id></PrtryAcct></Id></CdtrAcct><Prtry><Tp>MONEY</Tp><Pty/></Prtry></RltdPties><RmtInf><Strd><AddtlRmtInf>NO REF</AddtlRmtInf></Strd><Strd><AddtlRmtInf>WHITE CHRISTOPHE//MONEY</AddtlRmtInf></Strd></RmtInf><RltdDts><TxDtTm>2018-09-27T14:34:02</TxDtTm></RltdDts><AddtlTxInf>RP46799623836521001020180927826200026</AddtlTxInf></TxDtls><AddtlNtryInf>COMPLETE//0000//002//CREDIT</AddtlNtryInf></Ntry><Ntry><Amt Ccy="GBP">365.00</Amt><CdtDbtInd>CRDT</CdtDbtInd><Sts>BOOK</Sts><BookgDt><Dt>2018-09-27</Dt></BookgDt><BkTxCd><Prtry><Cd>SIP UKBA CR 40269</Cd></Prtry></BkTxCd><TxDtls><Refs><EndToEndId>00151479632BBKMSMP</EndToEndId><TxId>00151479632BBKMSMP</TxId></Refs><RltdPties><Dbtr><Nm>JORDAN RILEY</Nm></Dbtr><DbtrAcct><Id><PrtryAcct><Id>09012805211859</Id></PrtryAcct></Id></DbtrAcct><Cdtr><Nm>JORDAN ARRO</Nm></Cdtr><CdtrAcct><Id><PrtryAcct><Id>23008200445182</Id></PrtryAcct></Id></CdtrAcct><Prtry><Tp>PAY DAY</Tp><Pty/></Prtry></RltdPties><RmtInf><Strd><AddtlRmtInf>NO REF</AddtlRmtInf></Strd><Strd><AddtlRmtInf>JORDAN RILEY//PAY DAY</AddtlRmtInf></Strd></RmtInf><RltdDts><TxDtTm>2018-09-27T14:34:26</TxDtTm></RltdDts><AddtlTxInf>00151479632BBKMSMP1020180927826090128</AddtlTxInf></TxDtls><AddtlNtryInf>COMPLETE//0000//002//CREDIT</AddtlNtryInf></Ntry><Ntry><Amt Ccy="GBP">328.00</Amt><CdtDbtInd>CRDT</CdtDbtInd><Sts>BOOK</Sts><BookgDt><Dt>2018-09-27</Dt></BookgDt><BkTxCd><Prtry><Cd>SIP UKBA CR 40269</Cd></Prtry></BkTxCd><TxDtls><Refs><EndToEndId>NOREF</EndToEndId><TxId>RP4659985445265700</TxId></Refs><RltdPties><Dbtr><Nm>RASHID H    APO</Nm></Dbtr><DbtrAcct><Id><PrtryAcct><Id>20364350363723</Id></PrtryAcct></Id></DbtrAcct><Cdtr><Nm>SKYSCANNER</Nm></Cdtr><CdtrAcct><Id><PrtryAcct><Id>23008200470897</Id></PrtryAcct></Id></CdtrAcct><Prtry><Tp>BMNLQR</Tp><Pty/></Prtry></RltdPties><RmtInf><Strd><AddtlRmtInf>NO REF</AddtlRmtInf></Strd><Strd><AddtlRmtInf>RASHID H    APO//BMNLQR</AddtlRmtInf></Strd></RmtInf><RltdDts><TxDtTm>2018-09-27T14:42:50</TxDtTm></RltdDts><AddtlTxInf>RP46599854452657001020180927826200026</AddtlTxInf></TxDtls><AddtlNtryInf>COMPLETE//0000//002//CREDIT</AddtlNtryInf></Ntry><Ntry><Amt Ccy="GBP">30.00</Amt><CdtDbtInd>CRDT</CdtDbtInd><Sts>BOOK</Sts><BookgDt><Dt>2018-09-27</Dt></BookgDt><BkTxCd><Prtry><Cd>SIP UKBA CR 40269</Cd></Prtry></BkTxCd><TxDtls><Refs><EndToEndId>MARIE</EndToEndId><TxId>24144313458436000N</TxId><Prtry><Tp>STO REF</Tp><Ref>0000</Ref></Prtry></Refs><RltdPties><Dbtr><Nm>SWARAY MM</Nm></Dbtr><DbtrAcct><Id><PrtryAcct><Id>60043611563109</Id></PrtryAcct></Id></DbtrAcct><Cdtr><Nm>JORD</Nm></Cdtr><CdtrAcct><Id><PrtryAcct><Id>23008200445182</Id></PrtryAcct></Id></CdtrAcct><Prtry><Tp>MARIE</Tp><Pty/></Prtry></RltdPties><RmtInf><Strd><AddtlRmtInf>SWARAY MM         MARIE             VIA MOBILE - LVP</AddtlRmtInf></Strd><Strd><AddtlRmtInf>SWARAY MM//MARIE</AddtlRmtInf></Strd></RmtInf><RltdDts><TxDtTm>2018-09-27T14:43:13</TxDtTm></RltdDts><AddtlTxInf>24144313458436000N1020180927826600436</AddtlTxInf></TxDtls><AddtlNtryInf>COMPLETE//0000//002//CREDIT</AddtlNtryInf></Ntry><Ntry><Amt Ccy="GBP">2.34</Amt><CdtDbtInd>CRDT</CdtDbtInd><Sts>BOOK</Sts><BookgDt><Dt>2018-09-27</Dt></BookgDt><BkTxCd><Prtry><Cd>SIP UKBA CR 40269</Cd></Prtry></BkTxCd><TxDtls><Refs><EndToEndId>TESTING</EndToEndId><TxId>08144354380845000N</TxId><Prtry><Tp>STO REF</Tp><Ref>0000</Ref></Prtry></Refs><RltdPties><Dbtr><Nm>JOHNSON DP</Nm></Dbtr><DbtrAcct><Id><PrtryAcct><Id>56003638752417</Id></PrtryAcct></Id></DbtrAcct><Cdtr><Nm>DANNY</Nm></Cdtr><CdtrAcct><Id><PrtryAcct><Id>23008200457809</Id></PrtryAcct></Id></CdtrAcct><Prtry><Tp>TESTING</Tp><Pty/></Prtry></RltdPties><RmtInf><Strd><AddtlRmtInf>JOHNSON DP        TESTING           VIA MOBILE - LVP</AddtlRmtInf></Strd><Strd><AddtlRmtInf>JOHNSON DP//TESTING</AddtlRmtInf></Strd></RmtInf><RltdDts><TxDtTm>2018-09-27T14:43:54</TxDtTm></RltdDts><AddtlTxInf>08144354380845000N1020180927826560036</AddtlTxInf></TxDtls><AddtlNtryInf>COMPLETE//0000//002//CREDIT</AddtlNtryInf></Ntry><Ntry><Amt Ccy="GBP">3.50</Amt><CdtDbtInd>CRDT</CdtDbtInd><Sts>BOOK</Sts><BookgDt><Dt>2018-09-27</Dt></BookgDt><BkTxCd><Prtry><Cd>FDP UKBA CR 40269</Cd></Prtry></BkTxCd><TxDtls><Refs><EndToEndId>NOREF</EndToEndId><TxId>120297350241729001</TxId><Prtry><Tp>STO REF</Tp><Ref>0000</Ref></Prtry></Refs><RltdPties><Dbtr><Nm>PAYBA L M D</Nm></Dbtr><DbtrAcct><Id><PrtryAcct><Id>40452732146878</Id></PrtryAcct></Id></DbtrAcct><Cdtr><Nm>Maria ody</Nm></Cdtr><CdtrAcct><Id><PrtryAcct><Id>23008200441427</Id></PrtryAcct></Id></CdtrAcct><Prtry><Tp>Payment</Tp><Pty/></Prtry></RltdPties><RmtInf><Strd><AddtlRmtInf>NO REF</AddtlRmtInf></Strd><Strd><AddtlRmtInf>PAYBA L M D//Payment</AddtlRmtInf></Strd></RmtInf><RltdDts><TxDtTm>2018-09-27T14:45:14</TxDtTm></RltdDts><AddtlTxInf>1202973502417290014020180927826404527</AddtlTxInf></TxDtls><AddtlNtryInf>COMPLETE//0000//002//CREDIT</AddtlNtryInf></Ntry><Ntry><Amt Ccy="GBP">18.00</Amt><CdtDbtInd>CRDT</CdtDbtInd><Sts>BOOK</Sts><BookgDt><Dt>2018-09-27</Dt></BookgDt><BkTxCd><Prtry><Cd>SIP UKBA CR 40269</Cd></Prtry></BkTxCd><TxDtls><Refs><EndToEndId>NOREF</EndToEndId><TxId>600000000392111549</TxId></Refs><RltdPties><Dbtr><Nm>S Glew</Nm></Dbtr><DbtrAcct><Id><PrtryAcct><Id>11079800215623</Id></PrtryAcct></Id></DbtrAcct><Cdtr><Nm>MR S GLEW</Nm></Cdtr><CdtrAcct><Id><PrtryAcct><Id>23008200401146</Id></PrtryAcct></Id></CdtrAcct><Prtry><Tp>PAY NEW ACCOUNT</Tp><Pty/></Prtry></RltdPties><RmtInf><Strd><AddtlRmtInf>NO REF</AddtlRmtInf></Strd><Strd><AddtlRmtInf>S Glew//PAY NEW ACCOUNT</AddtlRmtInf></Strd></RmtInf><RltdDts><TxDtTm>2018-09-27T14:47:39</TxDtTm></RltdDts><AddtlTxInf>6000000003921115491020180927826110798</AddtlTxInf></TxDtls><AddtlNtryInf>COMPLETE//0000//002//CREDIT</AddtlNtryInf></Ntry><Ntry><Amt Ccy="GBP">200.32</Amt><CdtDbtInd>CRDT</CdtDbtInd><Sts>BOOK</Sts><BookgDt><Dt>2018-09-27</Dt></BookgDt><BkTxCd><Prtry><Cd>SIP UKBA CR 40269</Cd></Prtry></BkTxCd><TxDtls><Refs><EndToEndId>5531</EndToEndId><TxId>MF006639613ADA7000</TxId></Refs><RltdPties><Dbtr><Nm>COGENT</Nm></Dbtr><DbtrAcct><Id><PrtryAcct><Id>20205373792846</Id></PrtryAcct></Id></DbtrAcct><Cdtr><Nm>T GASPAR</Nm></Cdtr><CdtrAcct><Id><PrtryAcct><Id>23008200120910</Id></PrtryAcct></Id></CdtrAcct><Prtry><Tp>5531</Tp><Pty/></Prtry></RltdPties><RmtInf><Strd><RfrdDocInf><RfrdDocTp><Prtry>002</Prtry></RfrdDocTp></RfrdDocInf><AddtlRmtInf>NO REF</AddtlRmtInf></Strd><Strd><AddtlRmtInf>COGENT//5531</AddtlRmtInf></Strd></RmtInf><RltdDts><TxDtTm>2018-09-27T14:52:05</TxDtTm></RltdDts><AddtlTxInf>MF006639613ADA70001020180927826200000</AddtlTxInf></TxDtls><AddtlNtryInf>COMPLETE//0000//002//CREDIT</AddtlNtryInf></Ntry><Ntry><Amt Ccy="GBP">710.00</Amt><CdtDbtInd>CRDT</CdtDbtInd><Sts>BOOK</Sts><BookgDt><Dt>2018-09-27</Dt></BookgDt><BkTxCd><Prtry><Cd>SIP UKBA CR 40269</Cd></Prtry></BkTxCd><TxDtls><Refs><EndToEndId>NOREF</EndToEndId><TxId>49145308103956000N</TxId><Prtry><Tp>STO REF</Tp><Ref>0000</Ref></Prtry></Refs><RltdPties><Dbtr><Nm>MARKLEW G R</Nm></Dbtr><DbtrAcct><Id><PrtryAcct><Id>60400916358627</Id></PrtryAcct></Id></DbtrAcct><Cdtr><Nm>GWEN SHENNAN</Nm></Cdtr><CdtrAcct><Id><PrtryAcct><Id>23008200470437</Id></PrtryAcct></Id></CdtrAcct></RltdPties><RmtInf><Strd><AddtlRmtInf>MARKLEW G R</AddtlRmtInf></Strd><Strd><AddtlRmtInf>MARKLEW G R//</AddtlRmtInf></Strd></RmtInf><RltdDts><TxDtTm>2018-09-27T14:53:08</TxDtTm></RltdDts><AddtlTxInf>49145308103956000N1020180927826604009</AddtlTxInf></TxDtls><AddtlNtryInf>COMPLETE//0000//002//CREDIT</AddtlNtryInf></Ntry><Ntry><Amt Ccy="GBP">160.00</Amt><CdtDbtInd>CRDT</CdtDbtInd><Sts>BOOK</Sts><BookgDt><Dt>2018-09-27</Dt></BookgDt><BkTxCd><Prtry><Cd>SIP UKBA CR 40269</Cd></Prtry></BkTxCd><TxDtls><Refs><EndToEndId>NOREF</EndToEndId><TxId>300000000396046417</TxId></Refs><RltdPties><Dbtr><Nm>S Redfern</Nm></Dbtr><DbtrAcct><Id><PrtryAcct><Id>30902531325460</Id></PrtryAcct></Id></DbtrAcct><Cdtr><Nm>GARETH FINDLEY</Nm></Cdtr><CdtrAcct><Id><PrtryAcct><Id>23008200451162</Id></PrtryAcct></Id></CdtrAcct><Prtry><Tp>METAL DETECTOR</Tp><Pty/></Prtry></RltdPties><RmtInf><Strd><AddtlRmtInf>NO REF</AddtlRmtInf></Strd><Strd><AddtlRmtInf>S Redfern//METAL DETECTOR</AddtlRmtInf></Strd></RmtInf><RltdDts><TxDtTm>2018-09-27T14:58:03</TxDtTm></RltdDts><AddtlTxInf>3000000003960464171020180927826309025</AddtlTxInf></TxDtls><AddtlNtryInf>COMPLETE//0000//002//CREDIT</AddtlNtryInf></Ntry><Ntry><Amt Ccy="GBP">10.00</Amt><CdtDbtInd>CRDT</CdtDbtInd><Sts>BOOK</Sts><BookgDt><Dt>2018-09-27</Dt></BookgDt><BkTxCd><Prtry><Cd>SIP UKBA CR 40269</Cd></Prtry></BkTxCd><TxDtls><Refs><EndToEndId>NOREF</EndToEndId><TxId>400000000397197559</TxId></Refs><RltdPties><Dbtr><Nm>P Titov</Nm></Dbtr><DbtrAcct><Id><PrtryAcct><Id>30995166282860</Id></PrtryAcct></Id></DbtrAcct><Cdtr><Nm>GEORGI TITOV</Nm></Cdtr><CdtrAcct><Id><PrtryAcct><Id>23008200102374</Id></PrtryAcct></Id></CdtrAcct><Prtry><Tp>BORROW</Tp><Pty/></Prtry></RltdPties><RmtInf><Strd><AddtlRmtInf>NO REF</AddtlRmtInf></Strd><Strd><AddtlRmtInf>P Titov//BORROW</AddtlRmtInf></Strd></RmtInf><RltdDts><TxDtTm>2018-09-27T14:58:42</TxDtTm></RltdDts><AddtlTxInf>4000000003971975591020180927826309951</AddtlTxInf></TxDtls><AddtlNtryInf>COMPLETE//0000//002//CREDIT</AddtlNtryInf></Ntry><Ntry><Amt Ccy="GBP">36.00</Amt><CdtDbtInd>CRDT</CdtDbtInd><Sts>BOOK</Sts><BookgDt><Dt>2018-09-27</Dt></BookgDt><BkTxCd><Prtry><Cd>SIP UKBA CR 40269</Cd></Prtry></BkTxCd><TxDtls><Refs><EndToEndId>NOREF</EndToEndId><TxId>FP18270O09984568</TxId></Refs><RltdPties><Dbtr><Nm>Akinlana Abiodun</Nm></Dbtr><DbtrAcct><Id><PrtryAcct><Id>07043622524215</Id></PrtryAcct></Id></DbtrAcct><Cdtr><Nm>SERAH</Nm></Cdtr><CdtrAcct><Id><PrtryAcct><Id>23008200470432</Id></PrtryAcct></Id></CdtrAcct><Prtry><Tp>DAN</Tp><Pty/></Prtry></RltdPties><RmtInf><Strd><AddtlRmtInf>NO REF</AddtlRmtInf></Strd><Strd><AddtlRmtInf>Akinlana Abiodun//DAN</AddtlRmtInf></Strd></RmtInf><RltdDts><TxDtTm>2018-09-27T14:59:18</TxDtTm></RltdDts><AddtlTxInf>FP18270O09984568  1020180927826070436</AddtlTxInf></TxDtls><AddtlNtryInf>COMPLETE//0000//002//CREDIT</AddtlNtryInf></Ntry></Ntfctn></BkToCstmrDbtCdtNtfctnV01></Document>