<?xml version="1.0" encoding="UTF-8"?><Document xmlns:xsi="http://www.w3.org/2001/XMLSchema-instance" xmlns="urn:iso:std:iso:20022:tech:xsd:camt.054.001.01"><BkToCstmrDbtCdtNtfctnV01><GrpHdr><MsgId>80309K//12577</MsgId><CreDtTm>2018-09-08T07:30:00</CreDtTm></GrpHdr><Ntfctn><Id>80309K//12577//1</Id><CreDtTm>2018-09-08T07:30:00</CreDtTm><Acct><Id><PrtryAcct><Id>20594233939774</Id></PrtryAcct></Id><Ccy>GBP</Ccy></Acct><TxsSummry><TtlNtries><NbOfNtries>7</NbOfNtries><Sum>5717.00</Sum></TtlNtries><TtlCdtNtries><NbOfNtries>5</NbOfNtries><Sum>1458.00</Sum></TtlCdtNtries><TtlDbtNtries><NbOfNtries>2</NbOfNtries><Sum>4259.00</Sum></TtlDbtNtries></TxsSummry><Ntry><Amt Ccy="GBP">40.00</Amt><CdtDbtInd>CRDT</CdtDbtInd><Sts>BOOK</Sts><BookgDt><Dt>2018-09-10</Dt></BookgDt><BkTxCd><Prtry><Cd>SIP UKBA CR 40269</Cd></Prtry></BkTxCd><TxDtls><Refs><EndToEndId>NOREF</EndToEndId><TxId>RP4679960904402100</TxId></Refs><RltdPties><Dbtr><Nm>MUKUNGU H</Nm></Dbtr><DbtrAcct><Id><PrtryAcct><Id>20246400621293</Id></PrtryAcct></Id></DbtrAcct><Cdtr><Nm>DAVID M</Nm></Cdtr><CdtrAcct><Id><PrtryAcct><Id>23008200195784</Id></PrtryAcct></Id></CdtrAcct><Prtry><Tp>HARRIET</Tp><Pty/></Prtry></RltdPties><RmtInf><Strd><AddtlRmtInf>NO REF</AddtlRmtInf></Strd><Strd><AddtlRmtInf>MUKUNGU H//HARRIET</AddtlRmtInf></Strd></RmtInf><RltdDts><TxDtTm>2018-09-08T07:00:41</TxDtTm></RltdDts><AddtlTxInf>RP46799609044021001020180908826200026</AddtlTxInf></TxDtls><AddtlNtryInf>COMPLETE//0000//003//CREDIT</AddtlNtryInf></Ntry><Ntry><Amt Ccy="GBP">3199.00</Amt><CdtDbtInd>DBIT</CdtDbtInd><Sts>BOOK</Sts><BookgDt><Dt>2018-09-10</Dt></BookgDt><BkTxCd><Prtry><Cd>AUT UKBA DR 30278</Cd></Prtry></BkTxCd><TxDtls><Refs><TxId>000000000335754600</TxId></Refs><RltdPties><DbtrAcct><Id><PrtryAcct><Id>20594233939774</Id></PrtryAcct></Id></DbtrAcct></RltdPties><RmtInf><Strd><AddtlRmtInf>NO REF</AddtlRmtInf></Strd><Strd><AddtlRmtInf>20180908A44639//7S      F0KAAOD435</AddtlRmtInf></Strd></RmtInf><RltdDts><TxDtTm>2018-09-08T07:01:30</TxDtTm></RltdDts><AddtlTxInf>0000000003357546000020180908826205942</AddtlTxInf></TxDtls><AddtlNtryInf>AUTHSENT//0000//003//DEBIT</AddtlNtryInf></Ntry><Ntry><Amt Ccy="GBP">1060.00</Amt><CdtDbtInd>DBIT</CdtDbtInd><Sts>BOOK</Sts><BookgDt><Dt>2018-09-10</Dt></BookgDt><BkTxCd><Prtry><Cd>AUT UKBA DR 30278</Cd></Prtry></BkTxCd><TxDtls><Refs><TxId>000000000335754700</TxId></Refs><RltdPties><DbtrAcct><Id><PrtryAcct><Id>20594233939774</Id></PrtryAcct></Id></DbtrAcct></RltdPties><RmtInf><Strd><AddtlRmtInf>NO REF</AddtlRmtInf></Strd><Strd><AddtlRmtInf>20180908A44639//7S      F0KA59S433</AddtlRmtInf></Strd></RmtInf><RltdDts><TxDtTm>2018-09-08T07:01:36</TxDtTm></RltdDts><AddtlTxInf>0000000003357547000020180908826205942</AddtlTxInf></TxDtls><AddtlNtryInf>AUTHSENT//0000//003//DEBIT</AddtlNtryInf></Ntry><Ntry><Amt Ccy="GBP">5.00</Amt><CdtDbtInd>CRDT</CdtDbtInd><Sts>BOOK</Sts><BookgDt><Dt>2018-09-10</Dt></BookgDt><BkTxCd><Prtry><Cd>SIP UKBA CR 40269</Cd></Prtry></BkTxCd><TxDtls><Refs><EndToEndId>00151144632BBJHKNP</EndToEndId><TxId>00151144632BBJHKNP</TxId></Refs><RltdPties><Dbtr><Nm>GEMMA HUMPHREYS</Nm></Dbtr><DbtrAcct><Id><PrtryAcct><Id>09012749505320</Id></PrtryAcct></Id></DbtrAcct><Cdtr><Nm>MR LEE EATLY</Nm></Cdtr><CdtrAcct><Id><PrtryAcct><Id>23008200207228</Id></PrtryAcct></Id></CdtrAcct><Prtry><Tp>bus</Tp><Pty/></Prtry></RltdPties><RmtInf><Strd><AddtlRmtInf>NO REF</AddtlRmtInf></Strd><Strd><AddtlRmtInf>GEMMA HUMPHREYS//bus</AddtlRmtInf></Strd></RmtInf><RltdDts><TxDtTm>2018-09-08T07:03:34</TxDtTm></RltdDts><AddtlTxInf>00151144632BBJHKNP1020180908826090127</AddtlTxInf></TxDtls><AddtlNtryInf>COMPLETE//0000//003//CREDIT</AddtlNtryInf></Ntry><Ntry><Amt Ccy="GBP">150.00</Amt><CdtDbtInd>CRDT</CdtDbtInd><Sts>BOOK</Sts><BookgDt><Dt>2018-09-10</Dt></BookgDt><BkTxCd><Prtry><Cd>SIP UKBA CR 40269</Cd></Prtry></BkTxCd><TxDtls><Refs><EndToEndId>WAGE</EndToEndId><TxId>41071233388105000N</TxId><Prtry><Tp>STO REF</Tp><Ref>0000</Ref></Prtry></Refs><RltdPties><Dbtr><Nm>WARD AP</Nm></Dbtr><DbtrAcct><Id><PrtryAcct><Id>56003629618851</Id></PrtryAcct></Id></DbtrAcct><Cdtr><Nm>DANIEL MORLEY</Nm></Cdtr><CdtrAcct><Id><PrtryAcct><Id>23008200338976</Id></PrtryAcct></Id></CdtrAcct><Prtry><Tp>WAGE</Tp><Pty/></Prtry></RltdPties><RmtInf><Strd><AddtlRmtInf>WARD AP           WAGE              VIA MOBILE - LVP</AddtlRmtInf></Strd><Strd><AddtlRmtInf>WARD AP//WAGE</AddtlRmtInf></Strd></RmtInf><RltdDts><TxDtTm>2018-09-08T07:12:33</TxDtTm></RltdDts><AddtlTxInf>41071233388105000N1020180908826560036</AddtlTxInf></TxDtls><AddtlNtryInf>COMPLETE//0000//003//CREDIT</AddtlNtryInf></Ntry><Ntry><Amt Ccy="GBP">950.00</Amt><CdtDbtInd>CRDT</CdtDbtInd><Sts>BOOK</Sts><BookgDt><Dt>2018-09-10</Dt></BookgDt><BkTxCd><Prtry><Cd>DCA UKBA CR 40269</Cd></Prtry></BkTxCd><TxDtls><Refs><EndToEndId>NOREF</EndToEndId><TxId>000000013512267901</TxId><Prtry><Tp>STO REF</Tp><Ref>0000</Ref></Prtry></Refs><RltdPties><Dbtr><Nm>23327202830279</Nm></Dbtr><DbtrAcct><Id><PrtryAcct><Id>20594263428524</Id></PrtryAcct></Id></DbtrAcct><Cdtr><Nm>23008200289804</Nm></Cdtr><CdtrAcct><Id><PrtryAcct><Id>20594233939774</Id></PrtryAcct></Id></CdtrAcct><Prtry><Tp>RTN</Tp><Pty/></Prtry></RltdPties><RmtInf><Strd><AddtlRmtInf>NO REF</AddtlRmtInf></Strd><Strd><AddtlRmtInf>23327202830279//RTN</AddtlRmtInf></Strd></RmtInf><RltdDts><TxDtTm>2018-09-08T07:16:39</TxDtTm></RltdDts><AddtlTxInf>0000000135122679015020180908826205942</AddtlTxInf></TxDtls><AddtlNtryInf>COMPLETE//0000//003//CREDIT</AddtlNtryInf></Ntry><Ntry><Amt Ccy="GBP">313.00</Amt><CdtDbtInd>CRDT</CdtDbtInd><Sts>BOOK</Sts><BookgDt><Dt>2018-09-10</Dt></BookgDt><BkTxCd><Prtry><Cd>DCA UKBA CR 40269</Cd></Prtry></BkTxCd><TxDtls><Refs><EndToEndId>NOREF</EndToEndId><TxId>000000013512272301</TxId><Prtry><Tp>STO REF</Tp><Ref>0000</Ref></Prtry></Refs><RltdPties><Dbtr><Nm>23327201756483</Nm></Dbtr><DbtrAcct><Id><PrtryAcct><Id>20594263428524</Id></PrtryAcct></Id></DbtrAcct><Cdtr><Nm>EMMANUEL OGIE</Nm></Cdtr><CdtrAcct><Id><PrtryAcct><Id>23008200093882</Id></PrtryAcct></Id></CdtrAcct><Prtry><Tp>MONEY OWE</Tp><Pty/></Prtry></RltdPties><RmtInf><Strd><AddtlRmtInf>NO REF</AddtlRmtInf></Strd><Strd><AddtlRmtInf>23327201756483//MONEY OWE</AddtlRmtInf></Strd></RmtInf><RltdDts><TxDtTm>2018-09-08T07:16:49</TxDtTm></RltdDts><AddtlTxInf>0000000135122723015020180908826205942</AddtlTxInf></TxDtls><AddtlNtryInf>COMPLETE//0000//003//CREDIT</AddtlNtryInf></Ntry></Ntfctn></BkToCstmrDbtCdtNtfctnV01></Document>