<?xml version="1.0" encoding="UTF-8"?><Document xmlns:xsi="http://www.w3.org/2001/XMLSchema-instance" xmlns="urn:iso:std:iso:20022:tech:xsd:camt.054.001.01"><BkToCstmrDbtCdtNtfctnV01><GrpHdr><MsgId>80309K//12545</MsgId><CreDtTm>2018-09-07T13:00:00</CreDtTm></GrpHdr><Ntfctn><Id>80309K//12545//1</Id><CreDtTm>2018-09-07T13:00:00</CreDtTm><Acct><Id><PrtryAcct><Id>20594233939774</Id></PrtryAcct></Id><Ccy>GBP</Ccy></Acct><TxsSummry><TtlNtries><NbOfNtries>10</NbOfNtries><Sum>1703.19</Sum></TtlNtries><TtlCdtNtries><NbOfNtries>10</NbOfNtries><Sum>1703.19</Sum></TtlCdtNtries><TtlDbtNtries><NbOfNtries>0</NbOfNtries><Sum>0.00</Sum></TtlDbtNtries></TxsSummry><Ntry><Amt Ccy="GBP">1.40</Amt><CdtDbtInd>CRDT</CdtDbtInd><Sts>BOOK</Sts><BookgDt><Dt>2018-09-07</Dt></BookgDt><BkTxCd><Prtry><Cd>SIP UKBA CR 40269</Cd></Prtry></BkTxCd><TxDtls><Refs><EndToEndId>X</EndToEndId><TxId>28123135226365000N</TxId><Prtry><Tp>STO REF</Tp><Ref>0000</Ref></Prtry></Refs><RltdPties><Dbtr><Nm>BRIODY L</Nm></Dbtr><DbtrAcct><Id><PrtryAcct><Id>60302134888802</Id></PrtryAcct></Id></DbtrAcct><Cdtr><Nm>ME</Nm></Cdtr><CdtrAcct><Id><PrtryAcct><Id>23008200170994</Id></PrtryAcct></Id></CdtrAcct><Prtry><Tp>X</Tp><Pty/></Prtry></RltdPties><RmtInf><Strd><AddtlRmtInf>BRIODY L          X                 VIA MOBILE - LVP</AddtlRmtInf></Strd><Strd><AddtlRmtInf>BRIODY L//X</AddtlRmtInf></Strd></RmtInf><RltdDts><TxDtTm>2018-09-07T12:31:35</TxDtTm></RltdDts><AddtlTxInf>28123135226365000N1020180907826603021</AddtlTxInf></TxDtls><AddtlNtryInf>COMPLETE//0000//001//CREDIT</AddtlNtryInf></Ntry><Ntry><Amt Ccy="GBP">300.00</Amt><CdtDbtInd>CRDT</CdtDbtInd><Sts>BOOK</Sts><BookgDt><Dt>2018-09-07</Dt></BookgDt><BkTxCd><Prtry><Cd>SIP UKBA CR 40269</Cd></Prtry></BkTxCd><TxDtls><Refs><EndToEndId>NOREF</EndToEndId><TxId>300000000390501934</TxId></Refs><RltdPties><Dbtr><Nm>S Northcott</Nm></Dbtr><DbtrAcct><Id><PrtryAcct><Id>30947222901160</Id></PrtryAcct></Id></DbtrAcct><Cdtr><Nm>JAMES PADRAIG</Nm></Cdtr><CdtrAcct><Id><PrtryAcct><Id>23008200432953</Id></PrtryAcct></Id></CdtrAcct><Prtry><Tp>BTS TOUR LONDON.</Tp><Pty/></Prtry></RltdPties><RmtInf><Strd><AddtlRmtInf>NO REF</AddtlRmtInf></Strd><Strd><AddtlRmtInf>S Northcott//BTS TOUR LONDON.</AddtlRmtInf></Strd></RmtInf><RltdDts><TxDtTm>2018-09-07T12:34:02</TxDtTm></RltdDts><AddtlTxInf>3000000003905019341020180907826309472</AddtlTxInf></TxDtls><AddtlNtryInf>COMPLETE//0000//001//CREDIT</AddtlNtryInf></Ntry><Ntry><Amt Ccy="GBP">10.00</Amt><CdtDbtInd>CRDT</CdtDbtInd><Sts>BOOK</Sts><BookgDt><Dt>2018-09-07</Dt></BookgDt><BkTxCd><Prtry><Cd>SIP UKBA CR 40269</Cd></Prtry></BkTxCd><TxDtls><Refs><EndToEndId>TERRI</EndToEndId><TxId>35124324350107000N</TxId><Prtry><Tp>STO REF</Tp><Ref>0000</Ref></Prtry></Refs><RltdPties><Dbtr><Nm>SMITH T</Nm></Dbtr><DbtrAcct><Id><PrtryAcct><Id>60060635312629</Id></PrtryAcct></Id></DbtrAcct><Cdtr><Nm>ARRO ACCOUNT</Nm></Cdtr><CdtrAcct><Id><PrtryAcct><Id>23008200361543</Id></PrtryAcct></Id></CdtrAcct><Prtry><Tp>TERRI</Tp><Pty/></Prtry></RltdPties><RmtInf><Strd><AddtlRmtInf>SMITH T           TERRI             VIA MOBILE - LVP</AddtlRmtInf></Strd><Strd><AddtlRmtInf>SMITH T//TERRI</AddtlRmtInf></Strd></RmtInf><RltdDts><TxDtTm>2018-09-07T12:43:24</TxDtTm></RltdDts><AddtlTxInf>35124324350107000N1020180907826600606</AddtlTxInf></TxDtls><AddtlNtryInf>COMPLETE//0000//001//CREDIT</AddtlNtryInf></Ntry><Ntry><Amt Ccy="GBP">10.00</Amt><CdtDbtInd>CRDT</CdtDbtInd><Sts>BOOK</Sts><BookgDt><Dt>2018-09-07</Dt></BookgDt><BkTxCd><Prtry><Cd>SIP UKBA CR 40269</Cd></Prtry></BkTxCd><TxDtls><Refs><EndToEndId>NOREF</EndToEndId><TxId>FP18250O14062050</TxId></Refs><RltdPties><Dbtr><Nm>Baker Andrew</Nm></Dbtr><DbtrAcct><Id><PrtryAcct><Id>07043601808914</Id></PrtryAcct></Id></DbtrAcct><Cdtr><Nm>DAVID SCOTT</Nm></Cdtr><CdtrAcct><Id><PrtryAcct><Id>23008200317687</Id></PrtryAcct></Id></CdtrAcct></RltdPties><RmtInf><Strd><AddtlRmtInf>NO REF</AddtlRmtInf></Strd><Strd><AddtlRmtInf>Baker Andrew//</AddtlRmtInf></Strd></RmtInf><RltdDts><TxDtTm>2018-09-07T12:46:00</TxDtTm></RltdDts><AddtlTxInf>FP18250O14062050  1020180907826070436</AddtlTxInf></TxDtls><AddtlNtryInf>COMPLETE//0000//001//CREDIT</AddtlNtryInf></Ntry><Ntry><Amt Ccy="GBP">75.34</Amt><CdtDbtInd>CRDT</CdtDbtInd><Sts>BOOK</Sts><BookgDt><Dt>2018-09-07</Dt></BookgDt><BkTxCd><Prtry><Cd>DCA UKBA CR 40269</Cd></Prtry></BkTxCd><TxDtls><Refs><EndToEndId>NOREF</EndToEndId><TxId>000000013503438501</TxId><Prtry><Tp>STO REF</Tp><Ref>0000</Ref></Prtry></Refs><RltdPties><Dbtr><Nm>23732400778704</Nm></Dbtr><DbtrAcct><Id><PrtryAcct><Id>20594243787346</Id></PrtryAcct></Id></DbtrAcct><Cdtr><Nm>YUSUF PATEL</Nm></Cdtr><CdtrAcct><Id><PrtryAcct><Id>23008200100030</Id></PrtryAcct></Id></CdtrAcct><Prtry><Tp>NZ</Tp><Pty/></Prtry></RltdPties><RmtInf><Strd><AddtlRmtInf>NO REF</AddtlRmtInf></Strd><Strd><AddtlRmtInf>23732400778704//NZ</AddtlRmtInf></Strd></RmtInf><RltdDts><TxDtTm>2018-09-07T12:46:32</TxDtTm></RltdDts><AddtlTxInf>0000000135034385015020180907826205942</AddtlTxInf></TxDtls><AddtlNtryInf>COMPLETE//0000//001//CREDIT</AddtlNtryInf></Ntry><Ntry><Amt Ccy="GBP">30.00</Amt><CdtDbtInd>CRDT</CdtDbtInd><Sts>BOOK</Sts><BookgDt><Dt>2018-09-07</Dt></BookgDt><BkTxCd><Prtry><Cd>SIP UKBA CR 40269</Cd></Prtry></BkTxCd><TxDtls><Refs><EndToEndId>NOREF</EndToEndId><TxId>200000000385192020</TxId></Refs><RltdPties><Dbtr><Nm>Property Managemen</Nm></Dbtr><DbtrAcct><Id><PrtryAcct><Id>77911254865060</Id></PrtryAcct></Id></DbtrAcct><Cdtr><Nm>DEBORAH HIPPOLYTE</Nm></Cdtr><CdtrAcct><Id><PrtryAcct><Id>23008200054436</Id></PrtryAcct></Id></CdtrAcct><Prtry><Tp>HOUSEHOLD CLEAN</Tp><Pty/></Prtry></RltdPties><RmtInf><Strd><AddtlRmtInf>NO REF</AddtlRmtInf></Strd><Strd><AddtlRmtInf>Property Managemen//HOUSEHOLD CLEAN</AddtlRmtInf></Strd></RmtInf><RltdDts><TxDtTm>2018-09-07T12:50:39</TxDtTm></RltdDts><AddtlTxInf>2000000003851920201020180907826779112</AddtlTxInf></TxDtls><AddtlNtryInf>COMPLETE//0000//001//CREDIT</AddtlNtryInf></Ntry><Ntry><Amt Ccy="GBP">3.00</Amt><CdtDbtInd>CRDT</CdtDbtInd><Sts>BOOK</Sts><BookgDt><Dt>2018-09-07</Dt></BookgDt><BkTxCd><Prtry><Cd>SIP UKBA CR 40269</Cd></Prtry></BkTxCd><TxDtls><Refs><EndToEndId>Hello</EndToEndId><TxId>TW0000000039493254</TxId></Refs><RltdPties><Dbtr><Nm>Pamela Kay TW</Nm></Dbtr><DbtrAcct><Id><PrtryAcct><Id>23147043317187</Id></PrtryAcct></Id></DbtrAcct><Cdtr><Nm>Hassan Mala</Nm></Cdtr><CdtrAcct><Id><PrtryAcct><Id>23008200433589</Id></PrtryAcct></Id></CdtrAcct><Prtry><Tp>Hello</Tp><Pty/></Prtry></RltdPties><RmtInf><Strd><AddtlRmtInf>NO REF</AddtlRmtInf></Strd><Strd><AddtlRmtInf>Pamela Kay TW//Hello</AddtlRmtInf></Strd></RmtInf><RltdDts><TxDtTm>2018-09-07T12:52:39</TxDtTm></RltdDts><AddtlTxInf>TW00000000394932541020180907826231470</AddtlTxInf></TxDtls><AddtlNtryInf>COMPLETE//0000//001//CREDIT</AddtlNtryInf></Ntry><Ntry><Amt Ccy="GBP">18.45</Amt><CdtDbtInd>CRDT</CdtDbtInd><Sts>BOOK</Sts><BookgDt><Dt>2018-09-07</Dt></BookgDt><BkTxCd><Prtry><Cd>SIP UKBA CR 40269</Cd></Prtry></BkTxCd><TxDtls><Refs><EndToEndId>NOREF</EndToEndId><TxId>500000000386858824</TxId></Refs><RltdPties><Dbtr><Nm>R Johnson</Nm></Dbtr><DbtrAcct><Id><PrtryAcct><Id>30929945704660</Id></PrtryAcct></Id></DbtrAcct><Cdtr><Nm>RUMAI JOHNSON</Nm></Cdtr><CdtrAcct><Id><PrtryAcct><Id>23008200305584</Id></PrtryAcct></Id></CdtrAcct></RltdPties><RmtInf><Strd><AddtlRmtInf>NO REF</AddtlRmtInf></Strd><Strd><AddtlRmtInf>R Johnson//</AddtlRmtInf></Strd></RmtInf><RltdDts><TxDtTm>2018-09-07T12:55:00</TxDtTm></RltdDts><AddtlTxInf>5000000003868588241020180907826309299</AddtlTxInf></TxDtls><AddtlNtryInf>COMPLETE//0000//001//CREDIT</AddtlNtryInf></Ntry><Ntry><Amt Ccy="GBP">1120.00</Amt><CdtDbtInd>CRDT</CdtDbtInd><Sts>BOOK</Sts><BookgDt><Dt>2018-09-07</Dt></BookgDt><BkTxCd><Prtry><Cd>SIP UKBA CR 40269</Cd></Prtry></BkTxCd><TxDtls><Refs><EndToEndId>NOREF</EndToEndId><TxId>23125628653402000N</TxId><Prtry><Tp>STO REF</Tp><Ref>0000</Ref></Prtry></Refs><RltdPties><Dbtr><Nm>MS HARRIET BUSINGY</Nm></Dbtr><DbtrAcct><Id><PrtryAcct><Id>51812085084425</Id></PrtryAcct></Id></DbtrAcct><Cdtr><Nm>TRAVEL SCANNERS</Nm></Cdtr><CdtrAcct><Id><PrtryAcct><Id>23008200430156</Id></PrtryAcct></Id></CdtrAcct><Prtry><Tp>LH0905</Tp><Pty/></Prtry></RltdPties><RmtInf><Strd><AddtlRmtInf>LH0905</AddtlRmtInf></Strd><Strd><AddtlRmtInf>MS HARRIET BUSINGY//LH0905</AddtlRmtInf></Strd></RmtInf><RltdDts><TxDtTm>2018-09-07T12:56:29</TxDtTm></RltdDts><AddtlTxInf>23125628653402000N1020180907826518120</AddtlTxInf></TxDtls><AddtlNtryInf>COMPLETE//0000//001//CREDIT</AddtlNtryInf></Ntry><Ntry><Amt Ccy="GBP">135.00</Amt><CdtDbtInd>CRDT</CdtDbtInd><Sts>BOOK</Sts><BookgDt><Dt>2018-09-07</Dt></BookgDt><BkTxCd><Prtry><Cd>SIP UKBA CR 40269</Cd></Prtry></BkTxCd><TxDtls><Refs><EndToEndId>NOREF</EndToEndId><TxId>100000000385200511</TxId></Refs><RltdPties><Dbtr><Nm>M Olatunji</Nm></Dbtr><DbtrAcct><Id><PrtryAcct><Id>11171311814166</Id></PrtryAcct></Id></DbtrAcct><Cdtr><Nm>TANNES LTD</Nm></Cdtr><CdtrAcct><Id><PrtryAcct><Id>23008200220991</Id></PrtryAcct></Id></CdtrAcct><Prtry><Tp>MICHAEL</Tp><Pty/></Prtry></RltdPties><RmtInf><Strd><AddtlRmtInf>NO REF</AddtlRmtInf></Strd><Strd><AddtlRmtInf>M Olatunji//MICHAEL</AddtlRmtInf></Strd></RmtInf><RltdDts><TxDtTm>2018-09-07T12:59:21</TxDtTm></RltdDts><AddtlTxInf>1000000003852005111020180907826111713</AddtlTxInf></TxDtls><AddtlNtryInf>COMPLETE//0000//001//CREDIT</AddtlNtryInf></Ntry></Ntfctn></BkToCstmrDbtCdtNtfctnV01></Document>