<?xml version="1.0" encoding="UTF-8"?><Document xmlns:xsi="http://www.w3.org/2001/XMLSchema-instance" xmlns="urn:iso:std:iso:20022:tech:xsd:camt.054.001.01"><BkToCstmrDbtCdtNtfctnV01><GrpHdr><MsgId>80309K//12463</MsgId><CreDtTm>2018-09-05T19:00:00</CreDtTm></GrpHdr><Ntfctn><Id>80309K//12463//1</Id><CreDtTm>2018-09-05T19:00:00</CreDtTm><Acct><Id><PrtryAcct><Id>20594233939774</Id></PrtryAcct></Id><Ccy>GBP</Ccy></Acct><TxsSummry><TtlNtries><NbOfNtries>7</NbOfNtries><Sum>1125.02</Sum></TtlNtries><TtlCdtNtries><NbOfNtries>7</NbOfNtries><Sum>1125.02</Sum></TtlCdtNtries><TtlDbtNtries><NbOfNtries>0</NbOfNtries><Sum>0.00</Sum></TtlDbtNtries></TxsSummry><Ntry><Amt Ccy="GBP">720.00</Amt><CdtDbtInd>CRDT</CdtDbtInd><Sts>BOOK</Sts><BookgDt><Dt>2018-09-06</Dt></BookgDt><BkTxCd><Prtry><Cd>SIP UKBA CR 40269</Cd></Prtry></BkTxCd><TxDtls><Refs><EndToEndId>STARLING-YZ5LP2LM81MQN7OE80</EndToEndId><TxId>YZ5LP2LM81MQN7OE80</TxId></Refs><RltdPties><Dbtr><Nm>Clear Proof Operations Limited</Nm></Dbtr><DbtrAcct><Id><PrtryAcct><Id>60837146391820</Id></PrtryAcct></Id></DbtrAcct><Cdtr><Nm>KJR</Nm></Cdtr><CdtrAcct><Id><PrtryAcct><Id>23008200223382</Id></PrtryAcct></Id></CdtrAcct><Prtry><Tp>12743</Tp><Pty/></Prtry></RltdPties><RmtInf><Strd><AddtlRmtInf>NO REF</AddtlRmtInf></Strd><Strd><AddtlRmtInf>Clear Proof Operat//12743</AddtlRmtInf></Strd></RmtInf><RltdDts><TxDtTm>2018-09-05T18:42:53</TxDtTm></RltdDts><AddtlTxInf>YZ5LP2LM81MQN7OE801020180905826608371</AddtlTxInf></TxDtls><AddtlNtryInf>COMPLETE//0000//003//CREDIT</AddtlNtryInf></Ntry><Ntry><Amt Ccy="GBP">100.00</Amt><CdtDbtInd>CRDT</CdtDbtInd><Sts>BOOK</Sts><BookgDt><Dt>2018-09-06</Dt></BookgDt><BkTxCd><Prtry><Cd>SIP UKBA CR 40269</Cd></Prtry></BkTxCd><TxDtls><Refs><EndToEndId>NOREF</EndToEndId><TxId>752778413581509001</TxId><Prtry><Tp>STO REF</Tp><Ref>0000</Ref></Prtry></Refs><RltdPties><Dbtr><Nm>DAVIS K</Nm></Dbtr><DbtrAcct><Id><PrtryAcct><Id>40476248111464</Id></PrtryAcct></Id></DbtrAcct><Cdtr><Nm>ROSE MARIE DENNAN</Nm></Cdtr><CdtrAcct><Id><PrtryAcct><Id>23008200431605</Id></PrtryAcct></Id></CdtrAcct><Prtry><Tp>KRISTIE DAVIS</Tp><Pty/></Prtry></RltdPties><RmtInf><Strd><AddtlRmtInf>NO REF</AddtlRmtInf></Strd><Strd><AddtlRmtInf>DAVIS K//KRISTIE DAVIS</AddtlRmtInf></Strd></RmtInf><RltdDts><TxDtTm>2018-09-05T18:53:15</TxDtTm></RltdDts><AddtlTxInf>7527784135815090011020180905826404762</AddtlTxInf></TxDtls><AddtlNtryInf>COMPLETE//0000//003//CREDIT</AddtlNtryInf></Ntry><Ntry><Amt Ccy="GBP">0.01</Amt><CdtDbtInd>CRDT</CdtDbtInd><Sts>BOOK</Sts><BookgDt><Dt>2018-09-06</Dt></BookgDt><BkTxCd><Prtry><Cd>SIP UKBA CR 40269</Cd></Prtry></BkTxCd><TxDtls><Refs><EndToEndId>PPRD00000000AL31ZA</EndToEndId><TxId>PPRD00000000AL31ZA</TxId></Refs><RltdPties><Dbtr><Nm>PAYPAL CODE 9316</Nm><PstlAdr><AdrLine>2211 N 1st Street San Jose CA 95131</AdrLine><Ctry/></PstlAdr></Dbtr><DbtrAcct><Id><PrtryAcct><Id>23526285010101</Id></PrtryAcct></Id></DbtrAcct><Cdtr><Nm>ron wilkey</Nm><PstlAdr><AdrLine>24, Evelyn Drive</AdrLine><Ctry/></PstlAdr></Cdtr><CdtrAcct><Id><PrtryAcct><Id>23008200201441</Id></PrtryAcct></Id></CdtrAcct><Prtry><Tp>PAYPAL CODE 9316</Tp><Pty/></Prtry></RltdPties><RmtInf><Strd><RfrdDocInf><RfrdDocTp><Prtry>002</Prtry></RfrdDocTp></RfrdDocInf><AddtlRmtInf>NO REF</AddtlRmtInf></Strd><Strd><AddtlRmtInf>PAYPAL CODE 9316//PAYPAL CODE 9316</AddtlRmtInf></Strd></RmtInf><RltdDts><TxDtTm>2018-09-05T18:53:46</TxDtTm></RltdDts><AddtlTxInf>PPRD00000000AL31ZA1020180905826235262</AddtlTxInf></TxDtls><AddtlNtryInf>COMPLETE//0000//003//CREDIT</AddtlNtryInf></Ntry><Ntry><Amt Ccy="GBP">255.00</Amt><CdtDbtInd>CRDT</CdtDbtInd><Sts>BOOK</Sts><BookgDt><Dt>2018-09-06</Dt></BookgDt><BkTxCd><Prtry><Cd>SIP UKBA CR 40269</Cd></Prtry></BkTxCd><TxDtls><Refs><EndToEndId>NOREF</EndToEndId><TxId>508618525581509001</TxId><Prtry><Tp>STO REF</Tp><Ref>0000</Ref></Prtry></Refs><RltdPties><Dbtr><Nm>Evans A J</Nm></Dbtr><DbtrAcct><Id><PrtryAcct><Id>40162301621785</Id></PrtryAcct></Id></DbtrAcct><Cdtr><Nm>JASON</Nm></Cdtr><CdtrAcct><Id><PrtryAcct><Id>23008200427485</Id></PrtryAcct></Id></CdtrAcct><Prtry><Tp>DILLEO</Tp><Pty/></Prtry></RltdPties><RmtInf><Strd><AddtlRmtInf>NO REF</AddtlRmtInf></Strd><Strd><AddtlRmtInf>Evans A J//DILLEO</AddtlRmtInf></Strd></RmtInf><RltdDts><TxDtTm>2018-09-05T18:55:26</TxDtTm></RltdDts><AddtlTxInf>5086185255815090011020180905826401623</AddtlTxInf></TxDtls><AddtlNtryInf>COMPLETE//0000//003//CREDIT</AddtlNtryInf></Ntry><Ntry><Amt Ccy="GBP">0.01</Amt><CdtDbtInd>CRDT</CdtDbtInd><Sts>BOOK</Sts><BookgDt><Dt>2018-09-06</Dt></BookgDt><BkTxCd><Prtry><Cd>SIP UKBA CR 40269</Cd></Prtry></BkTxCd><TxDtls><Refs><EndToEndId>PPRD00000000AL32NE</EndToEndId><TxId>PPRD00000000AL32NE</TxId></Refs><RltdPties><Dbtr><Nm>PAYPAL CODE 9386</Nm><PstlAdr><AdrLine>2211 N 1st Street San Jose CA 95131</AdrLine><Ctry/></PstlAdr></Dbtr><DbtrAcct><Id><PrtryAcct><Id>23526285010101</Id></PrtryAcct></Id></DbtrAcct><Cdtr><Nm>ron wilkey</Nm><PstlAdr><AdrLine>24, Evelyn Drive</AdrLine><Ctry/></PstlAdr></Cdtr><CdtrAcct><Id><PrtryAcct><Id>23008210201441</Id></PrtryAcct></Id></CdtrAcct><Prtry><Tp>PAYPAL CODE 9386</Tp><Pty/></Prtry></RltdPties><RmtInf><Strd><RfrdDocInf><RfrdDocTp><Prtry>002</Prtry></RfrdDocTp></RfrdDocInf><AddtlRmtInf>NO REF</AddtlRmtInf></Strd><Strd><AddtlRmtInf>PAYPAL CODE 9386//PAYPAL CODE 9386</AddtlRmtInf></Strd></RmtInf><RltdDts><TxDtTm>2018-09-05T18:56:07</TxDtTm></RltdDts><AddtlTxInf>PPRD00000000AL32NE1020180905826235262</AddtlTxInf></TxDtls><AddtlNtryInf>COMPLETE//0000//003//CREDIT</AddtlNtryInf></Ntry><Ntry><Amt Ccy="GBP">20.00</Amt><CdtDbtInd>CRDT</CdtDbtInd><Sts>BOOK</Sts><BookgDt><Dt>2018-09-06</Dt></BookgDt><BkTxCd><Prtry><Cd>SIP UKBA CR 40269</Cd></Prtry></BkTxCd><TxDtls><Refs><EndToEndId>NOREF</EndToEndId><TxId>RP4659983925539900</TxId></Refs><RltdPties><Dbtr><Nm>I + M POWIS</Nm></Dbtr><DbtrAcct><Id><PrtryAcct><Id>20107150040193</Id></PrtryAcct></Id></DbtrAcct><Cdtr><Nm>CLAYTON</Nm></Cdtr><CdtrAcct><Id><PrtryAcct><Id>23008200023182</Id></PrtryAcct></Id></CdtrAcct><Prtry><Tp>FROM MUM</Tp><Pty/></Prtry></RltdPties><RmtInf><Strd><AddtlRmtInf>NO REF</AddtlRmtInf></Strd><Strd><AddtlRmtInf>I + M POWIS//FROM MUM</AddtlRmtInf></Strd></RmtInf><RltdDts><TxDtTm>2018-09-05T18:57:04</TxDtTm></RltdDts><AddtlTxInf>RP46599839255399001020180905826200026</AddtlTxInf></TxDtls><AddtlNtryInf>COMPLETE//0000//003//CREDIT</AddtlNtryInf></Ntry><Ntry><Amt Ccy="GBP">30.00</Amt><CdtDbtInd>CRDT</CdtDbtInd><Sts>BOOK</Sts><BookgDt><Dt>2018-09-06</Dt></BookgDt><BkTxCd><Prtry><Cd>SIP UKBA CR 40269</Cd></Prtry></BkTxCd><TxDtls><Refs><EndToEndId>NOREF</EndToEndId><TxId>100000000384624790</TxId></Refs><RltdPties><Dbtr><Nm>A Buckland</Nm></Dbtr><DbtrAcct><Id><PrtryAcct><Id>30948349550968</Id></PrtryAcct></Id></DbtrAcct><Cdtr><Nm>AMANDA BUCKLAND</Nm></Cdtr><CdtrAcct><Id><PrtryAcct><Id>23008200109647</Id></PrtryAcct></Id></CdtrAcct><Prtry><Tp>GOING OUT CASH</Tp><Pty/></Prtry></RltdPties><RmtInf><Strd><AddtlRmtInf>NO REF</AddtlRmtInf></Strd><Strd><AddtlRmtInf>A Buckland//GOING OUT CASH</AddtlRmtInf></Strd></RmtInf><RltdDts><TxDtTm>2018-09-05T18:58:14</TxDtTm></RltdDts><AddtlTxInf>1000000003846247901020180905826309483</AddtlTxInf></TxDtls><AddtlNtryInf>COMPLETE//0000//003//CREDIT</AddtlNtryInf></Ntry></Ntfctn></BkToCstmrDbtCdtNtfctnV01></Document>