<?xml version="1.0" encoding="UTF-8"?><Document xmlns:xsi="http://www.w3.org/2001/XMLSchema-instance" xmlns="urn:iso:std:iso:20022:tech:xsd:camt.054.001.01"><BkToCstmrDbtCdtNtfctnV01><GrpHdr><MsgId>80309K//12823</MsgId><CreDtTm>2018-09-14T02:30:00</CreDtTm></GrpHdr><Ntfctn><Id>80309K//12823//1</Id><CreDtTm>2018-09-14T02:30:00</CreDtTm><Acct><Id><PrtryAcct><Id>20594233939774</Id></PrtryAcct></Id><Ccy>GBP</Ccy></Acct><TxsSummry><TtlNtries><NbOfNtries>4</NbOfNtries><Sum>654.78</Sum></TtlNtries><TtlCdtNtries><NbOfNtries>4</NbOfNtries><Sum>654.78</Sum></TtlCdtNtries><TtlDbtNtries><NbOfNtries>0</NbOfNtries><Sum>0.00</Sum></TtlDbtNtries></TxsSummry><Ntry><Amt Ccy="GBP">0.01</Amt><CdtDbtInd>CRDT</CdtDbtInd><Sts>BOOK</Sts><BookgDt><Dt>2018-09-14</Dt></BookgDt><BkTxCd><Prtry><Cd>SIP UKBA CR 40269</Cd></Prtry></BkTxCd><TxDtls><Refs><EndToEndId>PPRD00000000AN6C50</EndToEndId><TxId>PPRD00000000AN6C50</TxId></Refs><RltdPties><Dbtr><Nm>PAYPAL CODE 8758</Nm><PstlAdr><AdrLine>2211 N 1st Street San Jose CA 95131</AdrLine><Ctry/></PstlAdr></Dbtr><DbtrAcct><Id><PrtryAcct><Id>23526285010101</Id></PrtryAcct></Id></DbtrAcct><Cdtr><Nm>Samuel Swain</Nm><PstlAdr><AdrLine>Tennent street</AdrLine><Ctry/></PstlAdr></Cdtr><CdtrAcct><Id><PrtryAcct><Id>23008200321849</Id></PrtryAcct></Id></CdtrAcct><Prtry><Tp>PAYPAL CODE 8758</Tp><Pty/></Prtry></RltdPties><RmtInf><Strd><RfrdDocInf><RfrdDocTp><Prtry>002</Prtry></RfrdDocTp></RfrdDocInf><AddtlRmtInf>NO REF</AddtlRmtInf></Strd><Strd><AddtlRmtInf>PAYPAL CODE 8758//PAYPAL CODE 8758</AddtlRmtInf></Strd></RmtInf><RltdDts><TxDtTm>2018-09-14T02:03:39</TxDtTm></RltdDts><AddtlTxInf>PPRD00000000AN6C501020180914826235262</AddtlTxInf></TxDtls><AddtlNtryInf>COMPLETE//0000//003//CREDIT</AddtlNtryInf></Ntry><Ntry><Amt Ccy="GBP">237.71</Amt><CdtDbtInd>CRDT</CdtDbtInd><Sts>BOOK</Sts><BookgDt><Dt>2018-09-14</Dt></BookgDt><BkTxCd><Prtry><Cd>FDP UKBA CR 40269</Cd></Prtry></BkTxCd><TxDtls><Refs><EndToEndId>000000FT182560PD4G</EndToEndId><TxId>000000FT182560PD4G</TxId></Refs><RltdPties><Dbtr><Nm>PRO-ACTIVE RECRUITMENT SERVICES LTD</Nm><PstlAdr><AdrLine>78 YORK STREET;LONDON</AdrLine><Ctry/></PstlAdr></Dbtr><DbtrAcct><Id><PrtryAcct><Id>23058011562183</Id></PrtryAcct></Id></DbtrAcct><Cdtr><Nm>Kennedy Richard</Nm><PstlAdr><AdrLine>WIRECARD;Newcastle Upon Tyne</AdrLine><Ctry/></PstlAdr></Cdtr><CdtrAcct><Id><PrtryAcct><Id>23008200362174</Id></PrtryAcct></Id></CdtrAcct><Prtry><Tp>Kennedy Richard</Tp><Pty/></Prtry></RltdPties><RmtInf><Strd><AddtlRmtInf>NO REF</AddtlRmtInf></Strd><Strd><AddtlRmtInf>PRO-ACTIVE RECRUIT//Kennedy Richard</AddtlRmtInf></Strd></RmtInf><RltdDts><TxDtTm>2018-09-14T02:13:19</TxDtTm></RltdDts><AddtlTxInf>000000FT182560PD4G4020180914826230580</AddtlTxInf></TxDtls><AddtlNtryInf>COMPLETE//0000//003//CREDIT</AddtlNtryInf></Ntry><Ntry><Amt Ccy="GBP">30.00</Amt><CdtDbtInd>CRDT</CdtDbtInd><Sts>BOOK</Sts><BookgDt><Dt>2018-09-14</Dt></BookgDt><BkTxCd><Prtry><Cd>STO UKBA CR 40267</Cd></Prtry></BkTxCd><TxDtls><Refs><EndToEndId>NOREF</EndToEndId><TxId>1156645564323110SO</TxId><Prtry><Tp>STO REF</Tp><Ref>0000</Ref></Prtry></Refs><RltdPties><Dbtr><Nm>CRUMPLER S</Nm></Dbtr><DbtrAcct><Id><PrtryAcct><Id>40352021773038</Id></PrtryAcct></Id></DbtrAcct><Cdtr><Nm>MISS C HUGHES</Nm></Cdtr><CdtrAcct><Id><PrtryAcct><Id>23008200017128</Id></PrtryAcct></Id></CdtrAcct><Prtry><Tp>ALFIES MAINTENANCE</Tp><Pty/></Prtry></RltdPties><RmtInf><Strd><AddtlRmtInf>NO REF</AddtlRmtInf></Strd><Strd><AddtlRmtInf>CRUMPLER S//ALFIES MAINTENANCE</AddtlRmtInf></Strd></RmtInf><RltdDts><TxDtTm>2018-09-14T02:17:13</TxDtTm></RltdDts><AddtlTxInf>1156645564323110SO3020180914826403520</AddtlTxInf></TxDtls><AddtlNtryInf>COMPLETE//0000//003//CREDIT</AddtlNtryInf></Ntry><Ntry><Amt Ccy="GBP">387.06</Amt><CdtDbtInd>CRDT</CdtDbtInd><Sts>BOOK</Sts><BookgDt><Dt>2018-09-14</Dt></BookgDt><BkTxCd><Prtry><Cd>FDP UKBA CR 40269</Cd></Prtry></BkTxCd><TxDtls><Refs><EndToEndId>NOREF</EndToEndId><TxId>CBCBB0217362206868</TxId></Refs><RltdPties><Dbtr><Nm>TOUGH CONSTN LTD PAYROLL AC</Nm></Dbtr><DbtrAcct><Id><PrtryAcct><Id>82690230010067</Id></PrtryAcct></Id></DbtrAcct><Cdtr><Nm>MR J BRENNAN</Nm></Cdtr><CdtrAcct><Id><PrtryAcct><Id>23008200215264</Id></PrtryAcct></Id></CdtrAcct><Prtry><Tp>TOUGH CONSTRUCTION</Tp><Pty/></Prtry></RltdPties><RmtInf><Strd><RfrdDocInf><RfrdDocTp><Prtry>002</Prtry></RfrdDocTp></RfrdDocInf><AddtlRmtInf>NO REF</AddtlRmtInf></Strd><Strd><AddtlRmtInf>TOUGH CONSTN LTD P//TOUGH CONSTRUCTION</AddtlRmtInf></Strd></RmtInf><RltdDts><TxDtTm>2018-09-14T02:17:41</TxDtTm></RltdDts><AddtlTxInf>CBCBB02173622068684020180914826826902</AddtlTxInf></TxDtls><AddtlNtryInf>COMPLETE//0000//003//CREDIT</AddtlNtryInf></Ntry></Ntfctn></BkToCstmrDbtCdtNtfctnV01></Document>