<?xml version="1.0" encoding="UTF-8"?><Document xmlns:xsi="http://www.w3.org/2001/XMLSchema-instance" xmlns="urn:iso:std:iso:20022:tech:xsd:camt.054.001.01"><BkToCstmrDbtCdtNtfctnV01><GrpHdr><MsgId>80309K//13136</MsgId><CreDtTm>2018-09-21T09:00:00</CreDtTm></GrpHdr><Ntfctn><Id>80309K//13136//1</Id><CreDtTm>2018-09-21T09:00:00</CreDtTm><Acct><Id><PrtryAcct><Id>20594233939774</Id></PrtryAcct></Id><Ccy>GBP</Ccy></Acct><TxsSummry><TtlNtries><NbOfNtries>8</NbOfNtries><Sum>784.18</Sum></TtlNtries><TtlCdtNtries><NbOfNtries>8</NbOfNtries><Sum>784.18</Sum></TtlCdtNtries><TtlDbtNtries><NbOfNtries>0</NbOfNtries><Sum>0.00</Sum></TtlDbtNtries></TxsSummry><Ntry><Amt Ccy="GBP">326.41</Amt><CdtDbtInd>CRDT</CdtDbtInd><Sts>BOOK</Sts><BookgDt><Dt>2018-09-21</Dt></BookgDt><BkTxCd><Prtry><Cd>FDP UKBA CR 40269</Cd></Prtry></BkTxCd><TxDtls><Refs><EndToEndId>NOREF</EndToEndId><TxId>130496927521029001</TxId><Prtry><Tp>STO REF</Tp><Ref>0000</Ref></Prtry></Refs><RltdPties><Dbtr><Nm>Sanro Accoun</Nm></Dbtr><DbtrAcct><Id><PrtryAcct><Id>40452432613581</Id></PrtryAcct></Id></DbtrAcct><Cdtr><Nm>NIGEL CHIDUKU</Nm></Cdtr><CdtrAcct><Id><PrtryAcct><Id>23008200379526</Id></PrtryAcct></Id></CdtrAcct><Prtry><Tp>IVERS</Tp><Pty/></Prtry></RltdPties><RmtInf><Strd><AddtlRmtInf>NO REF</AddtlRmtInf></Strd><Strd><AddtlRmtInf>Sanro Accoun//IVERS</AddtlRmtInf></Strd></RmtInf><RltdDts><TxDtTm>2018-09-21T08:33:23</TxDtTm></RltdDts><AddtlTxInf>1304969275210290014020180921826404524</AddtlTxInf></TxDtls><AddtlNtryInf>COMPLETE//0000//001//CREDIT</AddtlNtryInf></Ntry><Ntry><Amt Ccy="GBP">100.00</Amt><CdtDbtInd>CRDT</CdtDbtInd><Sts>BOOK</Sts><BookgDt><Dt>2018-09-21</Dt></BookgDt><BkTxCd><Prtry><Cd>SIP UKBA CR 40269</Cd></Prtry></BkTxCd><TxDtls><Refs><EndToEndId>NOREF</EndToEndId><TxId>473211944380129001</TxId><Prtry><Tp>STO REF</Tp><Ref>0000</Ref></Prtry></Refs><RltdPties><Dbtr><Nm>ABAKPORO J J</Nm></Dbtr><DbtrAcct><Id><PrtryAcct><Id>40050072058693</Id></PrtryAcct></Id></DbtrAcct><Cdtr><Nm>Reliable shop ltd</Nm></Cdtr><CdtrAcct><Id><PrtryAcct><Id>23008200035589</Id></PrtryAcct></Id></CdtrAcct><Prtry><Tp>Pastor juliet</Tp><Pty/></Prtry></RltdPties><RmtInf><Strd><AddtlRmtInf>NO REF</AddtlRmtInf></Strd><Strd><AddtlRmtInf>ABAKPORO J J//Pastor juliet</AddtlRmtInf></Strd></RmtInf><RltdDts><TxDtTm>2018-09-21T08:34:49</TxDtTm></RltdDts><AddtlTxInf>4732119443801290011020180921826400500</AddtlTxInf></TxDtls><AddtlNtryInf>COMPLETE//0000//001//CREDIT</AddtlNtryInf></Ntry><Ntry><Amt Ccy="GBP">15.00</Amt><CdtDbtInd>CRDT</CdtDbtInd><Sts>BOOK</Sts><BookgDt><Dt>2018-09-21</Dt></BookgDt><BkTxCd><Prtry><Cd>SIP UKBA CR 40269</Cd></Prtry></BkTxCd><TxDtls><Refs><EndToEndId>00151251632BBFXNDX</EndToEndId><TxId>00151251632BBFXNDX</TxId></Refs><RltdPties><Dbtr><Nm>ABDALLAH DIEDHIOU</Nm></Dbtr><DbtrAcct><Id><PrtryAcct><Id>09012913180649</Id></PrtryAcct></Id></DbtrAcct><Cdtr><Nm>martin deen</Nm></Cdtr><CdtrAcct><Id><PrtryAcct><Id>23008200237869</Id></PrtryAcct></Id></CdtrAcct><Prtry><Tp>nartjn deen</Tp><Pty/></Prtry></RltdPties><RmtInf><Strd><AddtlRmtInf>NO REF</AddtlRmtInf></Strd><Strd><AddtlRmtInf>ABDALLAH DIEDHIOU//nartjn deen</AddtlRmtInf></Strd></RmtInf><RltdDts><TxDtTm>2018-09-21T08:39:30</TxDtTm></RltdDts><AddtlTxInf>00151251632BBFXNDX1020180921826090129</AddtlTxInf></TxDtls><AddtlNtryInf>COMPLETE//0000//001//CREDIT</AddtlNtryInf></Ntry><Ntry><Amt Ccy="GBP">200.00</Amt><CdtDbtInd>CRDT</CdtDbtInd><Sts>BOOK</Sts><BookgDt><Dt>2018-09-21</Dt></BookgDt><BkTxCd><Prtry><Cd>SIP UKBA CR 40269</Cd></Prtry></BkTxCd><TxDtls><Refs><EndToEndId>NOREF</EndToEndId><TxId>500000000390589426</TxId></Refs><RltdPties><Dbtr><Nm>S Tamerus</Nm></Dbtr><DbtrAcct><Id><PrtryAcct><Id>11059511750464</Id></PrtryAcct></Id></DbtrAcct><Cdtr><Nm>E R</Nm></Cdtr><CdtrAcct><Id><PrtryAcct><Id>23008200208436</Id></PrtryAcct></Id></CdtrAcct><Prtry><Tp>PAYMENT</Tp><Pty/></Prtry></RltdPties><RmtInf><Strd><AddtlRmtInf>NO REF</AddtlRmtInf></Strd><Strd><AddtlRmtInf>S Tamerus//PAYMENT</AddtlRmtInf></Strd></RmtInf><RltdDts><TxDtTm>2018-09-21T08:43:20</TxDtTm></RltdDts><AddtlTxInf>5000000003905894261020180921826110595</AddtlTxInf></TxDtls><AddtlNtryInf>COMPLETE//0000//001//CREDIT</AddtlNtryInf></Ntry><Ntry><Amt Ccy="GBP">0.77</Amt><CdtDbtInd>CRDT</CdtDbtInd><Sts>BOOK</Sts><BookgDt><Dt>2018-09-21</Dt></BookgDt><BkTxCd><Prtry><Cd>SIP UKBA CR 40269</Cd></Prtry></BkTxCd><TxDtls><Refs><EndToEndId>NOREF</EndToEndId><TxId>300000000394240992</TxId></Refs><RltdPties><Dbtr><Nm>J McNalus</Nm></Dbtr><DbtrAcct><Id><PrtryAcct><Id>77404243045460</Id></PrtryAcct></Id></DbtrAcct><Cdtr><Nm>JAMES MCNALUS</Nm></Cdtr><CdtrAcct><Id><PrtryAcct><Id>23008200120174</Id></PrtryAcct></Id></CdtrAcct><Prtry><Tp>BIKE</Tp><Pty/></Prtry></RltdPties><RmtInf><Strd><AddtlRmtInf>NO REF</AddtlRmtInf></Strd><Strd><AddtlRmtInf>J McNalus//BIKE</AddtlRmtInf></Strd></RmtInf><RltdDts><TxDtTm>2018-09-21T08:49:56</TxDtTm></RltdDts><AddtlTxInf>3000000003942409921020180921826774042</AddtlTxInf></TxDtls><AddtlNtryInf>COMPLETE//0000//001//CREDIT</AddtlNtryInf></Ntry><Ntry><Amt Ccy="GBP">80.00</Amt><CdtDbtInd>CRDT</CdtDbtInd><Sts>BOOK</Sts><BookgDt><Dt>2018-09-21</Dt></BookgDt><BkTxCd><Prtry><Cd>SIP UKBA CR 40269</Cd></Prtry></BkTxCd><TxDtls><Refs><EndToEndId>NOREF</EndToEndId><TxId>300000000394241685</TxId></Refs><RltdPties><Dbtr><Nm>M Aldridge</Nm></Dbtr><DbtrAcct><Id><PrtryAcct><Id>77580434199260</Id></PrtryAcct></Id></DbtrAcct><Cdtr><Nm>MARK ALDRIDGE</Nm></Cdtr><CdtrAcct><Id><PrtryAcct><Id>23008200350798</Id></PrtryAcct></Id></CdtrAcct></RltdPties><RmtInf><Strd><AddtlRmtInf>NO REF</AddtlRmtInf></Strd><Strd><AddtlRmtInf>M Aldridge//</AddtlRmtInf></Strd></RmtInf><RltdDts><TxDtTm>2018-09-21T08:52:12</TxDtTm></RltdDts><AddtlTxInf>3000000003942416851020180921826775804</AddtlTxInf></TxDtls><AddtlNtryInf>COMPLETE//0000//001//CREDIT</AddtlNtryInf></Ntry><Ntry><Amt Ccy="GBP">50.00</Amt><CdtDbtInd>CRDT</CdtDbtInd><Sts>BOOK</Sts><BookgDt><Dt>2018-09-21</Dt></BookgDt><BkTxCd><Prtry><Cd>SIP UKBA CR 40269</Cd></Prtry></BkTxCd><TxDtls><Refs><EndToEndId>NOREF</EndToEndId><TxId>RP4659984987077600</TxId></Refs><RltdPties><Dbtr><Nm>ADEGOKE G O</Nm></Dbtr><DbtrAcct><Id><PrtryAcct><Id>20107123272907</Id></PrtryAcct></Id></DbtrAcct><Cdtr><Nm>ARIYO G M</Nm></Cdtr><CdtrAcct><Id><PrtryAcct><Id>23008200012070</Id></PrtryAcct></Id></CdtrAcct><Prtry><Tp>MRSADEGOKE</Tp><Pty/></Prtry></RltdPties><RmtInf><Strd><AddtlRmtInf>NO REF</AddtlRmtInf></Strd><Strd><AddtlRmtInf>ADEGOKE G O//MRSADEGOKE</AddtlRmtInf></Strd></RmtInf><RltdDts><TxDtTm>2018-09-21T08:57:04</TxDtTm></RltdDts><AddtlTxInf>RP46599849870776001020180921826200026</AddtlTxInf></TxDtls><AddtlNtryInf>COMPLETE//0000//001//CREDIT</AddtlNtryInf></Ntry><Ntry><Amt Ccy="GBP">12.00</Amt><CdtDbtInd>CRDT</CdtDbtInd><Sts>BOOK</Sts><BookgDt><Dt>2018-09-21</Dt></BookgDt><BkTxCd><Prtry><Cd>SIP UKBA CR 40269</Cd></Prtry></BkTxCd><TxDtls><Refs><EndToEndId>NOREF</EndToEndId><TxId>RP4679961874209500</TxId></Refs><RltdPties><Dbtr><Nm>JCC ROOF T/AS</Nm></Dbtr><DbtrAcct><Id><PrtryAcct><Id>20415083457974</Id></PrtryAcct></Id></DbtrAcct><Cdtr><Nm>MARTIN DEEN</Nm></Cdtr><CdtrAcct><Id><PrtryAcct><Id>23008200237869</Id></PrtryAcct></Id></CdtrAcct><Prtry><Tp>M DEEN</Tp><Pty/></Prtry></RltdPties><RmtInf><Strd><AddtlRmtInf>NO REF</AddtlRmtInf></Strd><Strd><AddtlRmtInf>JCC ROOF T/AS//M DEEN</AddtlRmtInf></Strd></RmtInf><RltdDts><TxDtTm>2018-09-21T08:59:27</TxDtTm></RltdDts><AddtlTxInf>RP46799618742095001020180921826200026</AddtlTxInf></TxDtls><AddtlNtryInf>COMPLETE//0000//001//CREDIT</AddtlNtryInf></Ntry></Ntfctn></BkToCstmrDbtCdtNtfctnV01></Document>