<?xml version="1.0" encoding="UTF-8"?><Document xmlns:xsi="http://www.w3.org/2001/XMLSchema-instance" xmlns="urn:iso:std:iso:20022:tech:xsd:camt.054.001.01"><BkToCstmrDbtCdtNtfctnV01><GrpHdr><MsgId>80309K//12781</MsgId><CreDtTm>2018-09-13T04:00:00</CreDtTm></GrpHdr><Ntfctn><Id>80309K//12781//1</Id><CreDtTm>2018-09-13T04:00:00</CreDtTm><Acct><Id><PrtryAcct><Id>20594233939774</Id></PrtryAcct></Id><Ccy>GBP</Ccy></Acct><TxsSummry><TtlNtries><NbOfNtries>1</NbOfNtries><Sum>10.00</Sum></TtlNtries><TtlCdtNtries><NbOfNtries>1</NbOfNtries><Sum>10.00</Sum></TtlCdtNtries><TtlDbtNtries><NbOfNtries>0</NbOfNtries><Sum>0.00</Sum></TtlDbtNtries></TxsSummry><Ntry><Amt Ccy="GBP">10.00</Amt><CdtDbtInd>CRDT</CdtDbtInd><Sts>BOOK</Sts><BookgDt><Dt>2018-09-13</Dt></BookgDt><BkTxCd><Prtry><Cd>SIP UKBA CR 40269</Cd></Prtry></BkTxCd><TxDtls><Refs><EndToEndId>NOREF</EndToEndId><TxId>600000000387989073</TxId></Refs><RltdPties><Dbtr><Nm>A Norvaisaite</Nm></Dbtr><DbtrAcct><Id><PrtryAcct><Id>30979522314168</Id></PrtryAcct></Id></DbtrAcct><Cdtr><Nm>CARLOS DE PAULA</Nm></Cdtr><CdtrAcct><Id><PrtryAcct><Id>23008200443306</Id></PrtryAcct></Id></CdtrAcct><Prtry><Tp>RIQZ ARROZ</Tp><Pty/></Prtry></RltdPties><RmtInf><Strd><AddtlRmtInf>NO REF</AddtlRmtInf></Strd><Strd><AddtlRmtInf>A Norvaisaite//RIQZ ARROZ</AddtlRmtInf></Strd></RmtInf><RltdDts><TxDtTm>2018-09-13T03:42:31</TxDtTm></RltdDts><AddtlTxInf>6000000003879890731020180913826309795</AddtlTxInf></TxDtls><AddtlNtryInf>COMPLETE//0000//003//CREDIT</AddtlNtryInf></Ntry></Ntfctn></BkToCstmrDbtCdtNtfctnV01></Document>