<?xml version="1.0" encoding="UTF-8"?><Document xmlns:xsi="http://www.w3.org/2001/XMLSchema-instance" xmlns="urn:iso:std:iso:20022:tech:xsd:camt.054.001.01"><BkToCstmrDbtCdtNtfctnV01><GrpHdr><MsgId>80309K//12506</MsgId><CreDtTm>2018-09-06T17:00:00</CreDtTm></GrpHdr><Ntfctn><Id>80309K//12506//1</Id><CreDtTm>2018-09-06T17:00:00</CreDtTm><Acct><Id><PrtryAcct><Id>20594233939774</Id></PrtryAcct></Id><Ccy>GBP</Ccy></Acct><TxsSummry><TtlNtries><NbOfNtries>8</NbOfNtries><Sum>1212.28</Sum></TtlNtries><TtlCdtNtries><NbOfNtries>8</NbOfNtries><Sum>1212.28</Sum></TtlCdtNtries><TtlDbtNtries><NbOfNtries>0</NbOfNtries><Sum>0.00</Sum></TtlDbtNtries></TxsSummry><Ntry><Amt Ccy="GBP">304.71</Amt><CdtDbtInd>CRDT</CdtDbtInd><Sts>BOOK</Sts><BookgDt><Dt>2018-09-06</Dt></BookgDt><BkTxCd><Prtry><Cd>SIP UKBA CR 40269</Cd></Prtry></BkTxCd><TxDtls><Refs><EndToEndId>WK 23</EndToEndId><TxId>100000000384887966</TxId></Refs><RltdPties><Dbtr><Nm>NEXUS WORKFORCE LTD</Nm><PstlAdr><AdrLine>Marwood Building, 1 Southwood Road;</AdrLine><AdrLine>Bromborough, Wirral, Merseyside CH6</AdrLine><AdrLine>2 3QX</AdrLine><Ctry/></PstlAdr></Dbtr><DbtrAcct><Id><PrtryAcct><Id>30656234161560</Id></PrtryAcct></Id></DbtrAcct><Cdtr><Nm>Mr Mussard</Nm></Cdtr><CdtrAcct><Id><PrtryAcct><Id>23008200089043</Id></PrtryAcct></Id></CdtrAcct><Prtry><Tp>WK 23 373095</Tp><Pty/></Prtry></RltdPties><RmtInf><Strd><AddtlRmtInf>WK 23</AddtlRmtInf></Strd><Strd><AddtlRmtInf>NEXUS WORKFORCE LT//WK 23 373095</AddtlRmtInf></Strd></RmtInf><RltdDts><TxDtTm>2018-09-06T16:37:31</TxDtTm></RltdDts><AddtlTxInf>1000000003848879661020180906826306562</AddtlTxInf></TxDtls><AddtlNtryInf>COMPLETE//0000//002//CREDIT</AddtlNtryInf></Ntry><Ntry><Amt Ccy="GBP">259.11</Amt><CdtDbtInd>CRDT</CdtDbtInd><Sts>BOOK</Sts><BookgDt><Dt>2018-09-06</Dt></BookgDt><BkTxCd><Prtry><Cd>SIP UKBA CR 40269</Cd></Prtry></BkTxCd><TxDtls><Refs><EndToEndId>WK 22</EndToEndId><TxId>300000000390198169</TxId></Refs><RltdPties><Dbtr><Nm>NEXUS WORKFORCE LTD</Nm><PstlAdr><AdrLine>Marwood Building, 1 Southwood Road;</AdrLine><AdrLine>Bromborough, Wirral, Merseyside CH6</AdrLine><AdrLine>2 3QX</AdrLine><Ctry/></PstlAdr></Dbtr><DbtrAcct><Id><PrtryAcct><Id>30656234161560</Id></PrtryAcct></Id></DbtrAcct><Cdtr><Nm>Mr Mussard</Nm></Cdtr><CdtrAcct><Id><PrtryAcct><Id>23008200089043</Id></PrtryAcct></Id></CdtrAcct><Prtry><Tp>WK 22 373095</Tp><Pty/></Prtry></RltdPties><RmtInf><Strd><AddtlRmtInf>WK 22</AddtlRmtInf></Strd><Strd><AddtlRmtInf>NEXUS WORKFORCE LT//WK 22 373095</AddtlRmtInf></Strd></RmtInf><RltdDts><TxDtTm>2018-09-06T16:37:31</TxDtTm></RltdDts><AddtlTxInf>3000000003901981691020180906826306562</AddtlTxInf></TxDtls><AddtlNtryInf>COMPLETE//0000//002//CREDIT</AddtlNtryInf></Ntry><Ntry><Amt Ccy="GBP">218.46</Amt><CdtDbtInd>CRDT</CdtDbtInd><Sts>BOOK</Sts><BookgDt><Dt>2018-09-06</Dt></BookgDt><BkTxCd><Prtry><Cd>FDP UKBA CR 40269</Cd></Prtry></BkTxCd><TxDtls><Refs><EndToEndId>NOREF</EndToEndId><TxId>6742258254616119FU</TxId><Prtry><Tp>STO REF</Tp><Ref>0000</Ref></Prtry></Refs><RltdPties><Dbtr><PstlAdr><AdrLine>CGLS ACCOUNTANCY LIMITED;2ND FLOOR;</AdrLine><AdrLine>, PRINCESS MARY HOUSE;4 BLUECOATS;</AdrLine><AdrLine>AVENUE;HERTFORD, HERTS, SG14 1PB</AdrLine><Ctry/></PstlAdr></Dbtr><DbtrAcct><Id><PrtryAcct><Id>40231071852795</Id></PrtryAcct></Id></DbtrAcct><Cdtr><Nm>MR KAROLIS JASMONTAS</Nm><PstlAdr><AdrLine>136 KING STREET;GREAT YARMOUTH;NR;</AdrLine><AdrLine>30 2PQ</AdrLine><Ctry/></PstlAdr></Cdtr><CdtrAcct><Id><PrtryAcct><Id>23008200212074</Id></PrtryAcct></Id></CdtrAcct><Prtry><Tp>SALARY</Tp><Pty/></Prtry></RltdPties><RmtInf><Strd><AddtlRmtInf>NO REF</AddtlRmtInf></Strd><Strd><AddtlRmtInf>402310 71852795//SALARY</AddtlRmtInf></Strd></RmtInf><RltdDts><TxDtTm>2018-09-06T16:45:30</TxDtTm></RltdDts><AddtlTxInf>6742258254616119FU4020180906826402310</AddtlTxInf></TxDtls><AddtlNtryInf>COMPLETE//0000//002//CREDIT</AddtlNtryInf></Ntry><Ntry><Amt Ccy="GBP">40.00</Amt><CdtDbtInd>CRDT</CdtDbtInd><Sts>BOOK</Sts><BookgDt><Dt>2018-09-06</Dt></BookgDt><BkTxCd><Prtry><Cd>SIP UKBA CR 40269</Cd></Prtry></BkTxCd><TxDtls><Refs><EndToEndId>NOREF</EndToEndId><TxId>600000000386268841</TxId></Refs><RltdPties><Dbtr><Nm>M Adeosun</Nm></Dbtr><DbtrAcct><Id><PrtryAcct><Id>77130527811268</Id></PrtryAcct></Id></DbtrAcct><Cdtr><Nm>KATHRYN BEALE</Nm></Cdtr><CdtrAcct><Id><PrtryAcct><Id>23008200429708</Id></PrtryAcct></Id></CdtrAcct><Prtry><Tp>CREAM</Tp><Pty/></Prtry></RltdPties><RmtInf><Strd><AddtlRmtInf>NO REF</AddtlRmtInf></Strd><Strd><AddtlRmtInf>M Adeosun//CREAM</AddtlRmtInf></Strd></RmtInf><RltdDts><TxDtTm>2018-09-06T16:47:55</TxDtTm></RltdDts><AddtlTxInf>6000000003862688411020180906826771305</AddtlTxInf></TxDtls><AddtlNtryInf>COMPLETE//0000//002//CREDIT</AddtlNtryInf></Ntry><Ntry><Amt Ccy="GBP">35.00</Amt><CdtDbtInd>CRDT</CdtDbtInd><Sts>BOOK</Sts><BookgDt><Dt>2018-09-06</Dt></BookgDt><BkTxCd><Prtry><Cd>SIP UKBA CR 40269</Cd></Prtry></BkTxCd><TxDtls><Refs><EndToEndId>NOREF</EndToEndId><TxId>400000000391351447</TxId></Refs><RltdPties><Dbtr><Nm>L Leadbetter</Nm></Dbtr><DbtrAcct><Id><PrtryAcct><Id>11083300986311</Id></PrtryAcct></Id></DbtrAcct><Cdtr><Nm>O JOHNSON</Nm></Cdtr><CdtrAcct><Id><PrtryAcct><Id>23008200221522</Id></PrtryAcct></Id></CdtrAcct><Prtry><Tp>CATS</Tp><Pty/></Prtry></RltdPties><RmtInf><Strd><AddtlRmtInf>NO REF</AddtlRmtInf></Strd><Strd><AddtlRmtInf>L Leadbetter//CATS</AddtlRmtInf></Strd></RmtInf><RltdDts><TxDtTm>2018-09-06T16:49:00</TxDtTm></RltdDts><AddtlTxInf>4000000003913514471020180906826110833</AddtlTxInf></TxDtls><AddtlNtryInf>COMPLETE//0000//002//CREDIT</AddtlNtryInf></Ntry><Ntry><Amt Ccy="GBP">30.00</Amt><CdtDbtInd>CRDT</CdtDbtInd><Sts>BOOK</Sts><BookgDt><Dt>2018-09-06</Dt></BookgDt><BkTxCd><Prtry><Cd>DCA UKBA CR 40269</Cd></Prtry></BkTxCd><TxDtls><Refs><EndToEndId>NOREF</EndToEndId><TxId>000000013495908801</TxId><Prtry><Tp>STO REF</Tp><Ref>8207</Ref></Prtry></Refs><RltdPties><Dbtr><Nm>EVA AMBER DONKER</Nm></Dbtr><DbtrAcct><Id><PrtryAcct><Id>20035373152596</Id></PrtryAcct></Id></DbtrAcct><Cdtr><Nm>KATY MOMORE</Nm></Cdtr><CdtrAcct><Id><PrtryAcct><Id>23008200432318</Id></PrtryAcct></Id></CdtrAcct><Prtry><Tp>KATY  MOMORE</Tp><Pty/></Prtry></RltdPties><RmtInf><Strd><AddtlRmtInf>NO REF</AddtlRmtInf></Strd><Strd><AddtlRmtInf>EVA AMBER DONKER//KATY  MOMORE</AddtlRmtInf></Strd></RmtInf><RltdDts><TxDtTm>2018-09-06T16:52:32</TxDtTm></RltdDts><AddtlTxInf>0000000134959088015020180906826200353</AddtlTxInf></TxDtls><AddtlNtryInf>COMPLETE//0000//002//CREDIT</AddtlNtryInf></Ntry><Ntry><Amt Ccy="GBP">145.00</Amt><CdtDbtInd>CRDT</CdtDbtInd><Sts>BOOK</Sts><BookgDt><Dt>2018-09-06</Dt></BookgDt><BkTxCd><Prtry><Cd>SIP UKBA CR 40269</Cd></Prtry></BkTxCd><TxDtls><Refs><EndToEndId>NOREF</EndToEndId><TxId>000000000127380814</TxId></Refs><RltdPties><Dbtr><Nm>MS C E ALLEN</Nm></Dbtr><DbtrAcct><Id><PrtryAcct><Id>08930008465142</Id></PrtryAcct></Id></DbtrAcct><Cdtr><Nm>MR T CHRISTIAN</Nm></Cdtr><CdtrAcct><Id><PrtryAcct><Id>23008200427469</Id></PrtryAcct></Id></CdtrAcct><Prtry><Tp>EBAY IPHONE</Tp><Pty/></Prtry></RltdPties><RmtInf><Strd><AddtlRmtInf>NO REF</AddtlRmtInf></Strd><Strd><AddtlRmtInf>MS C E ALLEN//EBAY IPHONE</AddtlRmtInf></Strd></RmtInf><RltdDts><TxDtTm>2018-09-06T16:56:40</TxDtTm></RltdDts><AddtlTxInf>0000000001273808141020180906826089300</AddtlTxInf></TxDtls><AddtlNtryInf>COMPLETE//0000//002//CREDIT</AddtlNtryInf></Ntry><Ntry><Amt Ccy="GBP">180.00</Amt><CdtDbtInd>CRDT</CdtDbtInd><Sts>BOOK</Sts><BookgDt><Dt>2018-09-06</Dt></BookgDt><BkTxCd><Prtry><Cd>SIP UKBA CR 40269</Cd></Prtry></BkTxCd><TxDtls><Refs><EndToEndId>00151333632BBDRVNS</EndToEndId><TxId>00151333632BBDRVNS</TxId></Refs><RltdPties><Dbtr><Nm>AMANDA ATHERTON</Nm></Dbtr><DbtrAcct><Id><PrtryAcct><Id>09012708653572</Id></PrtryAcct></Id></DbtrAcct><Cdtr><Nm>Holly Green</Nm></Cdtr><CdtrAcct><Id><PrtryAcct><Id>23008200432530</Id></PrtryAcct></Id></CdtrAcct><Prtry><Tp>James Atherton</Tp><Pty/></Prtry></RltdPties><RmtInf><Strd><AddtlRmtInf>NO REF</AddtlRmtInf></Strd><Strd><AddtlRmtInf>AMANDA ATHERTON//James Atherton</AddtlRmtInf></Strd></RmtInf><RltdDts><TxDtTm>2018-09-06T16:59:39</TxDtTm></RltdDts><AddtlTxInf>00151333632BBDRVNS1020180906826090127</AddtlTxInf></TxDtls><AddtlNtryInf>COMPLETE//0000//002//CREDIT</AddtlNtryInf></Ntry></Ntfctn></BkToCstmrDbtCdtNtfctnV01></Document>