<?xml version="1.0" encoding="UTF-8"?><Document xmlns:xsi="http://www.w3.org/2001/XMLSchema-instance" xmlns="urn:iso:std:iso:20022:tech:xsd:camt.054.001.01"><BkToCstmrDbtCdtNtfctnV01><GrpHdr><MsgId>80309K//12553</MsgId><CreDtTm>2018-09-07T17:00:00</CreDtTm></GrpHdr><Ntfctn><Id>80309K//12553//1</Id><CreDtTm>2018-09-07T17:00:00</CreDtTm><Acct><Id><PrtryAcct><Id>20594233939774</Id></PrtryAcct></Id><Ccy>GBP</Ccy></Acct><TxsSummry><TtlNtries><NbOfNtries>3</NbOfNtries><Sum>430.00</Sum></TtlNtries><TtlCdtNtries><NbOfNtries>3</NbOfNtries><Sum>430.00</Sum></TtlCdtNtries><TtlDbtNtries><NbOfNtries>0</NbOfNtries><Sum>0.00</Sum></TtlDbtNtries></TxsSummry><Ntry><Amt Ccy="GBP">350.00</Amt><CdtDbtInd>CRDT</CdtDbtInd><Sts>BOOK</Sts><BookgDt><Dt>2018-09-07</Dt></BookgDt><BkTxCd><Prtry><Cd>SIP UKBA CR 40269</Cd></Prtry></BkTxCd><TxDtls><Refs><EndToEndId>00151311632BBFBGBF</EndToEndId><TxId>00151311632BBFBGBF</TxId></Refs><RltdPties><Dbtr><Nm>R25074454</Nm></Dbtr><DbtrAcct><Id><PrtryAcct><Id>09000000050005</Id></PrtryAcct></Id></DbtrAcct><Cdtr><Nm>K ash well</Nm></Cdtr><CdtrAcct><Id><PrtryAcct><Id>23008200433785</Id></PrtryAcct></Id></CdtrAcct><Prtry><Tp>House deposit</Tp><Pty/></Prtry></RltdPties><RmtInf><Strd><AddtlRmtInf>NO REF</AddtlRmtInf></Strd><Strd><AddtlRmtInf>R25074454//House deposit</AddtlRmtInf></Strd></RmtInf><RltdDts><TxDtTm>2018-09-07T16:45:06</TxDtTm></RltdDts><AddtlTxInf>00151311632BBFBGBF1020180907826090000</AddtlTxInf></TxDtls><AddtlNtryInf>COMPLETE//0000//002//CREDIT</AddtlNtryInf></Ntry><Ntry><Amt Ccy="GBP">30.00</Amt><CdtDbtInd>CRDT</CdtDbtInd><Sts>BOOK</Sts><BookgDt><Dt>2018-09-07</Dt></BookgDt><BkTxCd><Prtry><Cd>SIP UKBA CR 40269</Cd></Prtry></BkTxCd><TxDtls><Refs><EndToEndId>NOREF</EndToEndId><TxId>100000000385283511</TxId></Refs><RltdPties><Dbtr><Nm>L Wiggan</Nm></Dbtr><DbtrAcct><Id><PrtryAcct><Id>11086301717718</Id></PrtryAcct></Id></DbtrAcct><Cdtr><Nm>LORNAWIGGAN</Nm></Cdtr><CdtrAcct><Id><PrtryAcct><Id>23008200133361</Id></PrtryAcct></Id></CdtrAcct><Prtry><Tp>HOLIDAY SPENDS</Tp><Pty/></Prtry></RltdPties><RmtInf><Strd><AddtlRmtInf>NO REF</AddtlRmtInf></Strd><Strd><AddtlRmtInf>L Wiggan//HOLIDAY SPENDS</AddtlRmtInf></Strd></RmtInf><RltdDts><TxDtTm>2018-09-07T16:52:03</TxDtTm></RltdDts><AddtlTxInf>1000000003852835111020180907826110863</AddtlTxInf></TxDtls><AddtlNtryInf>COMPLETE//0000//002//CREDIT</AddtlNtryInf></Ntry><Ntry><Amt Ccy="GBP">50.00</Amt><CdtDbtInd>CRDT</CdtDbtInd><Sts>BOOK</Sts><BookgDt><Dt>2018-09-07</Dt></BookgDt><BkTxCd><Prtry><Cd>SIP UKBA CR 40269</Cd></Prtry></BkTxCd><TxDtls><Refs><EndToEndId>NOREF</EndToEndId><TxId>600000000386663548</TxId></Refs><RltdPties><Dbtr><Nm>R Johnson</Nm></Dbtr><DbtrAcct><Id><PrtryAcct><Id>30929945704660</Id></PrtryAcct></Id></DbtrAcct><Cdtr><Nm>RUMAI JOHNSON</Nm></Cdtr><CdtrAcct><Id><PrtryAcct><Id>23008200305584</Id></PrtryAcct></Id></CdtrAcct></RltdPties><RmtInf><Strd><AddtlRmtInf>NO REF</AddtlRmtInf></Strd><Strd><AddtlRmtInf>R Johnson//</AddtlRmtInf></Strd></RmtInf><RltdDts><TxDtTm>2018-09-07T16:59:03</TxDtTm></RltdDts><AddtlTxInf>6000000003866635481020180907826309299</AddtlTxInf></TxDtls><AddtlNtryInf>COMPLETE//0000//002//CREDIT</AddtlNtryInf></Ntry></Ntfctn></BkToCstmrDbtCdtNtfctnV01></Document>