<?xml version="1.0" encoding="UTF-8"?><Document xmlns:xsi="http://www.w3.org/2001/XMLSchema-instance" xmlns="urn:iso:std:iso:20022:tech:xsd:camt.054.001.01"><BkToCstmrDbtCdtNtfctnV01><GrpHdr><MsgId>80309K//13166</MsgId><CreDtTm>2018-09-22T00:00:00</CreDtTm></GrpHdr><Ntfctn><Id>80309K//13166//1</Id><CreDtTm>2018-09-22T00:00:00</CreDtTm><Acct><Id><PrtryAcct><Id>20594233939774</Id></PrtryAcct></Id><Ccy>GBP</Ccy></Acct><TxsSummry><TtlNtries><NbOfNtries>7</NbOfNtries><Sum>140.50</Sum></TtlNtries><TtlCdtNtries><NbOfNtries>7</NbOfNtries><Sum>140.50</Sum></TtlCdtNtries><TtlDbtNtries><NbOfNtries>0</NbOfNtries><Sum>0.00</Sum></TtlDbtNtries></TxsSummry><Ntry><Amt Ccy="GBP">3.50</Amt><CdtDbtInd>CRDT</CdtDbtInd><Sts>BOOK</Sts><BookgDt><Dt>2018-09-24</Dt></BookgDt><BkTxCd><Prtry><Cd>SIP UKBA CR 40269</Cd></Prtry></BkTxCd><TxDtls><Refs><EndToEndId>NOREF</EndToEndId><TxId>100000000389196723</TxId></Refs><RltdPties><Dbtr><Nm>M Bolger</Nm></Dbtr><DbtrAcct><Id><PrtryAcct><Id>30989161064668</Id></PrtryAcct></Id></DbtrAcct><Cdtr><Nm>TADHG POWER</Nm></Cdtr><CdtrAcct><Id><PrtryAcct><Id>23008200293606</Id></PrtryAcct></Id></CdtrAcct><Prtry><Tp>LOAN</Tp><Pty/></Prtry></RltdPties><RmtInf><Strd><AddtlRmtInf>NO REF</AddtlRmtInf></Strd><Strd><AddtlRmtInf>M Bolger//LOAN</AddtlRmtInf></Strd></RmtInf><RltdDts><TxDtTm>2018-09-21T23:30:14</TxDtTm></RltdDts><AddtlTxInf>1000000003891967231020180921826309891</AddtlTxInf></TxDtls><AddtlNtryInf>COMPLETE//0000//003//CREDIT</AddtlNtryInf></Ntry><Ntry><Amt Ccy="GBP">15.00</Amt><CdtDbtInd>CRDT</CdtDbtInd><Sts>BOOK</Sts><BookgDt><Dt>2018-09-24</Dt></BookgDt><BkTxCd><Prtry><Cd>SIP UKBA CR 40269</Cd></Prtry></BkTxCd><TxDtls><Refs><EndToEndId>00151256632BBDZMFL</EndToEndId><TxId>00151256632BBDZMFL</TxId></Refs><RltdPties><Dbtr><Nm>ALEXANDER HOWARD</Nm></Dbtr><DbtrAcct><Id><PrtryAcct><Id>09012785881846</Id></PrtryAcct></Id></DbtrAcct><Cdtr><Nm>ARRO</Nm></Cdtr><CdtrAcct><Id><PrtryAcct><Id>23008200364095</Id></PrtryAcct></Id></CdtrAcct><Prtry><Tp>Arro</Tp><Pty/></Prtry></RltdPties><RmtInf><Strd><AddtlRmtInf>NO REF</AddtlRmtInf></Strd><Strd><AddtlRmtInf>ALEXANDER HOWARD//Arro</AddtlRmtInf></Strd></RmtInf><RltdDts><TxDtTm>2018-09-21T23:30:48</TxDtTm></RltdDts><AddtlTxInf>00151256632BBDZMFL1020180921826090127</AddtlTxInf></TxDtls><AddtlNtryInf>COMPLETE//0000//003//CREDIT</AddtlNtryInf></Ntry><Ntry><Amt Ccy="GBP">1.00</Amt><CdtDbtInd>CRDT</CdtDbtInd><Sts>BOOK</Sts><BookgDt><Dt>2018-09-24</Dt></BookgDt><BkTxCd><Prtry><Cd>SIP UKBA CR 40269</Cd></Prtry></BkTxCd><TxDtls><Refs><EndToEndId>ALEX LTD</EndToEndId><TxId>51233321188016000N</TxId><Prtry><Tp>STO REF</Tp><Ref>0000</Ref></Prtry></Refs><RltdPties><Dbtr><Nm>LAZAR A</Nm></Dbtr><DbtrAcct><Id><PrtryAcct><Id>60222375466279</Id></PrtryAcct></Id></DbtrAcct><Cdtr><Nm>ARTEMIE MARIAN NEAGU</Nm></Cdtr><CdtrAcct><Id><PrtryAcct><Id>23008200166073</Id></PrtryAcct></Id></CdtrAcct><Prtry><Tp>ALEX LTD</Tp><Pty/></Prtry></RltdPties><RmtInf><Strd><AddtlRmtInf>LAZAR A           ALEX LTD          VIA MOBILE - LVP</AddtlRmtInf></Strd><Strd><AddtlRmtInf>LAZAR A//ALEX LTD</AddtlRmtInf></Strd></RmtInf><RltdDts><TxDtTm>2018-09-21T23:33:21</TxDtTm></RltdDts><AddtlTxInf>51233321188016000N1020180921826602223</AddtlTxInf></TxDtls><AddtlNtryInf>COMPLETE//0000//003//CREDIT</AddtlNtryInf></Ntry><Ntry><Amt Ccy="GBP">1.00</Amt><CdtDbtInd>CRDT</CdtDbtInd><Sts>BOOK</Sts><BookgDt><Dt>2018-09-24</Dt></BookgDt><BkTxCd><Prtry><Cd>SIP UKBA CR 40269</Cd></Prtry></BkTxCd><TxDtls><Refs><EndToEndId>NOREF</EndToEndId><TxId>FP18264O05429650</TxId></Refs><RltdPties><Dbtr><Nm>Black Aboney</Nm></Dbtr><DbtrAcct><Id><PrtryAcct><Id>07043603392685</Id></PrtryAcct></Id></DbtrAcct><Cdtr><Nm>THEODORE MELBOURNE</Nm></Cdtr><CdtrAcct><Id><PrtryAcct><Id>23008200343005</Id></PrtryAcct></Id></CdtrAcct><Prtry><Tp>NEW BANK ACCOUNT</Tp><Pty/></Prtry></RltdPties><RmtInf><Strd><AddtlRmtInf>NO REF</AddtlRmtInf></Strd><Strd><AddtlRmtInf>Black Aboney//NEW BANK ACCOUNT</AddtlRmtInf></Strd></RmtInf><RltdDts><TxDtTm>2018-09-21T23:41:58</TxDtTm></RltdDts><AddtlTxInf>FP18264O05429650  1020180921826070436</AddtlTxInf></TxDtls><AddtlNtryInf>COMPLETE//0000//003//CREDIT</AddtlNtryInf></Ntry><Ntry><Amt Ccy="GBP">1.00</Amt><CdtDbtInd>CRDT</CdtDbtInd><Sts>BOOK</Sts><BookgDt><Dt>2018-09-24</Dt></BookgDt><BkTxCd><Prtry><Cd>FDP UKBA CR 40269</Cd></Prtry></BkTxCd><TxDtls><Refs><EndToEndId>DZ2J1JC7</EndToEndId><TxId>PH1000001391599000</TxId></Refs><RltdPties><Dbtr><Nm>CB Payments Ltd</Nm><PstlAdr><AdrLine>126 HUNDRED ACRE ROAD BIRMINGHAM B7</AdrLine><AdrLine>43DE GB</AdrLine><Ctry/></PstlAdr></Dbtr><DbtrAcct><Id><PrtryAcct><Id>20060563056902</Id></PrtryAcct></Id></DbtrAcct><Cdtr><Nm>23008200401403</Nm></Cdtr><CdtrAcct><Id><PrtryAcct><Id>20594233939774</Id></PrtryAcct></Id></CdtrAcct><Prtry><Tp>CBAGBPJXELCRSV</Tp><Pty/></Prtry></RltdPties><RmtInf><Strd><AddtlRmtInf>NO REF</AddtlRmtInf></Strd><Strd><AddtlRmtInf>CB Payments Ltd//CBAGBPJXELCRSV</AddtlRmtInf></Strd></RmtInf><RltdDts><TxDtTm>2018-09-21T23:43:06</TxDtTm></RltdDts><AddtlTxInf>PH10000013915990004020180921826203253</AddtlTxInf></TxDtls><AddtlNtryInf>COMPLETE//0000//003//CREDIT</AddtlNtryInf></Ntry><Ntry><Amt Ccy="GBP">19.00</Amt><CdtDbtInd>CRDT</CdtDbtInd><Sts>BOOK</Sts><BookgDt><Dt>2018-09-24</Dt></BookgDt><BkTxCd><Prtry><Cd>FDP UKBA CR 40269</Cd></Prtry></BkTxCd><TxDtls><Refs><EndToEndId>XEPNGB2G</EndToEndId><TxId>PH1000001391598600</TxId></Refs><RltdPties><Dbtr><Nm>CB Payments Ltd</Nm><PstlAdr><AdrLine>126 HUNDRED ACRE ROAD BIRMINGHAM B7</AdrLine><AdrLine>43DE GB</AdrLine><Ctry/></PstlAdr></Dbtr><DbtrAcct><Id><PrtryAcct><Id>20060563056902</Id></PrtryAcct></Id></DbtrAcct><Cdtr><Nm>23008200427602</Nm></Cdtr><CdtrAcct><Id><PrtryAcct><Id>20594233939774</Id></PrtryAcct></Id></CdtrAcct><Prtry><Tp>CBAGBPJXELCRSV</Tp><Pty/></Prtry></RltdPties><RmtInf><Strd><AddtlRmtInf>NO REF</AddtlRmtInf></Strd><Strd><AddtlRmtInf>CB Payments Ltd//CBAGBPJXELCRSV</AddtlRmtInf></Strd></RmtInf><RltdDts><TxDtTm>2018-09-21T23:43:06</TxDtTm></RltdDts><AddtlTxInf>PH10000013915986004020180921826203253</AddtlTxInf></TxDtls><AddtlNtryInf>COMPLETE//0000//003//CREDIT</AddtlNtryInf></Ntry><Ntry><Amt Ccy="GBP">100.00</Amt><CdtDbtInd>CRDT</CdtDbtInd><Sts>BOOK</Sts><BookgDt><Dt>2018-09-24</Dt></BookgDt><BkTxCd><Prtry><Cd>SIP UKBA CR 40269</Cd></Prtry></BkTxCd><TxDtls><Refs><EndToEndId>NOREF</EndToEndId><TxId>RP4679961957552900</TxId></Refs><RltdPties><Dbtr><Nm>HUSEYIN A</Nm></Dbtr><DbtrAcct><Id><PrtryAcct><Id>20298143552764</Id></PrtryAcct></Id></DbtrAcct><Cdtr><Nm>MRS ANN WARD</Nm></Cdtr><CdtrAcct><Id><PrtryAcct><Id>23008200337721</Id></PrtryAcct></Id></CdtrAcct><Prtry><Tp>ABZ</Tp><Pty/></Prtry></RltdPties><RmtInf><Strd><AddtlRmtInf>NO REF</AddtlRmtInf></Strd><Strd><AddtlRmtInf>HUSEYIN A//ABZ</AddtlRmtInf></Strd></RmtInf><RltdDts><TxDtTm>2018-09-21T23:53:58</TxDtTm></RltdDts><AddtlTxInf>RP46799619575529001020180921826200026</AddtlTxInf></TxDtls><AddtlNtryInf>COMPLETE//0000//003//CREDIT</AddtlNtryInf></Ntry></Ntfctn></BkToCstmrDbtCdtNtfctnV01></Document>