<?xml version="1.0" encoding="UTF-8"?><Document xmlns:xsi="http://www.w3.org/2001/XMLSchema-instance" xmlns="urn:iso:std:iso:20022:tech:xsd:camt.054.001.01"><BkToCstmrDbtCdtNtfctnV01><GrpHdr><MsgId>80309K//13243</MsgId><CreDtTm>2018-09-23T22:30:00</CreDtTm></GrpHdr><Ntfctn><Id>80309K//13243//1</Id><CreDtTm>2018-09-23T22:30:00</CreDtTm><Acct><Id><PrtryAcct><Id>20594233939774</Id></PrtryAcct></Id><Ccy>GBP</Ccy></Acct><TxsSummry><TtlNtries><NbOfNtries>9</NbOfNtries><Sum>1101.60</Sum></TtlNtries><TtlCdtNtries><NbOfNtries>9</NbOfNtries><Sum>1101.60</Sum></TtlCdtNtries><TtlDbtNtries><NbOfNtries>0</NbOfNtries><Sum>0.00</Sum></TtlDbtNtries></TxsSummry><Ntry><Amt Ccy="GBP">66.60</Amt><CdtDbtInd>CRDT</CdtDbtInd><Sts>BOOK</Sts><BookgDt><Dt>2018-09-24</Dt></BookgDt><BkTxCd><Prtry><Cd>SIP UKBA CR 40269</Cd></Prtry></BkTxCd><TxDtls><Refs><EndToEndId>NOREF</EndToEndId><TxId>FP18266O06489279</TxId></Refs><RltdPties><Dbtr><Nm>Fisher Rema</Nm></Dbtr><DbtrAcct><Id><PrtryAcct><Id>07024645395300</Id></PrtryAcct></Id></DbtrAcct><Cdtr><Nm>MISS TINA FISHER</Nm></Cdtr><CdtrAcct><Id><PrtryAcct><Id>23008200013489</Id></PrtryAcct></Id></CdtrAcct><Prtry><Tp>REMA</Tp><Pty/></Prtry></RltdPties><RmtInf><Strd><AddtlRmtInf>NO REF</AddtlRmtInf></Strd><Strd><AddtlRmtInf>Fisher Rema//REMA</AddtlRmtInf></Strd></RmtInf><RltdDts><TxDtTm>2018-09-23T22:00:47</TxDtTm></RltdDts><AddtlTxInf>FP18266O06489279  1020180923826070246</AddtlTxInf></TxDtls><AddtlNtryInf>COMPLETE//0000//003//CREDIT</AddtlNtryInf></Ntry><Ntry><Amt Ccy="GBP">40.00</Amt><CdtDbtInd>CRDT</CdtDbtInd><Sts>BOOK</Sts><BookgDt><Dt>2018-09-24</Dt></BookgDt><BkTxCd><Prtry><Cd>SIP UKBA CR 40269</Cd></Prtry></BkTxCd><TxDtls><Refs><EndToEndId>SEX</EndToEndId><TxId>16220351628488000R</TxId><Prtry><Tp>STO REF</Tp><Ref>0000</Ref></Prtry></Refs><RltdPties><Dbtr><Nm>NELSON LB</Nm></Dbtr><DbtrAcct><Id><PrtryAcct><Id>83234400173640</Id></PrtryAcct></Id></DbtrAcct><Cdtr><Nm>JOHN BRENNAN</Nm></Cdtr><CdtrAcct><Id><PrtryAcct><Id>23008200215264</Id></PrtryAcct></Id></CdtrAcct><Prtry><Tp>SEX</Tp><Pty/></Prtry></RltdPties><RmtInf><Strd><AddtlRmtInf>NELSON LB         SEX               VIA MOBILE - LVP</AddtlRmtInf></Strd><Strd><AddtlRmtInf>NELSON LB//SEX</AddtlRmtInf></Strd></RmtInf><RltdDts><TxDtTm>2018-09-23T22:03:51</TxDtTm></RltdDts><AddtlTxInf>16220351628488000R1020180923826832344</AddtlTxInf></TxDtls><AddtlNtryInf>COMPLETE//0000//003//CREDIT</AddtlNtryInf></Ntry><Ntry><Amt Ccy="GBP">5.00</Amt><CdtDbtInd>CRDT</CdtDbtInd><Sts>BOOK</Sts><BookgDt><Dt>2018-09-24</Dt></BookgDt><BkTxCd><Prtry><Cd>SIP UKBA CR 40269</Cd></Prtry></BkTxCd><TxDtls><Refs><EndToEndId>00153771632BBBDZNP</EndToEndId><TxId>00153771632BBBDZNP</TxId></Refs><RltdPties><Dbtr><Nm>AHMED MOHAMED ABU SAUD</Nm></Dbtr><DbtrAcct><Id><PrtryAcct><Id>09012919612360</Id></PrtryAcct></Id></DbtrAcct><Cdtr><Nm>ALEXIS WESTERMAN</Nm></Cdtr><CdtrAcct><Id><PrtryAcct><Id>23008200319323</Id></PrtryAcct></Id></CdtrAcct><Prtry><Tp>gift from husband</Tp><Pty/></Prtry></RltdPties><RmtInf><Strd><AddtlRmtInf>NO REF</AddtlRmtInf></Strd><Strd><AddtlRmtInf>AHMED MOHAMED ABU //gift from husband</AddtlRmtInf></Strd></RmtInf><RltdDts><TxDtTm>2018-09-23T22:06:29</TxDtTm></RltdDts><AddtlTxInf>00153771632BBBDZNP1020180923826090129</AddtlTxInf></TxDtls><AddtlNtryInf>COMPLETE//0000//003//CREDIT</AddtlNtryInf></Ntry><Ntry><Amt Ccy="GBP">570.00</Amt><CdtDbtInd>CRDT</CdtDbtInd><Sts>BOOK</Sts><BookgDt><Dt>2018-09-24</Dt></BookgDt><BkTxCd><Prtry><Cd>SIP UKBA CR 40269</Cd></Prtry></BkTxCd><TxDtls><Refs><EndToEndId>009752</EndToEndId><TxId>49221008327405000R</TxId><Prtry><Tp>STO REF</Tp><Ref>0000</Ref></Prtry></Refs><RltdPties><Dbtr><Nm>CLARK K&amp;V/STAFF BU</Nm></Dbtr><DbtrAcct><Id><PrtryAcct><Id>83190411130743</Id></PrtryAcct></Id></DbtrAcct><Cdtr><Nm>PALLET DELIVERY</Nm></Cdtr><CdtrAcct><Id><PrtryAcct><Id>23008200443121</Id></PrtryAcct></Id></CdtrAcct><Prtry><Tp>009752</Tp><Pty/></Prtry></RltdPties><RmtInf><Strd><AddtlRmtInf>CLARK K&amp;V/STAFF BU009752            VIA ONLINE - PYMT</AddtlRmtInf></Strd><Strd><AddtlRmtInf>CLARK K&amp;V/STAFF BU//009752</AddtlRmtInf></Strd></RmtInf><RltdDts><TxDtTm>2018-09-23T22:10:08</TxDtTm></RltdDts><AddtlTxInf>49221008327405000R1020180923826831904</AddtlTxInf></TxDtls><AddtlNtryInf>COMPLETE//0000//003//CREDIT</AddtlNtryInf></Ntry><Ntry><Amt Ccy="GBP">90.00</Amt><CdtDbtInd>CRDT</CdtDbtInd><Sts>BOOK</Sts><BookgDt><Dt>2018-09-24</Dt></BookgDt><BkTxCd><Prtry><Cd>SIP UKBA CR 40269</Cd></Prtry></BkTxCd><TxDtls><Refs><EndToEndId>00157350632BBBYWLF</EndToEndId><TxId>00157350632BBBYWLF</TxId></Refs><RltdPties><Dbtr><Nm>PETER BALOG</Nm></Dbtr><DbtrAcct><Id><PrtryAcct><Id>09012903963847</Id></PrtryAcct></Id></DbtrAcct><Cdtr><Nm>frantisek balog</Nm></Cdtr><CdtrAcct><Id><PrtryAcct><Id>23008200441700</Id></PrtryAcct></Id></CdtrAcct><Prtry><Tp>fedo</Tp><Pty/></Prtry></RltdPties><RmtInf><Strd><AddtlRmtInf>NO REF</AddtlRmtInf></Strd><Strd><AddtlRmtInf>PETER BALOG//fedo</AddtlRmtInf></Strd></RmtInf><RltdDts><TxDtTm>2018-09-23T22:11:09</TxDtTm></RltdDts><AddtlTxInf>00157350632BBBYWLF1020180923826090129</AddtlTxInf></TxDtls><AddtlNtryInf>COMPLETE//0000//003//CREDIT</AddtlNtryInf></Ntry><Ntry><Amt Ccy="GBP">10.00</Amt><CdtDbtInd>CRDT</CdtDbtInd><Sts>BOOK</Sts><BookgDt><Dt>2018-09-24</Dt></BookgDt><BkTxCd><Prtry><Cd>SIP UKBA CR 40269</Cd></Prtry></BkTxCd><TxDtls><Refs><EndToEndId>DIANNA</EndToEndId><TxId>32221623196594000N</TxId><Prtry><Tp>STO REF</Tp><Ref>0000</Ref></Prtry></Refs><RltdPties><Dbtr><Nm>CAZACU D</Nm></Dbtr><DbtrAcct><Id><PrtryAcct><Id>60190223287748</Id></PrtryAcct></Id></DbtrAcct><Cdtr><Nm>MISS LAURA EWART</Nm></Cdtr><CdtrAcct><Id><PrtryAcct><Id>23008200387123</Id></PrtryAcct></Id></CdtrAcct><Prtry><Tp>DIANNA</Tp><Pty/></Prtry></RltdPties><RmtInf><Strd><AddtlRmtInf>CAZACU D          DIANNA            VIA MOBILE - LVP</AddtlRmtInf></Strd><Strd><AddtlRmtInf>CAZACU D//DIANNA</AddtlRmtInf></Strd></RmtInf><RltdDts><TxDtTm>2018-09-23T22:16:23</TxDtTm></RltdDts><AddtlTxInf>32221623196594000N1020180923826601902</AddtlTxInf></TxDtls><AddtlNtryInf>COMPLETE//0000//003//CREDIT</AddtlNtryInf></Ntry><Ntry><Amt Ccy="GBP">300.00</Amt><CdtDbtInd>CRDT</CdtDbtInd><Sts>BOOK</Sts><BookgDt><Dt>2018-09-24</Dt></BookgDt><BkTxCd><Prtry><Cd>SIP UKBA CR 40269</Cd></Prtry></BkTxCd><TxDtls><Refs><EndToEndId>NOREF</EndToEndId><TxId>300000000394820072</TxId></Refs><RltdPties><Dbtr><Nm>W Dos Prazeres Gue</Nm></Dbtr><DbtrAcct><Id><PrtryAcct><Id>30636438162168</Id></PrtryAcct></Id></DbtrAcct><Cdtr><Nm>REBECCA GREENALL</Nm></Cdtr><CdtrAcct><Id><PrtryAcct><Id>23008200451347</Id></PrtryAcct></Id></CdtrAcct><Prtry><Tp>MARIA LEONOR</Tp><Pty/></Prtry></RltdPties><RmtInf><Strd><AddtlRmtInf>NO REF</AddtlRmtInf></Strd><Strd><AddtlRmtInf>W Dos Prazeres Gue//MARIA LEONOR</AddtlRmtInf></Strd></RmtInf><RltdDts><TxDtTm>2018-09-23T22:16:35</TxDtTm></RltdDts><AddtlTxInf>3000000003948200721020180923826306364</AddtlTxInf></TxDtls><AddtlNtryInf>COMPLETE//0000//003//CREDIT</AddtlNtryInf></Ntry><Ntry><Amt Ccy="GBP">10.00</Amt><CdtDbtInd>CRDT</CdtDbtInd><Sts>BOOK</Sts><BookgDt><Dt>2018-09-24</Dt></BookgDt><BkTxCd><Prtry><Cd>SIP UKBA CR 40269</Cd></Prtry></BkTxCd><TxDtls><Refs><EndToEndId>NOREF</EndToEndId><TxId>RP4679962074991300</TxId></Refs><RltdPties><Dbtr><Nm>ABIOLA S G</Nm></Dbtr><DbtrAcct><Id><PrtryAcct><Id>20729133909697</Id></PrtryAcct></Id></DbtrAcct><Cdtr><Nm>O A OYEBANJI</Nm></Cdtr><CdtrAcct><Id><PrtryAcct><Id>23008200237848</Id></PrtryAcct></Id></CdtrAcct><Prtry><Tp>YOURDAUGHTERLESSON</Tp><Pty/></Prtry></RltdPties><RmtInf><Strd><AddtlRmtInf>NO REF</AddtlRmtInf></Strd><Strd><AddtlRmtInf>ABIOLA S G//YOURDAUGHTERLESSON</AddtlRmtInf></Strd></RmtInf><RltdDts><TxDtTm>2018-09-23T22:20:46</TxDtTm></RltdDts><AddtlTxInf>RP46799620749913001020180923826200026</AddtlTxInf></TxDtls><AddtlNtryInf>COMPLETE//0000//003//CREDIT</AddtlNtryInf></Ntry><Ntry><Amt Ccy="GBP">10.00</Amt><CdtDbtInd>CRDT</CdtDbtInd><Sts>BOOK</Sts><BookgDt><Dt>2018-09-24</Dt></BookgDt><BkTxCd><Prtry><Cd>SIP UKBA CR 40269</Cd></Prtry></BkTxCd><TxDtls><Refs><EndToEndId>00151268632BBFSGTY</EndToEndId><TxId>00151268632BBFSGTY</TxId></Refs><RltdPties><Dbtr><Nm>LEANNE MOORE</Nm></Dbtr><DbtrAcct><Id><PrtryAcct><Id>09012853226728</Id></PrtryAcct></Id></DbtrAcct><Cdtr><Nm>LOUISE TURRELL</Nm></Cdtr><CdtrAcct><Id><PrtryAcct><Id>23008200334676</Id></PrtryAcct></Id></CdtrAcct><Prtry><Tp>FROM LEANNE</Tp><Pty/></Prtry></RltdPties><RmtInf><Strd><AddtlRmtInf>NO REF</AddtlRmtInf></Strd><Strd><AddtlRmtInf>LEANNE MOORE//FROM LEANNE</AddtlRmtInf></Strd></RmtInf><RltdDts><TxDtTm>2018-09-23T22:25:37</TxDtTm></RltdDts><AddtlTxInf>00151268632BBFSGTY1020180923826090128</AddtlTxInf></TxDtls><AddtlNtryInf>COMPLETE//0000//003//CREDIT</AddtlNtryInf></Ntry></Ntfctn></BkToCstmrDbtCdtNtfctnV01></Document>