<?xml version="1.0" encoding="UTF-8"?><Document xmlns:xsi="http://www.w3.org/2001/XMLSchema-instance" xmlns="urn:iso:std:iso:20022:tech:xsd:camt.054.001.01"><BkToCstmrDbtCdtNtfctnV01><GrpHdr><MsgId>80309K//12538</MsgId><CreDtTm>2018-09-07T09:30:00</CreDtTm></GrpHdr><Ntfctn><Id>80309K//12538//1</Id><CreDtTm>2018-09-07T09:30:00</CreDtTm><Acct><Id><PrtryAcct><Id>20594233939774</Id></PrtryAcct></Id><Ccy>GBP</Ccy></Acct><TxsSummry><TtlNtries><NbOfNtries>11</NbOfNtries><Sum>1255.02</Sum></TtlNtries><TtlCdtNtries><NbOfNtries>11</NbOfNtries><Sum>1255.02</Sum></TtlCdtNtries><TtlDbtNtries><NbOfNtries>0</NbOfNtries><Sum>0.00</Sum></TtlDbtNtries></TxsSummry><Ntry><Amt Ccy="GBP">250.00</Amt><CdtDbtInd>CRDT</CdtDbtInd><Sts>BOOK</Sts><BookgDt><Dt>2018-09-07</Dt></BookgDt><BkTxCd><Prtry><Cd>SIP UKBA CR 40269</Cd></Prtry></BkTxCd><TxDtls><Refs><EndToEndId>NOREF</EndToEndId><TxId>58090228732889000N</TxId><Prtry><Tp>STO REF</Tp><Ref>0000</Ref></Prtry></Refs><RltdPties><Dbtr><Nm>CRIST SERVICES LTD</Nm><PstlAdr><AdrLine>APS COTTONS CENTRE SE1 2QG</AdrLine><Ctry/></PstlAdr></Dbtr><DbtrAcct><Id><PrtryAcct><Id>08719915886391</Id></PrtryAcct></Id></DbtrAcct><Cdtr><Nm>ION</Nm></Cdtr><CdtrAcct><Id><PrtryAcct><Id>23008200365920</Id></PrtryAcct></Id></CdtrAcct><Prtry><Tp>BADEA</Tp><Pty/></Prtry></RltdPties><RmtInf><Strd><AddtlRmtInf>BADEA</AddtlRmtInf></Strd><Strd><AddtlRmtInf>CRIST SERVICES LTD//BADEA</AddtlRmtInf></Strd></RmtInf><RltdDts><TxDtTm>2018-09-07T09:02:29</TxDtTm></RltdDts><AddtlTxInf>58090228732889000N1020180907826087199</AddtlTxInf></TxDtls><AddtlNtryInf>COMPLETE//0000//001//CREDIT</AddtlNtryInf></Ntry><Ntry><Amt Ccy="GBP">10.00</Amt><CdtDbtInd>CRDT</CdtDbtInd><Sts>BOOK</Sts><BookgDt><Dt>2018-09-07</Dt></BookgDt><BkTxCd><Prtry><Cd>SIP UKBA CR 40269</Cd></Prtry></BkTxCd><TxDtls><Refs><EndToEndId>NOREF</EndToEndId><TxId>300000000390425171</TxId></Refs><RltdPties><Dbtr><Nm>C Bray</Nm></Dbtr><DbtrAcct><Id><PrtryAcct><Id>77121231115060</Id></PrtryAcct></Id></DbtrAcct><Cdtr><Nm>SEXY</Nm></Cdtr><CdtrAcct><Id><PrtryAcct><Id>23008200195387</Id></PrtryAcct></Id></CdtrAcct><Prtry><Tp>LOVE YOU</Tp><Pty/></Prtry></RltdPties><RmtInf><Strd><AddtlRmtInf>NO REF</AddtlRmtInf></Strd><Strd><AddtlRmtInf>C Bray//LOVE YOU</AddtlRmtInf></Strd></RmtInf><RltdDts><TxDtTm>2018-09-07T09:06:18</TxDtTm></RltdDts><AddtlTxInf>3000000003904251711020180907826771212</AddtlTxInf></TxDtls><AddtlNtryInf>COMPLETE//0000//001//CREDIT</AddtlNtryInf></Ntry><Ntry><Amt Ccy="GBP">8.02</Amt><CdtDbtInd>CRDT</CdtDbtInd><Sts>BOOK</Sts><BookgDt><Dt>2018-09-07</Dt></BookgDt><BkTxCd><Prtry><Cd>SIP UKBA CR 40269</Cd></Prtry></BkTxCd><TxDtls><Refs><EndToEndId>NOREF</EndToEndId><TxId>18862570119091F5SW</TxId><Prtry><Tp>STO REF</Tp><Ref>0000</Ref></Prtry></Refs><RltdPties><Dbtr><Nm>SKRILL LIMITED</Nm><PstlAdr><AdrLine>LONDON</AdrLine><Ctry/></PstlAdr></Dbtr><DbtrAcct><Id><PrtryAcct><Id>40486563717002</Id></PrtryAcct></Id></DbtrAcct><Cdtr><Nm>WILLIAM FERGUSON</Nm></Cdtr><CdtrAcct><Id><PrtryAcct><Id>23008200431626</Id></PrtryAcct></Id></CdtrAcct><Prtry><Tp>TRN2479925721</Tp><Pty/></Prtry></RltdPties><RmtInf><Strd><AddtlRmtInf>NO REF</AddtlRmtInf></Strd><Strd><AddtlRmtInf>SKRILL LIMITED//TRN2479925721</AddtlRmtInf></Strd></RmtInf><RltdDts><TxDtTm>2018-09-07T09:11:15</TxDtTm></RltdDts><AddtlTxInf>18862570119091F5SW1020180907826400530</AddtlTxInf></TxDtls><AddtlNtryInf>COMPLETE//0000//001//CREDIT</AddtlNtryInf></Ntry><Ntry><Amt Ccy="GBP">5.50</Amt><CdtDbtInd>CRDT</CdtDbtInd><Sts>BOOK</Sts><BookgDt><Dt>2018-09-07</Dt></BookgDt><BkTxCd><Prtry><Cd>SIP UKBA CR 40269</Cd></Prtry></BkTxCd><TxDtls><Refs><EndToEndId>NOREF</EndToEndId><TxId>99721942119071F8SW</TxId><Prtry><Tp>STO REF</Tp><Ref>0000</Ref></Prtry></Refs><RltdPties><Dbtr><Nm>SKRILL LIMITED</Nm><PstlAdr><AdrLine>LONDON</AdrLine><Ctry/></PstlAdr></Dbtr><DbtrAcct><Id><PrtryAcct><Id>40486563717002</Id></PrtryAcct></Id></DbtrAcct><Cdtr><Nm>TOMAS LOUSADA</Nm></Cdtr><CdtrAcct><Id><PrtryAcct><Id>23008200429869</Id></PrtryAcct></Id></CdtrAcct><Prtry><Tp>TRN2479576156</Tp><Pty/></Prtry></RltdPties><RmtInf><Strd><AddtlRmtInf>NO REF</AddtlRmtInf></Strd><Strd><AddtlRmtInf>SKRILL LIMITED//TRN2479576156</AddtlRmtInf></Strd></RmtInf><RltdDts><TxDtTm>2018-09-07T09:11:25</TxDtTm></RltdDts><AddtlTxInf>99721942119071F8SW1020180907826400530</AddtlTxInf></TxDtls><AddtlNtryInf>COMPLETE//0000//001//CREDIT</AddtlNtryInf></Ntry><Ntry><Amt Ccy="GBP">72.00</Amt><CdtDbtInd>CRDT</CdtDbtInd><Sts>BOOK</Sts><BookgDt><Dt>2018-09-07</Dt></BookgDt><BkTxCd><Prtry><Cd>SIP UKBA CR 40269</Cd></Prtry></BkTxCd><TxDtls><Refs><EndToEndId>NOREF</EndToEndId><TxId>254038521190709001</TxId><Prtry><Tp>STO REF</Tp><Ref>0000</Ref></Prtry></Refs><RltdPties><Dbtr><Nm>GRISCTI D</Nm></Dbtr><DbtrAcct><Id><PrtryAcct><Id>40274550009180</Id></PrtryAcct></Id></DbtrAcct><Cdtr><Nm>JAKUB GOLISZEWSKI</Nm></Cdtr><CdtrAcct><Id><PrtryAcct><Id>23008200227542</Id></PrtryAcct></Id></CdtrAcct><Prtry><Tp>CLEANING</Tp><Pty/></Prtry></RltdPties><RmtInf><Strd><AddtlRmtInf>NO REF</AddtlRmtInf></Strd><Strd><AddtlRmtInf>GRISCTI D//CLEANING</AddtlRmtInf></Strd></RmtInf><RltdDts><TxDtTm>2018-09-07T09:11:26</TxDtTm></RltdDts><AddtlTxInf>2540385211907090011020180907826402745</AddtlTxInf></TxDtls><AddtlNtryInf>COMPLETE//0000//001//CREDIT</AddtlNtryInf></Ntry><Ntry><Amt Ccy="GBP">229.00</Amt><CdtDbtInd>CRDT</CdtDbtInd><Sts>BOOK</Sts><BookgDt><Dt>2018-09-07</Dt></BookgDt><BkTxCd><Prtry><Cd>SIP UKBA CR 40269</Cd></Prtry></BkTxCd><TxDtls><Refs><EndToEndId>NOREF</EndToEndId><TxId>FP18250O13843987</TxId></Refs><RltdPties><Dbtr><Nm>Adesuyi Taiwo</Nm></Dbtr><DbtrAcct><Id><PrtryAcct><Id>07043619786608</Id></PrtryAcct></Id></DbtrAcct><Cdtr><Nm>TAIWO ADESUYI</Nm></Cdtr><CdtrAcct><Id><PrtryAcct><Id>23008200397167</Id></PrtryAcct></Id></CdtrAcct><Prtry><Tp>TEEBOY</Tp><Pty/></Prtry></RltdPties><RmtInf><Strd><AddtlRmtInf>NO REF</AddtlRmtInf></Strd><Strd><AddtlRmtInf>Adesuyi Taiwo//TEEBOY</AddtlRmtInf></Strd></RmtInf><RltdDts><TxDtTm>2018-09-07T09:14:11</TxDtTm></RltdDts><AddtlTxInf>FP18250O13843987  1020180907826070436</AddtlTxInf></TxDtls><AddtlNtryInf>COMPLETE//0000//001//CREDIT</AddtlNtryInf></Ntry><Ntry><Amt Ccy="GBP">100.00</Amt><CdtDbtInd>CRDT</CdtDbtInd><Sts>BOOK</Sts><BookgDt><Dt>2018-09-07</Dt></BookgDt><BkTxCd><Prtry><Cd>SIP UKBA CR 40269</Cd></Prtry></BkTxCd><TxDtls><Refs><EndToEndId>KAZ</EndToEndId><TxId>47091458635555000N</TxId><Prtry><Tp>STO REF</Tp><Ref>0000</Ref></Prtry></Refs><RltdPties><Dbtr><Nm>BIRD KV</Nm></Dbtr><DbtrAcct><Id><PrtryAcct><Id>60180615604357</Id></PrtryAcct></Id></DbtrAcct><Cdtr><Nm>MISS LOUISE TURRELL</Nm></Cdtr><CdtrAcct><Id><PrtryAcct><Id>23008200334676</Id></PrtryAcct></Id></CdtrAcct><Prtry><Tp>KAZ</Tp><Pty/></Prtry></RltdPties><RmtInf><Strd><AddtlRmtInf>BIRD KV           KAZ               VIA MOBILE - LVP</AddtlRmtInf></Strd><Strd><AddtlRmtInf>BIRD KV//KAZ</AddtlRmtInf></Strd></RmtInf><RltdDts><TxDtTm>2018-09-07T09:14:59</TxDtTm></RltdDts><AddtlTxInf>47091458635555000N1020180907826601806</AddtlTxInf></TxDtls><AddtlNtryInf>COMPLETE//0000//001//CREDIT</AddtlNtryInf></Ntry><Ntry><Amt Ccy="GBP">5.50</Amt><CdtDbtInd>CRDT</CdtDbtInd><Sts>BOOK</Sts><BookgDt><Dt>2018-09-07</Dt></BookgDt><BkTxCd><Prtry><Cd>SIP UKBA CR 40269</Cd></Prtry></BkTxCd><TxDtls><Refs><EndToEndId>NOREF</EndToEndId><TxId>00329360319204F6SW</TxId><Prtry><Tp>STO REF</Tp><Ref>0000</Ref></Prtry></Refs><RltdPties><Dbtr><Nm>SKRILL LIMITED</Nm><PstlAdr><AdrLine>LONDON</AdrLine><Ctry/></PstlAdr></Dbtr><DbtrAcct><Id><PrtryAcct><Id>40486563717002</Id></PrtryAcct></Id></DbtrAcct><Cdtr><Nm>LYNN COMER</Nm></Cdtr><CdtrAcct><Id><PrtryAcct><Id>23008200428450</Id></PrtryAcct></Id></CdtrAcct><Prtry><Tp>TRN2479538466</Tp><Pty/></Prtry></RltdPties><RmtInf><Strd><AddtlRmtInf>NO REF</AddtlRmtInf></Strd><Strd><AddtlRmtInf>SKRILL LIMITED//TRN2479538466</AddtlRmtInf></Strd></RmtInf><RltdDts><TxDtTm>2018-09-07T09:15:16</TxDtTm></RltdDts><AddtlTxInf>00329360319204F6SW1020180907826400530</AddtlTxInf></TxDtls><AddtlNtryInf>COMPLETE//0000//001//CREDIT</AddtlNtryInf></Ntry><Ntry><Amt Ccy="GBP">50.00</Amt><CdtDbtInd>CRDT</CdtDbtInd><Sts>BOOK</Sts><BookgDt><Dt>2018-09-07</Dt></BookgDt><BkTxCd><Prtry><Cd>SIP UKBA CR 40269</Cd></Prtry></BkTxCd><TxDtls><Refs><EndToEndId>NOREF</EndToEndId><TxId>FP18250O13846806</TxId></Refs><RltdPties><Dbtr><Nm>Malik Anjam</Nm></Dbtr><DbtrAcct><Id><PrtryAcct><Id>07024648213262</Id></PrtryAcct></Id></DbtrAcct><Cdtr><Nm>OSCAR</Nm></Cdtr><CdtrAcct><Id><PrtryAcct><Id>23008200423984</Id></PrtryAcct></Id></CdtrAcct><Prtry><Tp>AUDI CAR</Tp><Pty/></Prtry></RltdPties><RmtInf><Strd><AddtlRmtInf>NO REF</AddtlRmtInf></Strd><Strd><AddtlRmtInf>Malik Anjam//AUDI CAR</AddtlRmtInf></Strd></RmtInf><RltdDts><TxDtTm>2018-09-07T09:16:39</TxDtTm></RltdDts><AddtlTxInf>FP18250O13846806  1020180907826070246</AddtlTxInf></TxDtls><AddtlNtryInf>COMPLETE//0000//001//CREDIT</AddtlNtryInf></Ntry><Ntry><Amt Ccy="GBP">500.00</Amt><CdtDbtInd>CRDT</CdtDbtInd><Sts>BOOK</Sts><BookgDt><Dt>2018-09-07</Dt></BookgDt><BkTxCd><Prtry><Cd>SIP UKBA CR 40269</Cd></Prtry></BkTxCd><TxDtls><Refs><EndToEndId>NOREF</EndToEndId><TxId>200000000385114370</TxId></Refs><RltdPties><Dbtr><Nm>O Daodu</Nm></Dbtr><DbtrAcct><Id><PrtryAcct><Id>30667641386260</Id></PrtryAcct></Id></DbtrAcct><Cdtr><Nm>EXPORT SOLUTION</Nm></Cdtr><CdtrAcct><Id><PrtryAcct><Id>23008200044254</Id></PrtryAcct></Id></CdtrAcct><Prtry><Tp>OLA DAODU</Tp><Pty/></Prtry></RltdPties><RmtInf><Strd><AddtlRmtInf>NO REF</AddtlRmtInf></Strd><Strd><AddtlRmtInf>O Daodu//OLA DAODU</AddtlRmtInf></Strd></RmtInf><RltdDts><TxDtTm>2018-09-07T09:18:21</TxDtTm></RltdDts><AddtlTxInf>2000000003851143701020180907826306676</AddtlTxInf></TxDtls><AddtlNtryInf>COMPLETE//0000//001//CREDIT</AddtlNtryInf></Ntry><Ntry><Amt Ccy="GBP">25.00</Amt><CdtDbtInd>CRDT</CdtDbtInd><Sts>BOOK</Sts><BookgDt><Dt>2018-09-07</Dt></BookgDt><BkTxCd><Prtry><Cd>SIP UKBA CR 40269</Cd></Prtry></BkTxCd><TxDtls><Refs><EndToEndId>NOREF</EndToEndId><TxId>400000000391582898</TxId></Refs><RltdPties><Dbtr><Nm>S Desmidt</Nm></Dbtr><DbtrAcct><Id><PrtryAcct><Id>11641403383965</Id></PrtryAcct></Id></DbtrAcct><Cdtr><Nm>ANN WARD</Nm></Cdtr><CdtrAcct><Id><PrtryAcct><Id>23008200337721</Id></PrtryAcct></Id></CdtrAcct><Prtry><Tp>ASBO</Tp><Pty/></Prtry></RltdPties><RmtInf><Strd><AddtlRmtInf>NO REF</AddtlRmtInf></Strd><Strd><AddtlRmtInf>S Desmidt//ASBO</AddtlRmtInf></Strd></RmtInf><RltdDts><TxDtTm>2018-09-07T09:25:59</TxDtTm></RltdDts><AddtlTxInf>4000000003915828981020180907826116414</AddtlTxInf></TxDtls><AddtlNtryInf>COMPLETE//0000//001//CREDIT</AddtlNtryInf></Ntry></Ntfctn></BkToCstmrDbtCdtNtfctnV01></Document>