<?xml version="1.0" encoding="UTF-8"?><Document xmlns:xsi="http://www.w3.org/2001/XMLSchema-instance" xmlns="urn:iso:std:iso:20022:tech:xsd:camt.054.001.01"><BkToCstmrDbtCdtNtfctnV01><GrpHdr><MsgId>80309K//13535</MsgId><CreDtTm>2018-09-30T18:00:00</CreDtTm></GrpHdr><Ntfctn><Id>80309K//13535//1</Id><CreDtTm>2018-09-30T18:00:00</CreDtTm><Acct><Id><PrtryAcct><Id>20594233939774</Id></PrtryAcct></Id><Ccy>GBP</Ccy></Acct><TxsSummry><TtlNtries><NbOfNtries>5</NbOfNtries><Sum>1038.02</Sum></TtlNtries><TtlCdtNtries><NbOfNtries>5</NbOfNtries><Sum>1038.02</Sum></TtlCdtNtries><TtlDbtNtries><NbOfNtries>0</NbOfNtries><Sum>0.00</Sum></TtlDbtNtries></TxsSummry><Ntry><Amt Ccy="GBP">590.00</Amt><CdtDbtInd>CRDT</CdtDbtInd><Sts>BOOK</Sts><BookgDt><Dt>2018-10-01</Dt></BookgDt><BkTxCd><Prtry><Cd>SIP UKBA CR 40269</Cd></Prtry></BkTxCd><TxDtls><Refs><EndToEndId>NOREF</EndToEndId><TxId>21173323558462000N</TxId><Prtry><Tp>STO REF</Tp><Ref>0000</Ref></Prtry></Refs><RltdPties><Dbtr><Nm>ABRAHAM P&amp;M DAVID</Nm></Dbtr><DbtrAcct><Id><PrtryAcct><Id>50300546024875</Id></PrtryAcct></Id></DbtrAcct><Cdtr><Nm>DAVID GARDNER</Nm></Cdtr><CdtrAcct><Id><PrtryAcct><Id>23008200476034</Id></PrtryAcct></Id></CdtrAcct></RltdPties><RmtInf><Strd><AddtlRmtInf>ABRAHAM P&amp;M DAVID</AddtlRmtInf></Strd><Strd><AddtlRmtInf>ABRAHAM P&amp;M DAVID//</AddtlRmtInf></Strd></RmtInf><RltdDts><TxDtTm>2018-09-30T17:33:23</TxDtTm></RltdDts><AddtlTxInf>21173323558462000N1020180930826503005</AddtlTxInf></TxDtls><AddtlNtryInf>COMPLETE//0000//003//CREDIT</AddtlNtryInf></Ntry><Ntry><Amt Ccy="GBP">0.01</Amt><CdtDbtInd>CRDT</CdtDbtInd><Sts>BOOK</Sts><BookgDt><Dt>2018-10-01</Dt></BookgDt><BkTxCd><Prtry><Cd>SIP UKBA CR 40269</Cd></Prtry></BkTxCd><TxDtls><Refs><EndToEndId>PPRD00000000ARB7F4</EndToEndId><TxId>PPRD00000000ARB7F4</TxId></Refs><RltdPties><Dbtr><Nm>PAYPAL CODE 5737</Nm><PstlAdr><AdrLine>2211 N 1st Street San Jose CA 95131</AdrLine><Ctry/></PstlAdr></Dbtr><DbtrAcct><Id><PrtryAcct><Id>23526285010101</Id></PrtryAcct></Id></DbtrAcct><Cdtr><Nm>paul spearing</Nm><PstlAdr><AdrLine>14 Paddock Drive</AdrLine><Ctry/></PstlAdr></Cdtr><CdtrAcct><Id><PrtryAcct><Id>23008200476751</Id></PrtryAcct></Id></CdtrAcct><Prtry><Tp>PAYPAL CODE 5737</Tp><Pty/></Prtry></RltdPties><RmtInf><Strd><RfrdDocInf><RfrdDocTp><Prtry>002</Prtry></RfrdDocTp></RfrdDocInf><AddtlRmtInf>NO REF</AddtlRmtInf></Strd><Strd><AddtlRmtInf>PAYPAL CODE 5737//PAYPAL CODE 5737</AddtlRmtInf></Strd></RmtInf><RltdDts><TxDtTm>2018-09-30T17:35:46</TxDtTm></RltdDts><AddtlTxInf>PPRD00000000ARB7F41020180930826235262</AddtlTxInf></TxDtls><AddtlNtryInf>COMPLETE//0000//003//CREDIT</AddtlNtryInf></Ntry><Ntry><Amt Ccy="GBP">138.00</Amt><CdtDbtInd>CRDT</CdtDbtInd><Sts>BOOK</Sts><BookgDt><Dt>2018-10-01</Dt></BookgDt><BkTxCd><Prtry><Cd>SIP UKBA CR 40269</Cd></Prtry></BkTxCd><TxDtls><Refs><EndToEndId>NOREF</EndToEndId><TxId>300000000397213207</TxId></Refs><RltdPties><Dbtr><Nm>F Shoyoye</Nm></Dbtr><DbtrAcct><Id><PrtryAcct><Id>77130816802062</Id></PrtryAcct></Id></DbtrAcct><Cdtr><Nm>GLOBAL INVESTMENT</Nm></Cdtr><CdtrAcct><Id><PrtryAcct><Id>23008200031345</Id></PrtryAcct></Id></CdtrAcct><Prtry><Tp>GLOBAL PAY</Tp><Pty/></Prtry></RltdPties><RmtInf><Strd><AddtlRmtInf>NO REF</AddtlRmtInf></Strd><Strd><AddtlRmtInf>F Shoyoye//GLOBAL PAY</AddtlRmtInf></Strd></RmtInf><RltdDts><TxDtTm>2018-09-30T17:45:14</TxDtTm></RltdDts><AddtlTxInf>3000000003972132071020180930826771308</AddtlTxInf></TxDtls><AddtlNtryInf>COMPLETE//0000//003//CREDIT</AddtlNtryInf></Ntry><Ntry><Amt Ccy="GBP">310.00</Amt><CdtDbtInd>CRDT</CdtDbtInd><Sts>BOOK</Sts><BookgDt><Dt>2018-10-01</Dt></BookgDt><BkTxCd><Prtry><Cd>SIP UKBA CR 40269</Cd></Prtry></BkTxCd><TxDtls><Refs><EndToEndId>COMPLETE INV</EndToEndId><TxId>64174710691888000N</TxId><Prtry><Tp>STO REF</Tp><Ref>0000</Ref></Prtry></Refs><RltdPties><Dbtr><Nm>DAVID M</Nm></Dbtr><DbtrAcct><Id><PrtryAcct><Id>60103482035288</Id></PrtryAcct></Id></DbtrAcct><Cdtr><Nm>DAVID GARDNER</Nm></Cdtr><CdtrAcct><Id><PrtryAcct><Id>23008200476034</Id></PrtryAcct></Id></CdtrAcct><Prtry><Tp>COMPLETE INV</Tp><Pty/></Prtry></RltdPties><RmtInf><Strd><AddtlRmtInf>DAVID M           COMPLETE INV      VIA ONLINE - PYMT</AddtlRmtInf></Strd><Strd><AddtlRmtInf>DAVID M//COMPLETE INV</AddtlRmtInf></Strd></RmtInf><RltdDts><TxDtTm>2018-09-30T17:47:11</TxDtTm></RltdDts><AddtlTxInf>64174710691888000N1020180930826601034</AddtlTxInf></TxDtls><AddtlNtryInf>COMPLETE//0000//003//CREDIT</AddtlNtryInf></Ntry><Ntry><Amt Ccy="GBP">0.01</Amt><CdtDbtInd>CRDT</CdtDbtInd><Sts>BOOK</Sts><BookgDt><Dt>2018-10-01</Dt></BookgDt><BkTxCd><Prtry><Cd>SIP UKBA CR 40269</Cd></Prtry></BkTxCd><TxDtls><Refs><EndToEndId>PPRD00000000ARBEKY</EndToEndId><TxId>PPRD00000000ARBEKY</TxId></Refs><RltdPties><Dbtr><Nm>PAYPAL CODE 8084</Nm><PstlAdr><AdrLine>2211 N 1st Street San Jose CA 95131</AdrLine><Ctry/></PstlAdr></Dbtr><DbtrAcct><Id><PrtryAcct><Id>23526285010101</Id></PrtryAcct></Id></DbtrAcct><Cdtr><Nm>CH5 Charty Events</Nm><PstlAdr><AdrLine>Channel 5 17-29 Hawley Crescent</AdrLine><Ctry/></PstlAdr></Cdtr><CdtrAcct><Id><PrtryAcct><Id>23008200205349</Id></PrtryAcct></Id></CdtrAcct><Prtry><Tp>PAYPAL CODE 8084</Tp><Pty/></Prtry></RltdPties><RmtInf><Strd><RfrdDocInf><RfrdDocTp><Prtry>002</Prtry></RfrdDocTp></RfrdDocInf><AddtlRmtInf>NO REF</AddtlRmtInf></Strd><Strd><AddtlRmtInf>PAYPAL CODE 8084//PAYPAL CODE 8084</AddtlRmtInf></Strd></RmtInf><RltdDts><TxDtTm>2018-09-30T17:58:18</TxDtTm></RltdDts><AddtlTxInf>PPRD00000000ARBEKY1020180930826235262</AddtlTxInf></TxDtls><AddtlNtryInf>COMPLETE//0000//003//CREDIT</AddtlNtryInf></Ntry></Ntfctn></BkToCstmrDbtCdtNtfctnV01></Document>