<?xml version="1.0" encoding="UTF-8"?><Document xmlns:xsi="http://www.w3.org/2001/XMLSchema-instance" xmlns="urn:iso:std:iso:20022:tech:xsd:camt.054.001.01"><BkToCstmrDbtCdtNtfctnV01><GrpHdr><MsgId>80309K//12557</MsgId><CreDtTm>2018-09-07T19:00:00</CreDtTm></GrpHdr><Ntfctn><Id>80309K//12557//1</Id><CreDtTm>2018-09-07T19:00:00</CreDtTm><Acct><Id><PrtryAcct><Id>20594233939774</Id></PrtryAcct></Id><Ccy>GBP</Ccy></Acct><TxsSummry><TtlNtries><NbOfNtries>9</NbOfNtries><Sum>1306.29</Sum></TtlNtries><TtlCdtNtries><NbOfNtries>9</NbOfNtries><Sum>1306.29</Sum></TtlCdtNtries><TtlDbtNtries><NbOfNtries>0</NbOfNtries><Sum>0.00</Sum></TtlDbtNtries></TxsSummry><Ntry><Amt Ccy="GBP">60.00</Amt><CdtDbtInd>CRDT</CdtDbtInd><Sts>BOOK</Sts><BookgDt><Dt>2018-09-10</Dt></BookgDt><BkTxCd><Prtry><Cd>SIP UKBA CR 40269</Cd></Prtry></BkTxCd><TxDtls><Refs><EndToEndId>NOREF</EndToEndId><TxId>600000000386691799</TxId></Refs><RltdPties><Dbtr><Nm>D Taylor</Nm></Dbtr><DbtrAcct><Id><PrtryAcct><Id>11000106609640</Id></PrtryAcct></Id></DbtrAcct><Cdtr><Nm>JULIE</Nm></Cdtr><CdtrAcct><Id><PrtryAcct><Id>23008200192655</Id></PrtryAcct></Id></CdtrAcct><Prtry><Tp>JULIE</Tp><Pty/></Prtry></RltdPties><RmtInf><Strd><AddtlRmtInf>NO REF</AddtlRmtInf></Strd><Strd><AddtlRmtInf>D Taylor//JULIE</AddtlRmtInf></Strd></RmtInf><RltdDts><TxDtTm>2018-09-07T18:30:38</TxDtTm></RltdDts><AddtlTxInf>6000000003866917991020180907826110001</AddtlTxInf></TxDtls><AddtlNtryInf>COMPLETE//0000//003//CREDIT</AddtlNtryInf></Ntry><Ntry><Amt Ccy="GBP">64.67</Amt><CdtDbtInd>CRDT</CdtDbtInd><Sts>BOOK</Sts><BookgDt><Dt>2018-09-10</Dt></BookgDt><BkTxCd><Prtry><Cd>SIP UKBA CR 40269</Cd></Prtry></BkTxCd><TxDtls><Refs><EndToEndId>PPWD00000000ALMBOE</EndToEndId><TxId>PPWD00000000ALMBOE</TxId></Refs><RltdPties><Dbtr><Nm>PayPal</Nm><PstlAdr><AdrLine>2211 N 1st Street San Jose CA 95131</AdrLine><Ctry/></PstlAdr></Dbtr><DbtrAcct><Id><PrtryAcct><Id>23526278959595</Id></PrtryAcct></Id></DbtrAcct><Cdtr><Nm>mathew farnham</Nm><PstlAdr><AdrLine>507 coed y gores</AdrLine><Ctry/></PstlAdr></Cdtr><CdtrAcct><Id><PrtryAcct><Id>23008200042415</Id></PrtryAcct></Id></CdtrAcct><Prtry><Tp>PPWDL52BJ2AKVRRAJC</Tp><Pty/></Prtry></RltdPties><RmtInf><Strd><RfrdDocInf><RfrdDocTp><Prtry>002</Prtry></RfrdDocTp></RfrdDocInf><AddtlRmtInf>NO REF</AddtlRmtInf></Strd><Strd><AddtlRmtInf>PayPal//PPWDL52BJ2AKVRRAJC</AddtlRmtInf></Strd></RmtInf><RltdDts><TxDtTm>2018-09-07T18:32:56</TxDtTm></RltdDts><AddtlTxInf>PPWD00000000ALMBOE1020180907826235262</AddtlTxInf></TxDtls><AddtlNtryInf>COMPLETE//0000//003//CREDIT</AddtlNtryInf></Ntry><Ntry><Amt Ccy="GBP">10.00</Amt><CdtDbtInd>CRDT</CdtDbtInd><Sts>BOOK</Sts><BookgDt><Dt>2018-09-10</Dt></BookgDt><BkTxCd><Prtry><Cd>SIP UKBA CR 40269</Cd></Prtry></BkTxCd><TxDtls><Refs><EndToEndId>NOREF</EndToEndId><TxId>PLBHKTRIJKZ22RWSUK</TxId></Refs><RltdPties><Dbtr><Nm>Fazeelat Begum</Nm><PstlAdr><AdrLine>84 Caistor Park Road, E15 3PS</AdrLine><Ctry/></PstlAdr></Dbtr><DbtrAcct><Id><PrtryAcct><Id>04000444646625</Id></PrtryAcct></Id></DbtrAcct><Cdtr><Nm>C Aftab</Nm></Cdtr><CdtrAcct><Id><PrtryAcct><Id>23008200421820</Id></PrtryAcct></Id></CdtrAcct></RltdPties><RmtInf><Strd><AddtlRmtInf>NO REF</AddtlRmtInf></Strd><Strd><AddtlRmtInf>Fazeelat Begum//</AddtlRmtInf></Strd></RmtInf><RltdDts><TxDtTm>2018-09-07T18:41:17</TxDtTm></RltdDts><AddtlTxInf>PLBHKTRIJKZ22RWSUK1020180907826040004</AddtlTxInf></TxDtls><AddtlNtryInf>COMPLETE//0000//003//CREDIT</AddtlNtryInf></Ntry><Ntry><Amt Ccy="GBP">2.21</Amt><CdtDbtInd>CRDT</CdtDbtInd><Sts>BOOK</Sts><BookgDt><Dt>2018-09-10</Dt></BookgDt><BkTxCd><Prtry><Cd>SIP UKBA CR 40269</Cd></Prtry></BkTxCd><TxDtls><Refs><EndToEndId>00156284632BBDDJNJ</EndToEndId><TxId>00156284632BBDDJNJ</TxId></Refs><RltdPties><Dbtr><Nm>KERRYANNE MORGAN</Nm></Dbtr><DbtrAcct><Id><PrtryAcct><Id>09012801910811</Id></PrtryAcct></Id></DbtrAcct><Cdtr><Nm>SAVING</Nm></Cdtr><CdtrAcct><Id><PrtryAcct><Id>23008200321741</Id></PrtryAcct></Id></CdtrAcct><Prtry><Tp>kerry</Tp><Pty/></Prtry></RltdPties><RmtInf><Strd><AddtlRmtInf>NO REF</AddtlRmtInf></Strd><Strd><AddtlRmtInf>KERRYANNE MORGAN//kerry</AddtlRmtInf></Strd></RmtInf><RltdDts><TxDtTm>2018-09-07T18:44:22</TxDtTm></RltdDts><AddtlTxInf>00156284632BBDDJNJ1020180907826090128</AddtlTxInf></TxDtls><AddtlNtryInf>COMPLETE//0000//003//CREDIT</AddtlNtryInf></Ntry><Ntry><Amt Ccy="GBP">250.00</Amt><CdtDbtInd>CRDT</CdtDbtInd><Sts>BOOK</Sts><BookgDt><Dt>2018-09-10</Dt></BookgDt><BkTxCd><Prtry><Cd>SIP UKBA CR 40269</Cd></Prtry></BkTxCd><TxDtls><Refs><EndToEndId>WAGE</EndToEndId><TxId>10184650189165000N</TxId><Prtry><Tp>STO REF</Tp><Ref>0000</Ref></Prtry></Refs><RltdPties><Dbtr><Nm>WARD AP</Nm></Dbtr><DbtrAcct><Id><PrtryAcct><Id>56003629618851</Id></PrtryAcct></Id></DbtrAcct><Cdtr><Nm>DANIEL MORLEY</Nm></Cdtr><CdtrAcct><Id><PrtryAcct><Id>23008200338976</Id></PrtryAcct></Id></CdtrAcct><Prtry><Tp>WAGE</Tp><Pty/></Prtry></RltdPties><RmtInf><Strd><AddtlRmtInf>WARD AP           WAGE              VIA MOBILE - LVP</AddtlRmtInf></Strd><Strd><AddtlRmtInf>WARD AP//WAGE</AddtlRmtInf></Strd></RmtInf><RltdDts><TxDtTm>2018-09-07T18:46:50</TxDtTm></RltdDts><AddtlTxInf>10184650189165000N1020180907826560036</AddtlTxInf></TxDtls><AddtlNtryInf>COMPLETE//0000//003//CREDIT</AddtlNtryInf></Ntry><Ntry><Amt Ccy="GBP">200.00</Amt><CdtDbtInd>CRDT</CdtDbtInd><Sts>BOOK</Sts><BookgDt><Dt>2018-09-10</Dt></BookgDt><BkTxCd><Prtry><Cd>DCA UKBA CR 40269</Cd></Prtry></BkTxCd><TxDtls><Refs><EndToEndId>NOREF</EndToEndId><TxId>000000013511227001</TxId><Prtry><Tp>STO REF</Tp><Ref>6612</Ref></Prtry></Refs><RltdPties><Dbtr><Nm>AIRUNA JURELYTE</Nm></Dbtr><DbtrAcct><Id><PrtryAcct><Id>20035373152596</Id></PrtryAcct></Id></DbtrAcct><Cdtr><Nm>FRANKLYN CHIDOZIE</Nm></Cdtr><CdtrAcct><Id><PrtryAcct><Id>23008200323842</Id></PrtryAcct></Id></CdtrAcct><Prtry><Tp>FROM AIRUNA JURELY</Tp><Pty/></Prtry></RltdPties><RmtInf><Strd><AddtlRmtInf>NO REF</AddtlRmtInf></Strd><Strd><AddtlRmtInf>AIRUNA JURELYTE//FROM AIRUNA JURELY</AddtlRmtInf></Strd></RmtInf><RltdDts><TxDtTm>2018-09-07T18:52:45</TxDtTm></RltdDts><AddtlTxInf>0000000135112270015020180907826200353</AddtlTxInf></TxDtls><AddtlNtryInf>COMPLETE//0000//003//CREDIT</AddtlNtryInf></Ntry><Ntry><Amt Ccy="GBP">667.61</Amt><CdtDbtInd>CRDT</CdtDbtInd><Sts>BOOK</Sts><BookgDt><Dt>2018-09-10</Dt></BookgDt><BkTxCd><Prtry><Cd>SIP UKBA CR 40269</Cd></Prtry></BkTxCd><TxDtls><Refs><EndToEndId>000000FT18250489HP</EndToEndId><TxId>000000FT18250489HP</TxId></Refs><RltdPties><Dbtr><Nm>PARK LANE FOOD LIMITED</Nm><PstlAdr><AdrLine>JUBILEE HOUSE;LONDON</AdrLine><Ctry/></PstlAdr></Dbtr><DbtrAcct><Id><PrtryAcct><Id>23058023996502</Id></PrtryAcct></Id></DbtrAcct><Cdtr><Nm>Omar Jamal</Nm><PstlAdr><AdrLine>WIRECARD;Newcastle Upon Tyne</AdrLine><Ctry/></PstlAdr></Cdtr><CdtrAcct><Id><PrtryAcct><Id>23008200085542</Id></PrtryAcct></Id></CdtrAcct><Prtry><Tp>Elan wages</Tp><Pty/></Prtry></RltdPties><RmtInf><Strd><AddtlRmtInf>NO REF</AddtlRmtInf></Strd><Strd><AddtlRmtInf>PARK LANE FOOD LIM//Elan wages</AddtlRmtInf></Strd></RmtInf><RltdDts><TxDtTm>2018-09-07T18:56:17</TxDtTm></RltdDts><AddtlTxInf>000000FT18250489HP1020180907826230580</AddtlTxInf></TxDtls><AddtlNtryInf>COMPLETE//0000//003//CREDIT</AddtlNtryInf></Ntry><Ntry><Amt Ccy="GBP">39.00</Amt><CdtDbtInd>CRDT</CdtDbtInd><Sts>BOOK</Sts><BookgDt><Dt>2018-09-10</Dt></BookgDt><BkTxCd><Prtry><Cd>SIP UKBA CR 40269</Cd></Prtry></BkTxCd><TxDtls><Refs><EndToEndId>NOREF</EndToEndId><TxId>792642848581709001</TxId><Prtry><Tp>STO REF</Tp><Ref>0000</Ref></Prtry></Refs><RltdPties><Dbtr><Nm>GUERNON MR P</Nm></Dbtr><DbtrAcct><Id><PrtryAcct><Id>40100082123142</Id></PrtryAcct></Id></DbtrAcct><Cdtr><Nm>Palmyre de Sayve</Nm></Cdtr><CdtrAcct><Id><PrtryAcct><Id>23008200434472</Id></PrtryAcct></Id></CdtrAcct><Prtry><Tp>Train</Tp><Pty/></Prtry></RltdPties><RmtInf><Strd><AddtlRmtInf>NO REF</AddtlRmtInf></Strd><Strd><AddtlRmtInf>GUERNON MR P//Train</AddtlRmtInf></Strd></RmtInf><RltdDts><TxDtTm>2018-09-07T18:58:48</TxDtTm></RltdDts><AddtlTxInf>7926428485817090011020180907826401000</AddtlTxInf></TxDtls><AddtlNtryInf>COMPLETE//0000//003//CREDIT</AddtlNtryInf></Ntry><Ntry><Amt Ccy="GBP">12.80</Amt><CdtDbtInd>CRDT</CdtDbtInd><Sts>BOOK</Sts><BookgDt><Dt>2018-09-10</Dt></BookgDt><BkTxCd><Prtry><Cd>SIP UKBA CR 40269</Cd></Prtry></BkTxCd><TxDtls><Refs><EndToEndId>NOREF</EndToEndId><TxId>RP4679960883301100</TxId></Refs><RltdPties><Dbtr><Nm>NOTTY G K</Nm></Dbtr><DbtrAcct><Id><PrtryAcct><Id>20449130740470</Id></PrtryAcct></Id></DbtrAcct><Cdtr><Nm>GURI EST DEV</Nm></Cdtr><CdtrAcct><Id><PrtryAcct><Id>23008200223247</Id></PrtryAcct></Id></CdtrAcct><Prtry><Tp>GURI ESTATES</Tp><Pty/></Prtry></RltdPties><RmtInf><Strd><AddtlRmtInf>NO REF</AddtlRmtInf></Strd><Strd><AddtlRmtInf>NOTTY G K//GURI ESTATES</AddtlRmtInf></Strd></RmtInf><RltdDts><TxDtTm>2018-09-07T18:59:05</TxDtTm></RltdDts><AddtlTxInf>RP46799608833011001020180907826200026</AddtlTxInf></TxDtls><AddtlNtryInf>COMPLETE//0000//003//CREDIT</AddtlNtryInf></Ntry></Ntfctn></BkToCstmrDbtCdtNtfctnV01></Document>