<?xml version="1.0" encoding="UTF-8"?><Document xmlns:xsi="http://www.w3.org/2001/XMLSchema-instance" xmlns="urn:iso:std:iso:20022:tech:xsd:camt.054.001.01"><BkToCstmrDbtCdtNtfctnV01><GrpHdr><MsgId>80309K//13472</MsgId><CreDtTm>2018-09-29T01:30:00</CreDtTm></GrpHdr><Ntfctn><Id>80309K//13472//1</Id><CreDtTm>2018-09-29T01:30:00</CreDtTm><Acct><Id><PrtryAcct><Id>20594233939774</Id></PrtryAcct></Id><Ccy>GBP</Ccy></Acct><TxsSummry><TtlNtries><NbOfNtries>3</NbOfNtries><Sum>108.04</Sum></TtlNtries><TtlCdtNtries><NbOfNtries>3</NbOfNtries><Sum>108.04</Sum></TtlCdtNtries><TtlDbtNtries><NbOfNtries>0</NbOfNtries><Sum>0.00</Sum></TtlDbtNtries></TxsSummry><Ntry><Amt Ccy="GBP">96.04</Amt><CdtDbtInd>CRDT</CdtDbtInd><Sts>BOOK</Sts><BookgDt><Dt>2018-10-01</Dt></BookgDt><BkTxCd><Prtry><Cd>SIP UKBA CR 40269</Cd></Prtry></BkTxCd><TxDtls><Refs><EndToEndId>JAMES2316</EndToEndId><TxId>40011650483327000N</TxId><Prtry><Tp>STO REF</Tp><Ref>0000</Ref></Prtry></Refs><RltdPties><Dbtr><Nm>CALUGAR A</Nm></Dbtr><DbtrAcct><Id><PrtryAcct><Id>60030473909092</Id></PrtryAcct></Id></DbtrAcct><Cdtr><Nm>GRACE  THOMAS</Nm></Cdtr><CdtrAcct><Id><PrtryAcct><Id>23008200409127</Id></PrtryAcct></Id></CdtrAcct><Prtry><Tp>JAMES2316</Tp><Pty/></Prtry></RltdPties><RmtInf><Strd><AddtlRmtInf>CALUGAR A         JAMES2316         VIA ONLINE - PYMT</AddtlRmtInf></Strd><Strd><AddtlRmtInf>CALUGAR A//JAMES2316</AddtlRmtInf></Strd></RmtInf><RltdDts><TxDtTm>2018-09-29T01:16:50</TxDtTm></RltdDts><AddtlTxInf>40011650483327000N1020180929826600304</AddtlTxInf></TxDtls><AddtlNtryInf>COMPLETE//0000//003//CREDIT</AddtlNtryInf></Ntry><Ntry><Amt Ccy="GBP">2.00</Amt><CdtDbtInd>CRDT</CdtDbtInd><Sts>BOOK</Sts><BookgDt><Dt>2018-10-01</Dt></BookgDt><BkTxCd><Prtry><Cd>SIP UKBA CR 40269</Cd></Prtry></BkTxCd><TxDtls><Refs><EndToEndId>PPWD00000000AQZH6O</EndToEndId><TxId>PPWD00000000AQZH6O</TxId></Refs><RltdPties><Dbtr><Nm>PayPal</Nm><PstlAdr><AdrLine>2211 N 1st Street San Jose CA 95131</AdrLine><Ctry/></PstlAdr></Dbtr><DbtrAcct><Id><PrtryAcct><Id>23526278959595</Id></PrtryAcct></Id></DbtrAcct><Cdtr><Nm>Sk. Md. Asraful MAHMUD</Nm><PstlAdr><AdrLine>265B East India Dock Road</AdrLine><Ctry/></PstlAdr></Cdtr><CdtrAcct><Id><PrtryAcct><Id>23008200210817</Id></PrtryAcct></Id></CdtrAcct><Prtry><Tp>PPWDL4CZJ2ALFX63SY</Tp><Pty/></Prtry></RltdPties><RmtInf><Strd><RfrdDocInf><RfrdDocTp><Prtry>002</Prtry></RfrdDocTp></RfrdDocInf><AddtlRmtInf>NO REF</AddtlRmtInf></Strd><Strd><AddtlRmtInf>PayPal//PPWDL4CZJ2ALFX63SY</AddtlRmtInf></Strd></RmtInf><RltdDts><TxDtTm>2018-09-29T01:17:29</TxDtTm></RltdDts><AddtlTxInf>PPWD00000000AQZH6O1020180929826235262</AddtlTxInf></TxDtls><AddtlNtryInf>COMPLETE//0000//003//CREDIT</AddtlNtryInf></Ntry><Ntry><Amt Ccy="GBP">10.00</Amt><CdtDbtInd>CRDT</CdtDbtInd><Sts>BOOK</Sts><BookgDt><Dt>2018-10-01</Dt></BookgDt><BkTxCd><Prtry><Cd>SIP UKBA CR 40269</Cd></Prtry></BkTxCd><TxDtls><Refs><EndToEndId>NOREF</EndToEndId><TxId>200000000391540524</TxId></Refs><RltdPties><Dbtr><Nm>C Makuve</Nm></Dbtr><DbtrAcct><Id><PrtryAcct><Id>11057212400264</Id></PrtryAcct></Id></DbtrAcct><Cdtr><Nm>CHARLED ARRO</Nm></Cdtr><CdtrAcct><Id><PrtryAcct><Id>23008200441469</Id></PrtryAcct></Id></CdtrAcct><Prtry><Tp>ARRO</Tp><Pty/></Prtry></RltdPties><RmtInf><Strd><AddtlRmtInf>NO REF</AddtlRmtInf></Strd><Strd><AddtlRmtInf>C Makuve//ARRO</AddtlRmtInf></Strd></RmtInf><RltdDts><TxDtTm>2018-09-29T01:28:45</TxDtTm></RltdDts><AddtlTxInf>2000000003915405241020180929826110572</AddtlTxInf></TxDtls><AddtlNtryInf>COMPLETE//0000//003//CREDIT</AddtlNtryInf></Ntry></Ntfctn></BkToCstmrDbtCdtNtfctnV01></Document>