<?xml version="1.0" encoding="UTF-8"?><Document xmlns:xsi="http://www.w3.org/2001/XMLSchema-instance" xmlns="urn:iso:std:iso:20022:tech:xsd:camt.054.001.01"><BkToCstmrDbtCdtNtfctnV01><GrpHdr><MsgId>80309K//12989</MsgId><CreDtTm>2018-09-18T00:30:00</CreDtTm></GrpHdr><Ntfctn><Id>80309K//12989//1</Id><CreDtTm>2018-09-18T00:30:00</CreDtTm><Acct><Id><PrtryAcct><Id>20594233939774</Id></PrtryAcct></Id><Ccy>GBP</Ccy></Acct><TxsSummry><TtlNtries><NbOfNtries>5</NbOfNtries><Sum>426.02</Sum></TtlNtries><TtlCdtNtries><NbOfNtries>5</NbOfNtries><Sum>426.02</Sum></TtlCdtNtries><TtlDbtNtries><NbOfNtries>0</NbOfNtries><Sum>0.00</Sum></TtlDbtNtries></TxsSummry><Ntry><Amt Ccy="GBP">61.80</Amt><CdtDbtInd>CRDT</CdtDbtInd><Sts>BOOK</Sts><BookgDt><Dt>2018-09-18</Dt></BookgDt><BkTxCd><Prtry><Cd>SIP UKBA CR 40269</Cd></Prtry></BkTxCd><TxDtls><Refs><EndToEndId>NOREF</EndToEndId><TxId>RP4679961626391900</TxId></Refs><RltdPties><Dbtr><Nm>LUCAS L</Nm></Dbtr><DbtrAcct><Id><PrtryAcct><Id>20709420597066</Id></PrtryAcct></Id></DbtrAcct><Cdtr><Nm>MRS LUCY LUCAS</Nm></Cdtr><CdtrAcct><Id><PrtryAcct><Id>23008200426931</Id></PrtryAcct></Id></CdtrAcct><Prtry><Tp>..</Tp><Pty/></Prtry></RltdPties><RmtInf><Strd><AddtlRmtInf>NO REF</AddtlRmtInf></Strd><Strd><AddtlRmtInf>LUCAS L//..</AddtlRmtInf></Strd></RmtInf><RltdDts><TxDtTm>2018-09-18T00:03:47</TxDtTm></RltdDts><AddtlTxInf>RP46799616263919001020180918826200026</AddtlTxInf></TxDtls><AddtlNtryInf>COMPLETE//0000//003//CREDIT</AddtlNtryInf></Ntry><Ntry><Amt Ccy="GBP">20.00</Amt><CdtDbtInd>CRDT</CdtDbtInd><Sts>BOOK</Sts><BookgDt><Dt>2018-09-18</Dt></BookgDt><BkTxCd><Prtry><Cd>SIP UKBA CR 40269</Cd></Prtry></BkTxCd><TxDtls><Refs><EndToEndId>NOREF</EndToEndId><TxId>FP18260O01935264</TxId></Refs><RltdPties><Dbtr><Nm>Helm Sarah</Nm></Dbtr><DbtrAcct><Id><PrtryAcct><Id>07043629792762</Id></PrtryAcct></Id></DbtrAcct><Cdtr><Nm>ARRO LOU</Nm></Cdtr><CdtrAcct><Id><PrtryAcct><Id>23008200381960</Id></PrtryAcct></Id></CdtrAcct><Prtry><Tp>THANKS</Tp><Pty/></Prtry></RltdPties><RmtInf><Strd><AddtlRmtInf>NO REF</AddtlRmtInf></Strd><Strd><AddtlRmtInf>Helm Sarah//THANKS</AddtlRmtInf></Strd></RmtInf><RltdDts><TxDtTm>2018-09-18T00:14:00</TxDtTm></RltdDts><AddtlTxInf>FP18260O01935264  1020180918826070436</AddtlTxInf></TxDtls><AddtlNtryInf>COMPLETE//0000//003//CREDIT</AddtlNtryInf></Ntry><Ntry><Amt Ccy="GBP">332.91</Amt><CdtDbtInd>CRDT</CdtDbtInd><Sts>BOOK</Sts><BookgDt><Dt>2018-09-18</Dt></BookgDt><BkTxCd><Prtry><Cd>SIP UKBA CR 40269</Cd></Prtry></BkTxCd><TxDtls><Refs><EndToEndId>NOREF</EndToEndId><TxId>180918001531906574</TxId></Refs><RltdPties><Dbtr><Nm>Daniel Anderson</Nm></Dbtr><DbtrAcct><Id><PrtryAcct><Id>77682201288068</Id></PrtryAcct></Id></DbtrAcct><Cdtr><Nm>Daniel Howe</Nm></Cdtr><CdtrAcct><Id><PrtryAcct><Id>23008200211562</Id></PrtryAcct></Id></CdtrAcct></RltdPties><RmtInf><Strd><AddtlRmtInf>NO REF</AddtlRmtInf></Strd><Strd><AddtlRmtInf>Daniel Anderson//</AddtlRmtInf></Strd></RmtInf><RltdDts><TxDtTm>2018-09-18T00:15:29</TxDtTm></RltdDts><AddtlTxInf>1809180015319065741020180918826776822</AddtlTxInf></TxDtls><AddtlNtryInf>COMPLETE//0000//003//CREDIT</AddtlNtryInf></Ntry><Ntry><Amt Ccy="GBP">10.31</Amt><CdtDbtInd>CRDT</CdtDbtInd><Sts>BOOK</Sts><BookgDt><Dt>2018-09-18</Dt></BookgDt><BkTxCd><Prtry><Cd>SIP UKBA CR 40269</Cd></Prtry></BkTxCd><TxDtls><Refs><EndToEndId>NOREF</EndToEndId><TxId>500000000389615259</TxId></Refs><RltdPties><Dbtr><Nm>M Murray</Nm></Dbtr><DbtrAcct><Id><PrtryAcct><Id>11718027898063</Id></PrtryAcct></Id></DbtrAcct><Cdtr><Nm>MR MALACHI MURRAY</Nm></Cdtr><CdtrAcct><Id><PrtryAcct><Id>23008200429208</Id></PrtryAcct></Id></CdtrAcct><Prtry><Tp>TRANSFER</Tp><Pty/></Prtry></RltdPties><RmtInf><Strd><AddtlRmtInf>NO REF</AddtlRmtInf></Strd><Strd><AddtlRmtInf>M Murray//TRANSFER</AddtlRmtInf></Strd></RmtInf><RltdDts><TxDtTm>2018-09-18T00:15:32</TxDtTm></RltdDts><AddtlTxInf>5000000003896152591020180918826117180</AddtlTxInf></TxDtls><AddtlNtryInf>COMPLETE//0000//003//CREDIT</AddtlNtryInf></Ntry><Ntry><Amt Ccy="GBP">1.00</Amt><CdtDbtInd>CRDT</CdtDbtInd><Sts>BOOK</Sts><BookgDt><Dt>2018-09-18</Dt></BookgDt><BkTxCd><Prtry><Cd>DCA UKBA CR 40269</Cd></Prtry></BkTxCd><TxDtls><Refs><EndToEndId>NOREF</EndToEndId><TxId>000000013590444901</TxId><Prtry><Tp>STO REF</Tp><Ref>0000</Ref></Prtry></Refs><RltdPties><Dbtr><Nm>23630701226384</Nm></Dbtr><DbtrAcct><Id><PrtryAcct><Id>20594243523659</Id></PrtryAcct></Id></DbtrAcct><Cdtr><Nm>MR DARYL DICKSON</Nm></Cdtr><CdtrAcct><Id><PrtryAcct><Id>23008200236693</Id></PrtryAcct></Id></CdtrAcct><Prtry><Tp>TEST</Tp><Pty/></Prtry></RltdPties><RmtInf><Strd><AddtlRmtInf>NO REF</AddtlRmtInf></Strd><Strd><AddtlRmtInf>23630701226384//TEST</AddtlRmtInf></Strd></RmtInf><RltdDts><TxDtTm>2018-09-18T00:16:31</TxDtTm></RltdDts><AddtlTxInf>0000000135904449015020180918826205942</AddtlTxInf></TxDtls><AddtlNtryInf>COMPLETE//0000//003//CREDIT</AddtlNtryInf></Ntry></Ntfctn></BkToCstmrDbtCdtNtfctnV01></Document>