<?xml version="1.0" encoding="UTF-8"?><Document xmlns:xsi="http://www.w3.org/2001/XMLSchema-instance" xmlns="urn:iso:std:iso:20022:tech:xsd:camt.054.001.01"><BkToCstmrDbtCdtNtfctnV01><GrpHdr><MsgId>80309K//13168</MsgId><CreDtTm>2018-09-22T01:30:00</CreDtTm></GrpHdr><Ntfctn><Id>80309K//13168//1</Id><CreDtTm>2018-09-22T01:30:00</CreDtTm><Acct><Id><PrtryAcct><Id>20594233939774</Id></PrtryAcct></Id><Ccy>GBP</Ccy></Acct><TxsSummry><TtlNtries><NbOfNtries>2</NbOfNtries><Sum>21.00</Sum></TtlNtries><TtlCdtNtries><NbOfNtries>2</NbOfNtries><Sum>21.00</Sum></TtlCdtNtries><TtlDbtNtries><NbOfNtries>0</NbOfNtries><Sum>0.00</Sum></TtlDbtNtries></TxsSummry><Ntry><Amt Ccy="GBP">20.00</Amt><CdtDbtInd>CRDT</CdtDbtInd><Sts>BOOK</Sts><BookgDt><Dt>2018-09-24</Dt></BookgDt><BkTxCd><Prtry><Cd>SIP UKBA CR 40269</Cd></Prtry></BkTxCd><TxDtls><Refs><EndToEndId>X</EndToEndId><TxId>07012439158038000R</TxId><Prtry><Tp>STO REF</Tp><Ref>0000</Ref></Prtry></Refs><RltdPties><Dbtr><Nm>MCCONVILLE LE</Nm></Dbtr><DbtrAcct><Id><PrtryAcct><Id>83280800150215</Id></PrtryAcct></Id></DbtrAcct><Cdtr><Nm>DARYL</Nm></Cdtr><CdtrAcct><Id><PrtryAcct><Id>23008200236693</Id></PrtryAcct></Id></CdtrAcct><Prtry><Tp>X</Tp><Pty/></Prtry></RltdPties><RmtInf><Strd><AddtlRmtInf>MCCONVILLE LE     X                 VIA MOBILE - LVP</AddtlRmtInf></Strd><Strd><AddtlRmtInf>MCCONVILLE LE//X</AddtlRmtInf></Strd></RmtInf><RltdDts><TxDtTm>2018-09-22T01:24:39</TxDtTm></RltdDts><AddtlTxInf>07012439158038000R1020180922826832808</AddtlTxInf></TxDtls><AddtlNtryInf>COMPLETE//0000//003//CREDIT</AddtlNtryInf></Ntry><Ntry><Amt Ccy="GBP">1.00</Amt><CdtDbtInd>CRDT</CdtDbtInd><Sts>BOOK</Sts><BookgDt><Dt>2018-09-24</Dt></BookgDt><BkTxCd><Prtry><Cd>SIP UKBA CR 40269</Cd></Prtry></BkTxCd><TxDtls><Refs><EndToEndId>PPWD00000000AP7TM0</EndToEndId><TxId>PPWD00000000AP7TM0</TxId></Refs><RltdPties><Dbtr><Nm>PayPal</Nm><PstlAdr><AdrLine>2211 N 1st Street San Jose CA 95131</AdrLine><Ctry/></PstlAdr></Dbtr><DbtrAcct><Id><PrtryAcct><Id>23526278959595</Id></PrtryAcct></Id></DbtrAcct><Cdtr><Nm>Sk. Md. Asraful MAHMUD</Nm><PstlAdr><AdrLine>265B East India Dock Road</AdrLine><Ctry/></PstlAdr></Cdtr><CdtrAcct><Id><PrtryAcct><Id>23008200210817</Id></PrtryAcct></Id></CdtrAcct><Prtry><Tp>PPWDL4CZJ2AL9ZS7P6</Tp><Pty/></Prtry></RltdPties><RmtInf><Strd><RfrdDocInf><RfrdDocTp><Prtry>002</Prtry></RfrdDocTp></RfrdDocInf><AddtlRmtInf>NO REF</AddtlRmtInf></Strd><Strd><AddtlRmtInf>PayPal//PPWDL4CZJ2AL9ZS7P6</AddtlRmtInf></Strd></RmtInf><RltdDts><TxDtTm>2018-09-22T01:27:26</TxDtTm></RltdDts><AddtlTxInf>PPWD00000000AP7TM01020180922826235262</AddtlTxInf></TxDtls><AddtlNtryInf>COMPLETE//0000//003//CREDIT</AddtlNtryInf></Ntry></Ntfctn></BkToCstmrDbtCdtNtfctnV01></Document>