<?xml version="1.0" encoding="UTF-8"?><Document xmlns:xsi="http://www.w3.org/2001/XMLSchema-instance" xmlns="urn:iso:std:iso:20022:tech:xsd:camt.054.001.01"><BkToCstmrDbtCdtNtfctnV01><GrpHdr><MsgId>80309K//13424</MsgId><CreDtTm>2018-09-28T01:30:00</CreDtTm></GrpHdr><Ntfctn><Id>80309K//13424//1</Id><CreDtTm>2018-09-28T01:30:00</CreDtTm><Acct><Id><PrtryAcct><Id>20594233939774</Id></PrtryAcct></Id><Ccy>GBP</Ccy></Acct><TxsSummry><TtlNtries><NbOfNtries>5</NbOfNtries><Sum>2340.10</Sum></TtlNtries><TtlCdtNtries><NbOfNtries>5</NbOfNtries><Sum>2340.10</Sum></TtlCdtNtries><TtlDbtNtries><NbOfNtries>0</NbOfNtries><Sum>0.00</Sum></TtlDbtNtries></TxsSummry><Ntry><Amt Ccy="GBP">238.84</Amt><CdtDbtInd>CRDT</CdtDbtInd><Sts>BOOK</Sts><BookgDt><Dt>2018-09-28</Dt></BookgDt><BkTxCd><Prtry><Cd>FDP UKBA CR 40269</Cd></Prtry></BkTxCd><TxDtls><Refs><EndToEndId>NOREF</EndToEndId><TxId>RP4650883805282300</TxId></Refs><RltdPties><Dbtr><Nm>LUCID GR LTD SW</Nm></Dbtr><DbtrAcct><Id><PrtryAcct><Id>20046813788741</Id></PrtryAcct></Id></DbtrAcct><Cdtr><Nm>JOHNATHAN HUGHES</Nm></Cdtr><CdtrAcct><Id><PrtryAcct><Id>23008200211284</Id></PrtryAcct></Id></CdtrAcct><Prtry><Tp>WAGES</Tp><Pty/></Prtry></RltdPties><RmtInf><Strd><AddtlRmtInf>NO REF</AddtlRmtInf></Strd><Strd><AddtlRmtInf>LUCID GR LTD SW//WAGES</AddtlRmtInf></Strd></RmtInf><RltdDts><TxDtTm>2018-09-28T01:17:25</TxDtTm></RltdDts><AddtlTxInf>RP46508838052823004020180928826200026</AddtlTxInf></TxDtls><AddtlNtryInf>COMPLETE//0000//003//CREDIT</AddtlNtryInf></Ntry><Ntry><Amt Ccy="GBP">100.00</Amt><CdtDbtInd>CRDT</CdtDbtInd><Sts>BOOK</Sts><BookgDt><Dt>2018-09-28</Dt></BookgDt><BkTxCd><Prtry><Cd>FDP UKBA CR 40269</Cd></Prtry></BkTxCd><TxDtls><Refs><EndToEndId>NOREF</EndToEndId><TxId>RP4670962878975700</TxId></Refs><RltdPties><Dbtr><Nm>OMEGA EXPRE COUR</Nm></Dbtr><DbtrAcct><Id><PrtryAcct><Id>20539733534294</Id></PrtryAcct></Id></DbtrAcct><Cdtr><Nm>TMARSHALL LTD</Nm></Cdtr><CdtrAcct><Id><PrtryAcct><Id>23008200033369</Id></PrtryAcct></Id></CdtrAcct><Prtry><Tp>63</Tp><Pty/></Prtry></RltdPties><RmtInf><Strd><AddtlRmtInf>NO REF</AddtlRmtInf></Strd><Strd><AddtlRmtInf>OMEGA EXPRE COUR//63</AddtlRmtInf></Strd></RmtInf><RltdDts><TxDtTm>2018-09-28T01:19:48</TxDtTm></RltdDts><AddtlTxInf>RP46709628789757004020180928826200026</AddtlTxInf></TxDtls><AddtlNtryInf>COMPLETE//0000//003//CREDIT</AddtlNtryInf></Ntry><Ntry><Amt Ccy="GBP">1351.26</Amt><CdtDbtInd>CRDT</CdtDbtInd><Sts>BOOK</Sts><BookgDt><Dt>2018-09-28</Dt></BookgDt><BkTxCd><Prtry><Cd>FDP UKBA CR 40269</Cd></Prtry></BkTxCd><TxDtls><Refs><EndToEndId>NOREF</EndToEndId><TxId>RP4651185004852000</TxId></Refs><RltdPties><Dbtr><Nm>THE ANGE LTD SW</Nm></Dbtr><DbtrAcct><Id><PrtryAcct><Id>20252903211681</Id></PrtryAcct></Id></DbtrAcct><Cdtr><Nm>CRAIG HEPTINSTALL</Nm></Cdtr><CdtrAcct><Id><PrtryAcct><Id>23008200015765</Id></PrtryAcct></Id></CdtrAcct><Prtry><Tp>ANGEL AT TOPCLIFFE</Tp><Pty/></Prtry></RltdPties><RmtInf><Strd><AddtlRmtInf>NO REF</AddtlRmtInf></Strd><Strd><AddtlRmtInf>THE ANGE LTD SW//ANGEL AT TOPCLIFFE</AddtlRmtInf></Strd></RmtInf><RltdDts><TxDtTm>2018-09-28T01:24:13</TxDtTm></RltdDts><AddtlTxInf>RP46511850048520004020180928826200026</AddtlTxInf></TxDtls><AddtlNtryInf>COMPLETE//0000//003//CREDIT</AddtlNtryInf></Ntry><Ntry><Amt Ccy="GBP">600.00</Amt><CdtDbtInd>CRDT</CdtDbtInd><Sts>BOOK</Sts><BookgDt><Dt>2018-09-28</Dt></BookgDt><BkTxCd><Prtry><Cd>FDP UKBA CR 40269</Cd></Prtry></BkTxCd><TxDtls><Refs><EndToEndId>NOREF</EndToEndId><TxId>RP4672164617675500</TxId></Refs><RltdPties><Dbtr><Nm>GREATWORTH PRE-S</Nm></Dbtr><DbtrAcct><Id><PrtryAcct><Id>20038443159310</Id></PrtryAcct></Id></DbtrAcct><Cdtr><Nm>MISS LAUREN CASE</Nm></Cdtr><CdtrAcct><Id><PrtryAcct><Id>23008200351705</Id></PrtryAcct></Id></CdtrAcct><Prtry><Tp>PRESCHOOL WAGES</Tp><Pty/></Prtry></RltdPties><RmtInf><Strd><AddtlRmtInf>NO REF</AddtlRmtInf></Strd><Strd><AddtlRmtInf>GREATWORTH PRE-S//PRESCHOOL WAGES</AddtlRmtInf></Strd></RmtInf><RltdDts><TxDtTm>2018-09-28T01:25:28</TxDtTm></RltdDts><AddtlTxInf>RP46721646176755004020180928826200026</AddtlTxInf></TxDtls><AddtlNtryInf>COMPLETE//0000//003//CREDIT</AddtlNtryInf></Ntry><Ntry><Amt Ccy="GBP">50.00</Amt><CdtDbtInd>CRDT</CdtDbtInd><Sts>BOOK</Sts><BookgDt><Dt>2018-09-28</Dt></BookgDt><BkTxCd><Prtry><Cd>SIP UKBA CR 40269</Cd></Prtry></BkTxCd><TxDtls><Refs><EndToEndId>JMIHOUB</EndToEndId><TxId>21012834546089000N</TxId><Prtry><Tp>STO REF</Tp><Ref>0000</Ref></Prtry></Refs><RltdPties><Dbtr><Nm>MIHOUB JAH</Nm></Dbtr><DbtrAcct><Id><PrtryAcct><Id>53613365676785</Id></PrtryAcct></Id></DbtrAcct><Cdtr><Nm>JALAL MIHOUB</Nm></Cdtr><CdtrAcct><Id><PrtryAcct><Id>23008200459122</Id></PrtryAcct></Id></CdtrAcct><Prtry><Tp>JMIHOUB</Tp><Pty/></Prtry></RltdPties><RmtInf><Strd><AddtlRmtInf>MIHOUB JAH        JMIHOUB           VIA ONLINE - PYMT</AddtlRmtInf></Strd><Strd><AddtlRmtInf>MIHOUB JAH//JMIHOUB</AddtlRmtInf></Strd></RmtInf><RltdDts><TxDtTm>2018-09-28T01:28:34</TxDtTm></RltdDts><AddtlTxInf>21012834546089000N1020180928826536133</AddtlTxInf></TxDtls><AddtlNtryInf>COMPLETE//0000//003//CREDIT</AddtlNtryInf></Ntry></Ntfctn></BkToCstmrDbtCdtNtfctnV01></Document>