<?xml version="1.0" encoding="UTF-8"?><Document xmlns:xsi="http://www.w3.org/2001/XMLSchema-instance" xmlns="urn:iso:std:iso:20022:tech:xsd:camt.054.001.01"><BkToCstmrDbtCdtNtfctnV01><GrpHdr><MsgId>80309K//12383</MsgId><CreDtTm>2018-09-03T23:00:00</CreDtTm></GrpHdr><Ntfctn><Id>80309K//12383//1</Id><CreDtTm>2018-09-03T23:00:00</CreDtTm><Acct><Id><PrtryAcct><Id>20594233939774</Id></PrtryAcct></Id><Ccy>GBP</Ccy></Acct><TxsSummry><TtlNtries><NbOfNtries>4</NbOfNtries><Sum>70.02</Sum></TtlNtries><TtlCdtNtries><NbOfNtries>4</NbOfNtries><Sum>70.02</Sum></TtlCdtNtries><TtlDbtNtries><NbOfNtries>0</NbOfNtries><Sum>0.00</Sum></TtlDbtNtries></TxsSummry><Ntry><Amt Ccy="GBP">20.00</Amt><CdtDbtInd>CRDT</CdtDbtInd><Sts>BOOK</Sts><BookgDt><Dt>2018-09-04</Dt></BookgDt><BkTxCd><Prtry><Cd>SIP UKBA CR 40269</Cd></Prtry></BkTxCd><TxDtls><Refs><EndToEndId>CC</EndToEndId><TxId>47223721211085000N</TxId><Prtry><Tp>STO REF</Tp><Ref>0000</Ref></Prtry></Refs><RltdPties><Dbtr><Nm>BOUCQUEY SKL</Nm></Dbtr><DbtrAcct><Id><PrtryAcct><Id>60220864149609</Id></PrtryAcct></Id></DbtrAcct><Cdtr><Nm>S BOUCQUEY</Nm></Cdtr><CdtrAcct><Id><PrtryAcct><Id>23008200212455</Id></PrtryAcct></Id></CdtrAcct><Prtry><Tp>CC</Tp><Pty/></Prtry></RltdPties><RmtInf><Strd><AddtlRmtInf>BOUCQUEY SKL      CC                VIA MOBILE - LVP</AddtlRmtInf></Strd><Strd><AddtlRmtInf>BOUCQUEY SKL//CC</AddtlRmtInf></Strd></RmtInf><RltdDts><TxDtTm>2018-09-03T22:37:21</TxDtTm></RltdDts><AddtlTxInf>47223721211085000N1020180903826602208</AddtlTxInf></TxDtls><AddtlNtryInf>COMPLETE//0000//003//CREDIT</AddtlNtryInf></Ntry><Ntry><Amt Ccy="GBP">0.01</Amt><CdtDbtInd>CRDT</CdtDbtInd><Sts>BOOK</Sts><BookgDt><Dt>2018-09-04</Dt></BookgDt><BkTxCd><Prtry><Cd>SIP UKBA CR 40269</Cd></Prtry></BkTxCd><TxDtls><Refs><EndToEndId>PPRD00000000AKKXLI</EndToEndId><TxId>PPRD00000000AKKXLI</TxId></Refs><RltdPties><Dbtr><Nm>PAYPAL CODE 3837</Nm><PstlAdr><AdrLine>2211 N 1st Street San Jose CA 95131</AdrLine><Ctry/></PstlAdr></Dbtr><DbtrAcct><Id><PrtryAcct><Id>23526285010101</Id></PrtryAcct></Id></DbtrAcct><Cdtr><Nm>Paul Grenside</Nm><PstlAdr><AdrLine>42 Mossbrow Road</AdrLine><Ctry/></PstlAdr></Cdtr><CdtrAcct><Id><PrtryAcct><Id>23008200429147</Id></PrtryAcct></Id></CdtrAcct><Prtry><Tp>PAYPAL CODE 3837</Tp><Pty/></Prtry></RltdPties><RmtInf><Strd><RfrdDocInf><RfrdDocTp><Prtry>002</Prtry></RfrdDocTp></RfrdDocInf><AddtlRmtInf>NO REF</AddtlRmtInf></Strd><Strd><AddtlRmtInf>PAYPAL CODE 3837//PAYPAL CODE 3837</AddtlRmtInf></Strd></RmtInf><RltdDts><TxDtTm>2018-09-03T22:40:24</TxDtTm></RltdDts><AddtlTxInf>PPRD00000000AKKXLI1020180903826235262</AddtlTxInf></TxDtls><AddtlNtryInf>COMPLETE//0000//003//CREDIT</AddtlNtryInf></Ntry><Ntry><Amt Ccy="GBP">50.00</Amt><CdtDbtInd>CRDT</CdtDbtInd><Sts>BOOK</Sts><BookgDt><Dt>2018-09-04</Dt></BookgDt><BkTxCd><Prtry><Cd>SIP UKBA CR 40269</Cd></Prtry></BkTxCd><TxDtls><Refs><EndToEndId>PPWD00000000AKKXSC</EndToEndId><TxId>PPWD00000000AKKXSC</TxId></Refs><RltdPties><Dbtr><Nm>PayPal</Nm><PstlAdr><AdrLine>2211 N 1st Street San Jose CA 95131</AdrLine><Ctry/></PstlAdr></Dbtr><DbtrAcct><Id><PrtryAcct><Id>23526278959595</Id></PrtryAcct></Id></DbtrAcct><Cdtr><Nm>Paul Grenside</Nm><PstlAdr><AdrLine>42 Mossbrow Road</AdrLine><Ctry/></PstlAdr></Cdtr><CdtrAcct><Id><PrtryAcct><Id>23008200429147</Id></PrtryAcct></Id></CdtrAcct><Prtry><Tp>PPWDL5TEJ2AKS4EVNA</Tp><Pty/></Prtry></RltdPties><RmtInf><Strd><RfrdDocInf><RfrdDocTp><Prtry>002</Prtry></RfrdDocTp></RfrdDocInf><AddtlRmtInf>NO REF</AddtlRmtInf></Strd><Strd><AddtlRmtInf>PayPal//PPWDL5TEJ2AKS4EVNA</AddtlRmtInf></Strd></RmtInf><RltdDts><TxDtTm>2018-09-03T22:41:10</TxDtTm></RltdDts><AddtlTxInf>PPWD00000000AKKXSC1020180903826235262</AddtlTxInf></TxDtls><AddtlNtryInf>COMPLETE//0000//003//CREDIT</AddtlNtryInf></Ntry><Ntry><Amt Ccy="GBP">0.01</Amt><CdtDbtInd>CRDT</CdtDbtInd><Sts>BOOK</Sts><BookgDt><Dt>2018-09-04</Dt></BookgDt><BkTxCd><Prtry><Cd>SIP UKBA CR 40269</Cd></Prtry></BkTxCd><TxDtls><Refs><EndToEndId>PPRD00000000AKKZC0</EndToEndId><TxId>PPRD00000000AKKZC0</TxId></Refs><RltdPties><Dbtr><Nm>PAYPAL CODE 3392</Nm><PstlAdr><AdrLine>2211 N 1st Street San Jose CA 95131</AdrLine><Ctry/></PstlAdr></Dbtr><DbtrAcct><Id><PrtryAcct><Id>23526285010101</Id></PrtryAcct></Id></DbtrAcct><Cdtr><Nm>Thomas Griffiths</Nm><PstlAdr><AdrLine>23 Lindsey Road</AdrLine><Ctry/></PstlAdr></Cdtr><CdtrAcct><Id><PrtryAcct><Id>23008200399443</Id></PrtryAcct></Id></CdtrAcct><Prtry><Tp>PAYPAL CODE 3392</Tp><Pty/></Prtry></RltdPties><RmtInf><Strd><RfrdDocInf><RfrdDocTp><Prtry>002</Prtry></RfrdDocTp></RfrdDocInf><AddtlRmtInf>NO REF</AddtlRmtInf></Strd><Strd><AddtlRmtInf>PAYPAL CODE 3392//PAYPAL CODE 3392</AddtlRmtInf></Strd></RmtInf><RltdDts><TxDtTm>2018-09-03T22:47:33</TxDtTm></RltdDts><AddtlTxInf>PPRD00000000AKKZC01020180903826235262</AddtlTxInf></TxDtls><AddtlNtryInf>COMPLETE//0000//003//CREDIT</AddtlNtryInf></Ntry></Ntfctn></BkToCstmrDbtCdtNtfctnV01></Document>