<?xml version="1.0" encoding="UTF-8"?><Document xmlns:xsi="http://www.w3.org/2001/XMLSchema-instance" xmlns="urn:iso:std:iso:20022:tech:xsd:camt.054.001.01"><BkToCstmrDbtCdtNtfctnV01><GrpHdr><MsgId>80309K//12961</MsgId><CreDtTm>2018-09-17T10:00:00</CreDtTm></GrpHdr><Ntfctn><Id>80309K//12961//1</Id><CreDtTm>2018-09-17T10:00:00</CreDtTm><Acct><Id><PrtryAcct><Id>20594233939774</Id></PrtryAcct></Id><Ccy>GBP</Ccy></Acct><TxsSummry><TtlNtries><NbOfNtries>9</NbOfNtries><Sum>669.52</Sum></TtlNtries><TtlCdtNtries><NbOfNtries>9</NbOfNtries><Sum>669.52</Sum></TtlCdtNtries><TtlDbtNtries><NbOfNtries>0</NbOfNtries><Sum>0.00</Sum></TtlDbtNtries></TxsSummry><Ntry><Amt Ccy="GBP">45.00</Amt><CdtDbtInd>CRDT</CdtDbtInd><Sts>BOOK</Sts><BookgDt><Dt>2018-09-17</Dt></BookgDt><BkTxCd><Prtry><Cd>SIP UKBA CR 40269</Cd></Prtry></BkTxCd><TxDtls><Refs><EndToEndId>PPWD00000000ANWASY</EndToEndId><TxId>PPWD00000000ANWASY</TxId></Refs><RltdPties><Dbtr><Nm>PayPal</Nm><PstlAdr><AdrLine>2211 N 1st Street San Jose CA 95131</AdrLine><Ctry/></PstlAdr></Dbtr><DbtrAcct><Id><PrtryAcct><Id>23526278959595</Id></PrtryAcct></Id></DbtrAcct><Cdtr><Nm>John Sullivan</Nm><PstlAdr><AdrLine>118 Days Lane</AdrLine><Ctry/></PstlAdr></Cdtr><CdtrAcct><Id><PrtryAcct><Id>23008200413048</Id></PrtryAcct></Id></CdtrAcct><Prtry><Tp>PPWDL59B22AL5MS4V6</Tp><Pty/></Prtry></RltdPties><RmtInf><Strd><RfrdDocInf><RfrdDocTp><Prtry>002</Prtry></RfrdDocTp></RfrdDocInf><AddtlRmtInf>NO REF</AddtlRmtInf></Strd><Strd><AddtlRmtInf>PayPal//PPWDL59B22AL5MS4V6</AddtlRmtInf></Strd></RmtInf><RltdDts><TxDtTm>2018-09-17T09:31:11</TxDtTm></RltdDts><AddtlTxInf>PPWD00000000ANWASY1020180917826235262</AddtlTxInf></TxDtls><AddtlNtryInf>COMPLETE//0000//001//CREDIT</AddtlNtryInf></Ntry><Ntry><Amt Ccy="GBP">200.00</Amt><CdtDbtInd>CRDT</CdtDbtInd><Sts>BOOK</Sts><BookgDt><Dt>2018-09-17</Dt></BookgDt><BkTxCd><Prtry><Cd>SIP UKBA CR 40269</Cd></Prtry></BkTxCd><TxDtls><Refs><EndToEndId>NOREF</EndToEndId><TxId>400000000394203886</TxId></Refs><RltdPties><Dbtr><Nm>A Adamu</Nm></Dbtr><DbtrAcct><Id><PrtryAcct><Id>11132500528702</Id></PrtryAcct></Id></DbtrAcct><Cdtr><Nm>EXPORT SOLUTION</Nm></Cdtr><CdtrAcct><Id><PrtryAcct><Id>23008200044254</Id></PrtryAcct></Id></CdtrAcct><Prtry><Tp>ADEMOLA</Tp><Pty/></Prtry></RltdPties><RmtInf><Strd><AddtlRmtInf>NO REF</AddtlRmtInf></Strd><Strd><AddtlRmtInf>A Adamu//ADEMOLA</AddtlRmtInf></Strd></RmtInf><RltdDts><TxDtTm>2018-09-17T09:34:24</TxDtTm></RltdDts><AddtlTxInf>4000000003942038861020180917826111325</AddtlTxInf></TxDtls><AddtlNtryInf>COMPLETE//0000//001//CREDIT</AddtlNtryInf></Ntry><Ntry><Amt Ccy="GBP">0.01</Amt><CdtDbtInd>CRDT</CdtDbtInd><Sts>BOOK</Sts><BookgDt><Dt>2018-09-17</Dt></BookgDt><BkTxCd><Prtry><Cd>SIP UKBA CR 40269</Cd></Prtry></BkTxCd><TxDtls><Refs><EndToEndId>PPRD00000000ANWDBM</EndToEndId><TxId>PPRD00000000ANWDBM</TxId></Refs><RltdPties><Dbtr><Nm>PAYPAL CODE 9373</Nm><PstlAdr><AdrLine>2211 N 1st Street San Jose CA 95131</AdrLine><Ctry/></PstlAdr></Dbtr><DbtrAcct><Id><PrtryAcct><Id>23526285010101</Id></PrtryAcct></Id></DbtrAcct><Cdtr><Nm>Peter Parker</Nm><PstlAdr><AdrLine>Bradshaw Lane Fern Bank Farm,Bradsh</AdrLine><AdrLine>aw Lane</AdrLine><Ctry/></PstlAdr></Cdtr><CdtrAcct><Id><PrtryAcct><Id>23008200446234</Id></PrtryAcct></Id></CdtrAcct><Prtry><Tp>PAYPAL CODE 9373</Tp><Pty/></Prtry></RltdPties><RmtInf><Strd><RfrdDocInf><RfrdDocTp><Prtry>002</Prtry></RfrdDocTp></RfrdDocInf><AddtlRmtInf>NO REF</AddtlRmtInf></Strd><Strd><AddtlRmtInf>PAYPAL CODE 9373//PAYPAL CODE 9373</AddtlRmtInf></Strd></RmtInf><RltdDts><TxDtTm>2018-09-17T09:37:27</TxDtTm></RltdDts><AddtlTxInf>PPRD00000000ANWDBM1020180917826235262</AddtlTxInf></TxDtls><AddtlNtryInf>COMPLETE//0000//001//CREDIT</AddtlNtryInf></Ntry><Ntry><Amt Ccy="GBP">195.00</Amt><CdtDbtInd>CRDT</CdtDbtInd><Sts>BOOK</Sts><BookgDt><Dt>2018-09-17</Dt></BookgDt><BkTxCd><Prtry><Cd>SIP UKBA CR 40269</Cd></Prtry></BkTxCd><TxDtls><Refs><EndToEndId>NOREF</EndToEndId><TxId>FP18260O01312641</TxId></Refs><RltdPties><Dbtr><Nm>Emezie Peace</Nm></Dbtr><DbtrAcct><Id><PrtryAcct><Id>07024649345081</Id></PrtryAcct></Id></DbtrAcct><Cdtr><Nm>PHILOMILLION LTD</Nm></Cdtr><CdtrAcct><Id><PrtryAcct><Id>23008200033343</Id></PrtryAcct></Id></CdtrAcct><Prtry><Tp>PEACE EMEZIE</Tp><Pty/></Prtry></RltdPties><RmtInf><Strd><AddtlRmtInf>NO REF</AddtlRmtInf></Strd><Strd><AddtlRmtInf>Emezie Peace//PEACE EMEZIE</AddtlRmtInf></Strd></RmtInf><RltdDts><TxDtTm>2018-09-17T09:43:02</TxDtTm></RltdDts><AddtlTxInf>FP18260O01312641  1020180917826070246</AddtlTxInf></TxDtls><AddtlNtryInf>COMPLETE//0000//001//CREDIT</AddtlNtryInf></Ntry><Ntry><Amt Ccy="GBP">99.00</Amt><CdtDbtInd>CRDT</CdtDbtInd><Sts>BOOK</Sts><BookgDt><Dt>2018-09-17</Dt></BookgDt><BkTxCd><Prtry><Cd>SIP UKBA CR 40269</Cd></Prtry></BkTxCd><TxDtls><Refs><EndToEndId>NOREF</EndToEndId><TxId>300000000393059802</TxId></Refs><RltdPties><Dbtr><Nm>D Thomas</Nm></Dbtr><DbtrAcct><Id><PrtryAcct><Id>30912001142647</Id></PrtryAcct></Id></DbtrAcct><Cdtr><Nm>Ambleside Racing</Nm></Cdtr><CdtrAcct><Id><PrtryAcct><Id>23008200224434</Id></PrtryAcct></Id></CdtrAcct></RltdPties><RmtInf><Strd><AddtlRmtInf>NO REF</AddtlRmtInf></Strd><Strd><AddtlRmtInf>D Thomas//</AddtlRmtInf></Strd></RmtInf><RltdDts><TxDtTm>2018-09-17T09:47:50</TxDtTm></RltdDts><AddtlTxInf>3000000003930598021020180917826309120</AddtlTxInf></TxDtls><AddtlNtryInf>COMPLETE//0000//001//CREDIT</AddtlNtryInf></Ntry><Ntry><Amt Ccy="GBP">99.00</Amt><CdtDbtInd>CRDT</CdtDbtInd><Sts>BOOK</Sts><BookgDt><Dt>2018-09-17</Dt></BookgDt><BkTxCd><Prtry><Cd>SIP UKBA CR 40269</Cd></Prtry></BkTxCd><TxDtls><Refs><EndToEndId>NOREF</EndToEndId><TxId>633656348490719001</TxId><Prtry><Tp>STO REF</Tp><Ref>0000</Ref></Prtry></Refs><RltdPties><Dbtr><Nm>TROY K R</Nm></Dbtr><DbtrAcct><Id><PrtryAcct><Id>40141871089722</Id></PrtryAcct></Id></DbtrAcct><Cdtr><Nm>ARRO BUSINESS BANK</Nm></Cdtr><CdtrAcct><Id><PrtryAcct><Id>23008200224434</Id></PrtryAcct></Id></CdtrAcct><Prtry><Tp>KEN TROY</Tp><Pty/></Prtry></RltdPties><RmtInf><Strd><AddtlRmtInf>NO REF</AddtlRmtInf></Strd><Strd><AddtlRmtInf>TROY K R//KEN TROY</AddtlRmtInf></Strd></RmtInf><RltdDts><TxDtTm>2018-09-17T09:48:44</TxDtTm></RltdDts><AddtlTxInf>6336563484907190011020180917826401418</AddtlTxInf></TxDtls><AddtlNtryInf>COMPLETE//0000//001//CREDIT</AddtlNtryInf></Ntry><Ntry><Amt Ccy="GBP">0.01</Amt><CdtDbtInd>CRDT</CdtDbtInd><Sts>BOOK</Sts><BookgDt><Dt>2018-09-17</Dt></BookgDt><BkTxCd><Prtry><Cd>SIP UKBA CR 40269</Cd></Prtry></BkTxCd><TxDtls><Refs><EndToEndId>PPRD00000000ANWJX6</EndToEndId><TxId>PPRD00000000ANWJX6</TxId></Refs><RltdPties><Dbtr><Nm>PAYPAL CODE 9853</Nm><PstlAdr><AdrLine>2211 N 1st Street San Jose CA 95131</AdrLine><Ctry/></PstlAdr></Dbtr><DbtrAcct><Id><PrtryAcct><Id>23526285010101</Id></PrtryAcct></Id></DbtrAcct><Cdtr><Nm>Affiliation</Nm><PstlAdr><AdrLine>1 Ambleside avenue</AdrLine><Ctry/></PstlAdr></Cdtr><CdtrAcct><Id><PrtryAcct><Id>23008200224434</Id></PrtryAcct></Id></CdtrAcct><Prtry><Tp>PAYPAL CODE 9853</Tp><Pty/></Prtry></RltdPties><RmtInf><Strd><RfrdDocInf><RfrdDocTp><Prtry>002</Prtry></RfrdDocTp></RfrdDocInf><AddtlRmtInf>NO REF</AddtlRmtInf></Strd><Strd><AddtlRmtInf>PAYPAL CODE 9853//PAYPAL CODE 9853</AddtlRmtInf></Strd></RmtInf><RltdDts><TxDtTm>2018-09-17T09:53:22</TxDtTm></RltdDts><AddtlTxInf>PPRD00000000ANWJX61020180917826235262</AddtlTxInf></TxDtls><AddtlNtryInf>COMPLETE//0000//001//CREDIT</AddtlNtryInf></Ntry><Ntry><Amt Ccy="GBP">6.50</Amt><CdtDbtInd>CRDT</CdtDbtInd><Sts>BOOK</Sts><BookgDt><Dt>2018-09-17</Dt></BookgDt><BkTxCd><Prtry><Cd>SIP UKBA CR 40269</Cd></Prtry></BkTxCd><TxDtls><Refs><EndToEndId>PPWD00000000ANWICM</EndToEndId><TxId>PPWD00000000ANWICM</TxId></Refs><RltdPties><Dbtr><Nm>PayPal</Nm><PstlAdr><AdrLine>2211 N 1st Street San Jose CA 95131</AdrLine><Ctry/></PstlAdr></Dbtr><DbtrAcct><Id><PrtryAcct><Id>23526278959595</Id></PrtryAcct></Id></DbtrAcct><Cdtr><Nm>Karen Hagen</Nm><PstlAdr><AdrLine>145 Bath Street</AdrLine><Ctry/></PstlAdr></Cdtr><CdtrAcct><Id><PrtryAcct><Id>23008200044651</Id></PrtryAcct></Id></CdtrAcct><Prtry><Tp>PPWDL4Z422AL3E5652</Tp><Pty/></Prtry></RltdPties><RmtInf><Strd><RfrdDocInf><RfrdDocTp><Prtry>002</Prtry></RfrdDocTp></RfrdDocInf><AddtlRmtInf>NO REF</AddtlRmtInf></Strd><Strd><AddtlRmtInf>PayPal//PPWDL4Z422AL3E5652</AddtlRmtInf></Strd></RmtInf><RltdDts><TxDtTm>2018-09-17T09:54:48</TxDtTm></RltdDts><AddtlTxInf>PPWD00000000ANWICM1020180917826235262</AddtlTxInf></TxDtls><AddtlNtryInf>COMPLETE//0000//001//CREDIT</AddtlNtryInf></Ntry><Ntry><Amt Ccy="GBP">25.00</Amt><CdtDbtInd>CRDT</CdtDbtInd><Sts>BOOK</Sts><BookgDt><Dt>2018-09-17</Dt></BookgDt><BkTxCd><Prtry><Cd>SIP UKBA CR 40269</Cd></Prtry></BkTxCd><TxDtls><Refs><EndToEndId>NOREF</EndToEndId><TxId>FP18260O01327164</TxId></Refs><RltdPties><Dbtr><Nm>Middleditch Jason</Nm></Dbtr><DbtrAcct><Id><PrtryAcct><Id>07043610639181</Id></PrtryAcct></Id></DbtrAcct><Cdtr><Nm>MISS SAFFRON MORRI</Nm></Cdtr><CdtrAcct><Id><PrtryAcct><Id>23008200162670</Id></PrtryAcct></Id></CdtrAcct><Prtry><Tp>MONEY</Tp><Pty/></Prtry></RltdPties><RmtInf><Strd><AddtlRmtInf>NO REF</AddtlRmtInf></Strd><Strd><AddtlRmtInf>Middleditch Jason//MONEY</AddtlRmtInf></Strd></RmtInf><RltdDts><TxDtTm>2018-09-17T09:58:37</TxDtTm></RltdDts><AddtlTxInf>FP18260O01327164  1020180917826070436</AddtlTxInf></TxDtls><AddtlNtryInf>COMPLETE//0000//001//CREDIT</AddtlNtryInf></Ntry></Ntfctn></BkToCstmrDbtCdtNtfctnV01></Document>