<?xml version="1.0" encoding="UTF-8"?><Document xmlns:xsi="http://www.w3.org/2001/XMLSchema-instance" xmlns="urn:iso:std:iso:20022:tech:xsd:camt.054.001.01"><BkToCstmrDbtCdtNtfctnV01><GrpHdr><MsgId>80309K//12667</MsgId><CreDtTm>2018-09-10T13:00:00</CreDtTm></GrpHdr><Ntfctn><Id>80309K//12667//1</Id><CreDtTm>2018-09-10T13:00:00</CreDtTm><Acct><Id><PrtryAcct><Id>20594233939774</Id></PrtryAcct></Id><Ccy>GBP</Ccy></Acct><TxsSummry><TtlNtries><NbOfNtries>10</NbOfNtries><Sum>14891.00</Sum></TtlNtries><TtlCdtNtries><NbOfNtries>10</NbOfNtries><Sum>14891.00</Sum></TtlCdtNtries><TtlDbtNtries><NbOfNtries>0</NbOfNtries><Sum>0.00</Sum></TtlDbtNtries></TxsSummry><Ntry><Amt Ccy="GBP">3000.00</Amt><CdtDbtInd>CRDT</CdtDbtInd><Sts>BOOK</Sts><BookgDt><Dt>2018-09-10</Dt></BookgDt><BkTxCd><Prtry><Cd>FDP UKBA CR 40269</Cd></Prtry></BkTxCd><TxDtls><Refs><EndToEndId>NOREF</EndToEndId><TxId>403624748021019001</TxId><Prtry><Tp>STO REF</Tp><Ref>0000</Ref></Prtry></Refs><RltdPties><Dbtr><Nm>ISHAN RAJARA</Nm></Dbtr><DbtrAcct><Id><PrtryAcct><Id>40240771683152</Id></PrtryAcct></Id></DbtrAcct><Cdtr><Nm>JAYA BAMI</Nm></Cdtr><CdtrAcct><Id><PrtryAcct><Id>23008200415469</Id></PrtryAcct></Id></CdtrAcct><Prtry><Tp>JAYA</Tp><Pty/></Prtry></RltdPties><RmtInf><Strd><AddtlRmtInf>NO REF</AddtlRmtInf></Strd><Strd><AddtlRmtInf>ISHAN RAJARA//JAYA</AddtlRmtInf></Strd></RmtInf><RltdDts><TxDtTm>2018-09-10T12:30:10</TxDtTm></RltdDts><AddtlTxInf>4036247480210190014020180910826402407</AddtlTxInf></TxDtls><AddtlNtryInf>COMPLETE//0000//001//CREDIT</AddtlNtryInf></Ntry><Ntry><Amt Ccy="GBP">200.00</Amt><CdtDbtInd>CRDT</CdtDbtInd><Sts>BOOK</Sts><BookgDt><Dt>2018-09-10</Dt></BookgDt><BkTxCd><Prtry><Cd>SIP UKBA CR 40269</Cd></Prtry></BkTxCd><TxDtls><Refs><EndToEndId>NOREF</EndToEndId><TxId>831390542321019001</TxId><Prtry><Tp>STO REF</Tp><Ref>0000</Ref></Prtry></Refs><RltdPties><Dbtr><Nm>NAZARY R</Nm></Dbtr><DbtrAcct><Id><PrtryAcct><Id>40251034211111</Id></PrtryAcct></Id></DbtrAcct><Cdtr><Nm>Completely</Nm></Cdtr><CdtrAcct><Id><PrtryAcct><Id>23008200222370</Id></PrtryAcct></Id></CdtrAcct><Prtry><Tp>website</Tp><Pty/></Prtry></RltdPties><RmtInf><Strd><AddtlRmtInf>NO REF</AddtlRmtInf></Strd><Strd><AddtlRmtInf>NAZARY R//website</AddtlRmtInf></Strd></RmtInf><RltdDts><TxDtTm>2018-09-10T12:32:45</TxDtTm></RltdDts><AddtlTxInf>8313905423210190011020180910826402510</AddtlTxInf></TxDtls><AddtlNtryInf>COMPLETE//0000//001//CREDIT</AddtlNtryInf></Ntry><Ntry><Amt Ccy="GBP">10.00</Amt><CdtDbtInd>CRDT</CdtDbtInd><Sts>BOOK</Sts><BookgDt><Dt>2018-09-10</Dt></BookgDt><BkTxCd><Prtry><Cd>SIP UKBA CR 40269</Cd></Prtry></BkTxCd><TxDtls><Refs><EndToEndId>NOREF</EndToEndId><TxId>RP4679961049885800</TxId></Refs><RltdPties><Dbtr><Nm>TRICOLICI G</Nm></Dbtr><DbtrAcct><Id><PrtryAcct><Id>20427343111903</Id></PrtryAcct></Id></DbtrAcct><Cdtr><Nm>M LIYA</Nm></Cdtr><CdtrAcct><Id><PrtryAcct><Id>23008200401487</Id></PrtryAcct></Id></CdtrAcct><Prtry><Tp>TRICO BARCA</Tp><Pty/></Prtry></RltdPties><RmtInf><Strd><AddtlRmtInf>NO REF</AddtlRmtInf></Strd><Strd><AddtlRmtInf>TRICOLICI G//TRICO BARCA</AddtlRmtInf></Strd></RmtInf><RltdDts><TxDtTm>2018-09-10T12:33:23</TxDtTm></RltdDts><AddtlTxInf>RP46799610498858001020180910826200026</AddtlTxInf></TxDtls><AddtlNtryInf>COMPLETE//0000//001//CREDIT</AddtlNtryInf></Ntry><Ntry><Amt Ccy="GBP">200.00</Amt><CdtDbtInd>CRDT</CdtDbtInd><Sts>BOOK</Sts><BookgDt><Dt>2018-09-10</Dt></BookgDt><BkTxCd><Prtry><Cd>SIP UKBA CR 40269</Cd></Prtry></BkTxCd><TxDtls><Refs><EndToEndId>NOREF</EndToEndId><TxId>RP4679961049963400</TxId></Refs><RltdPties><Dbtr><Nm>AJAYI-OBE D O</Nm></Dbtr><DbtrAcct><Id><PrtryAcct><Id>20805723532097</Id></PrtryAcct></Id></DbtrAcct><Cdtr><Nm>K ANIMASHAUN</Nm></Cdtr><CdtrAcct><Id><PrtryAcct><Id>23008200200738</Id></PrtryAcct></Id></CdtrAcct><Prtry><Tp>LOAN</Tp><Pty/></Prtry></RltdPties><RmtInf><Strd><AddtlRmtInf>NO REF</AddtlRmtInf></Strd><Strd><AddtlRmtInf>AJAYI-OBE D O//LOAN</AddtlRmtInf></Strd></RmtInf><RltdDts><TxDtTm>2018-09-10T12:34:18</TxDtTm></RltdDts><AddtlTxInf>RP46799610499634001020180910826200026</AddtlTxInf></TxDtls><AddtlNtryInf>COMPLETE//0000//001//CREDIT</AddtlNtryInf></Ntry><Ntry><Amt Ccy="GBP">3450.00</Amt><CdtDbtInd>CRDT</CdtDbtInd><Sts>BOOK</Sts><BookgDt><Dt>2018-09-10</Dt></BookgDt><BkTxCd><Prtry><Cd>SIP UKBA CR 40269</Cd></Prtry></BkTxCd><TxDtls><Refs><EndToEndId>NOREF</EndToEndId><TxId>RP4679961050590400</TxId></Refs><RltdPties><Dbtr><Nm>TRADE QUEEN T/AS</Nm></Dbtr><DbtrAcct><Id><PrtryAcct><Id>20415013976432</Id></PrtryAcct></Id></DbtrAcct><Cdtr><Nm>G C SERVICE</Nm></Cdtr><CdtrAcct><Id><PrtryAcct><Id>23008200035423</Id></PrtryAcct></Id></CdtrAcct><Prtry><Tp>G C SERVICE</Tp><Pty/></Prtry></RltdPties><RmtInf><Strd><AddtlRmtInf>NO REF</AddtlRmtInf></Strd><Strd><AddtlRmtInf>TRADE QUEEN T/AS//G C SERVICE</AddtlRmtInf></Strd></RmtInf><RltdDts><TxDtTm>2018-09-10T12:40:38</TxDtTm></RltdDts><AddtlTxInf>RP46799610505904001020180910826200026</AddtlTxInf></TxDtls><AddtlNtryInf>COMPLETE//0000//001//CREDIT</AddtlNtryInf></Ntry><Ntry><Amt Ccy="GBP">3620.00</Amt><CdtDbtInd>CRDT</CdtDbtInd><Sts>BOOK</Sts><BookgDt><Dt>2018-09-10</Dt></BookgDt><BkTxCd><Prtry><Cd>SIP UKBA CR 40269</Cd></Prtry></BkTxCd><TxDtls><Refs><EndToEndId>NOREF</EndToEndId><TxId>RP4679961050683300</TxId></Refs><RltdPties><Dbtr><Nm>TRADE QUEEN T/AS</Nm></Dbtr><DbtrAcct><Id><PrtryAcct><Id>20415013976432</Id></PrtryAcct></Id></DbtrAcct><Cdtr><Nm>PAS FLEETS</Nm></Cdtr><CdtrAcct><Id><PrtryAcct><Id>23008200034376</Id></PrtryAcct></Id></CdtrAcct><Prtry><Tp>PAS FLEETS ARROW</Tp><Pty/></Prtry></RltdPties><RmtInf><Strd><AddtlRmtInf>NO REF</AddtlRmtInf></Strd><Strd><AddtlRmtInf>TRADE QUEEN T/AS//PAS FLEETS ARROW</AddtlRmtInf></Strd></RmtInf><RltdDts><TxDtTm>2018-09-10T12:41:39</TxDtTm></RltdDts><AddtlTxInf>RP46799610506833001020180910826200026</AddtlTxInf></TxDtls><AddtlNtryInf>COMPLETE//0000//001//CREDIT</AddtlNtryInf></Ntry><Ntry><Amt Ccy="GBP">3560.00</Amt><CdtDbtInd>CRDT</CdtDbtInd><Sts>BOOK</Sts><BookgDt><Dt>2018-09-10</Dt></BookgDt><BkTxCd><Prtry><Cd>SIP UKBA CR 40269</Cd></Prtry></BkTxCd><TxDtls><Refs><EndToEndId>NOREF</EndToEndId><TxId>RP4679961050766200</TxId></Refs><RltdPties><Dbtr><Nm>TRADE QUEEN T/AS</Nm></Dbtr><DbtrAcct><Id><PrtryAcct><Id>20415013976432</Id></PrtryAcct></Id></DbtrAcct><Cdtr><Nm>MARTIN DEEN</Nm></Cdtr><CdtrAcct><Id><PrtryAcct><Id>23008200237869</Id></PrtryAcct></Id></CdtrAcct><Prtry><Tp>MARTIN DEEN ARROW</Tp><Pty/></Prtry></RltdPties><RmtInf><Strd><AddtlRmtInf>NO REF</AddtlRmtInf></Strd><Strd><AddtlRmtInf>TRADE QUEEN T/AS//MARTIN DEEN ARROW</AddtlRmtInf></Strd></RmtInf><RltdDts><TxDtTm>2018-09-10T12:42:27</TxDtTm></RltdDts><AddtlTxInf>RP46799610507662001020180910826200026</AddtlTxInf></TxDtls><AddtlNtryInf>COMPLETE//0000//001//CREDIT</AddtlNtryInf></Ntry><Ntry><Amt Ccy="GBP">300.00</Amt><CdtDbtInd>CRDT</CdtDbtInd><Sts>BOOK</Sts><BookgDt><Dt>2018-09-10</Dt></BookgDt><BkTxCd><Prtry><Cd>SIP UKBA CR 40269</Cd></Prtry></BkTxCd><TxDtls><Refs><EndToEndId>NOREF</EndToEndId><TxId>300000000391214492</TxId></Refs><RltdPties><Dbtr><Nm>D Wheeler</Nm></Dbtr><DbtrAcct><Id><PrtryAcct><Id>30982902059826</Id></PrtryAcct></Id></DbtrAcct><Cdtr><Nm>O JOHNSON</Nm></Cdtr><CdtrAcct><Id><PrtryAcct><Id>23008200221522</Id></PrtryAcct></Id></CdtrAcct><Prtry><Tp>VIDEOGRAPHY</Tp><Pty/></Prtry></RltdPties><RmtInf><Strd><AddtlRmtInf>NO REF</AddtlRmtInf></Strd><Strd><AddtlRmtInf>D Wheeler//VIDEOGRAPHY</AddtlRmtInf></Strd></RmtInf><RltdDts><TxDtTm>2018-09-10T12:49:33</TxDtTm></RltdDts><AddtlTxInf>3000000003912144921020180910826309829</AddtlTxInf></TxDtls><AddtlNtryInf>COMPLETE//0000//001//CREDIT</AddtlNtryInf></Ntry><Ntry><Amt Ccy="GBP">501.00</Amt><CdtDbtInd>CRDT</CdtDbtInd><Sts>BOOK</Sts><BookgDt><Dt>2018-09-10</Dt></BookgDt><BkTxCd><Prtry><Cd>SIP UKBA CR 40269</Cd></Prtry></BkTxCd><TxDtls><Refs><EndToEndId>TERNOVYI OLEKSAN</EndToEndId><TxId>TW0000000039629876</TxId></Refs><RltdPties><Dbtr><Nm>Oleksandr Ternovyi TW</Nm></Dbtr><DbtrAcct><Id><PrtryAcct><Id>23147067215993</Id></PrtryAcct></Id></DbtrAcct><Cdtr><Nm>Ian Mcmillen</Nm></Cdtr><CdtrAcct><Id><PrtryAcct><Id>23008200425461</Id></PrtryAcct></Id></CdtrAcct><Prtry><Tp>TERNOVYI OLEKSAN</Tp><Pty/></Prtry></RltdPties><RmtInf><Strd><AddtlRmtInf>NO REF</AddtlRmtInf></Strd><Strd><AddtlRmtInf>Oleksandr Ternovyi//TERNOVYI OLEKSAN</AddtlRmtInf></Strd></RmtInf><RltdDts><TxDtTm>2018-09-10T12:49:59</TxDtTm></RltdDts><AddtlTxInf>TW00000000396298761020180910826231470</AddtlTxInf></TxDtls><AddtlNtryInf>COMPLETE//0000//001//CREDIT</AddtlNtryInf></Ntry><Ntry><Amt Ccy="GBP">50.00</Amt><CdtDbtInd>CRDT</CdtDbtInd><Sts>BOOK</Sts><BookgDt><Dt>2018-09-10</Dt></BookgDt><BkTxCd><Prtry><Cd>SIP UKBA CR 40269</Cd></Prtry></BkTxCd><TxDtls><Refs><EndToEndId>NOREF</EndToEndId><TxId>200000000385903228</TxId></Refs><RltdPties><Dbtr><Nm>L Wiggan</Nm></Dbtr><DbtrAcct><Id><PrtryAcct><Id>11086301717718</Id></PrtryAcct></Id></DbtrAcct><Cdtr><Nm>LORNAWIGGAN</Nm></Cdtr><CdtrAcct><Id><PrtryAcct><Id>23008200133361</Id></PrtryAcct></Id></CdtrAcct><Prtry><Tp>HOLIDAY SPENDS</Tp><Pty/></Prtry></RltdPties><RmtInf><Strd><AddtlRmtInf>NO REF</AddtlRmtInf></Strd><Strd><AddtlRmtInf>L Wiggan//HOLIDAY SPENDS</AddtlRmtInf></Strd></RmtInf><RltdDts><TxDtTm>2018-09-10T12:51:33</TxDtTm></RltdDts><AddtlTxInf>2000000003859032281020180910826110863</AddtlTxInf></TxDtls><AddtlNtryInf>COMPLETE//0000//001//CREDIT</AddtlNtryInf></Ntry></Ntfctn></BkToCstmrDbtCdtNtfctnV01></Document>