<?xml version="1.0" encoding="UTF-8"?><Document xmlns:xsi="http://www.w3.org/2001/XMLSchema-instance" xmlns="urn:iso:std:iso:20022:tech:xsd:camt.054.001.01"><BkToCstmrDbtCdtNtfctnV01><GrpHdr><MsgId>80309K//13110</MsgId><CreDtTm>2018-09-20T18:30:00</CreDtTm></GrpHdr><Ntfctn><Id>80309K//13110//1</Id><CreDtTm>2018-09-20T18:30:00</CreDtTm><Acct><Id><PrtryAcct><Id>20594233939774</Id></PrtryAcct></Id><Ccy>GBP</Ccy></Acct><TxsSummry><TtlNtries><NbOfNtries>10</NbOfNtries><Sum>1774.21</Sum></TtlNtries><TtlCdtNtries><NbOfNtries>10</NbOfNtries><Sum>1774.21</Sum></TtlCdtNtries><TtlDbtNtries><NbOfNtries>0</NbOfNtries><Sum>0.00</Sum></TtlDbtNtries></TxsSummry><Ntry><Amt Ccy="GBP">200.00</Amt><CdtDbtInd>CRDT</CdtDbtInd><Sts>BOOK</Sts><BookgDt><Dt>2018-09-20</Dt></BookgDt><BkTxCd><Prtry><Cd>SIP UKBA CR 40269</Cd></Prtry></BkTxCd><TxDtls><Refs><EndToEndId>STEVE</EndToEndId><TxId>14180212197663000N</TxId><Prtry><Tp>STO REF</Tp><Ref>0000</Ref></Prtry></Refs><RltdPties><Dbtr><Nm>OULTON SR</Nm></Dbtr><DbtrAcct><Id><PrtryAcct><Id>55811686072625</Id></PrtryAcct></Id></DbtrAcct><Cdtr><Nm>JORDAN WINTER</Nm></Cdtr><CdtrAcct><Id><PrtryAcct><Id>23008200011907</Id></PrtryAcct></Id></CdtrAcct><Prtry><Tp>STEVE</Tp><Pty/></Prtry></RltdPties><RmtInf><Strd><AddtlRmtInf>OULTON SR         STEVE             VIA MOBILE - LVP</AddtlRmtInf></Strd><Strd><AddtlRmtInf>OULTON SR//STEVE</AddtlRmtInf></Strd></RmtInf><RltdDts><TxDtTm>2018-09-20T18:02:12</TxDtTm></RltdDts><AddtlTxInf>14180212197663000N1020180920826558116</AddtlTxInf></TxDtls><AddtlNtryInf>COMPLETE//0000//003//CREDIT</AddtlNtryInf></Ntry><Ntry><Amt Ccy="GBP">30.00</Amt><CdtDbtInd>CRDT</CdtDbtInd><Sts>BOOK</Sts><BookgDt><Dt>2018-09-20</Dt></BookgDt><BkTxCd><Prtry><Cd>SIP UKBA CR 40269</Cd></Prtry></BkTxCd><TxDtls><Refs><EndToEndId>NOREF</EndToEndId><TxId>400000000395187550</TxId></Refs><RltdPties><Dbtr><Nm>J Kiiru</Nm></Dbtr><DbtrAcct><Id><PrtryAcct><Id>30643827609960</Id></PrtryAcct></Id></DbtrAcct><Cdtr><Nm>MISS ANN KIMANI</Nm></Cdtr><CdtrAcct><Id><PrtryAcct><Id>23008200293148</Id></PrtryAcct></Id></CdtrAcct><Prtry><Tp>TOTO</Tp><Pty/></Prtry></RltdPties><RmtInf><Strd><AddtlRmtInf>NO REF</AddtlRmtInf></Strd><Strd><AddtlRmtInf>J Kiiru//TOTO</AddtlRmtInf></Strd></RmtInf><RltdDts><TxDtTm>2018-09-20T18:04:47</TxDtTm></RltdDts><AddtlTxInf>4000000003951875501020180920826306438</AddtlTxInf></TxDtls><AddtlNtryInf>COMPLETE//0000//003//CREDIT</AddtlNtryInf></Ntry><Ntry><Amt Ccy="GBP">831.70</Amt><CdtDbtInd>CRDT</CdtDbtInd><Sts>BOOK</Sts><BookgDt><Dt>2018-09-20</Dt></BookgDt><BkTxCd><Prtry><Cd>SIP UKBA CR 40269</Cd></Prtry></BkTxCd><TxDtls><Refs><EndToEndId>NOREF</EndToEndId><TxId>400000000395188426</TxId></Refs><RltdPties><Dbtr><Nm>Sea Kale Hastings</Nm></Dbtr><DbtrAcct><Id><PrtryAcct><Id>30976652706660</Id></PrtryAcct></Id></DbtrAcct><Cdtr><Nm>MR D SCHIAVI</Nm></Cdtr><CdtrAcct><Id><PrtryAcct><Id>23008200067660</Id></PrtryAcct></Id></CdtrAcct><Prtry><Tp>KITCHEN EXTRACTION</Tp><Pty/></Prtry></RltdPties><RmtInf><Strd><AddtlRmtInf>NO REF</AddtlRmtInf></Strd><Strd><AddtlRmtInf>Sea Kale Hastings//KITCHEN EXTRACTION</AddtlRmtInf></Strd></RmtInf><RltdDts><TxDtTm>2018-09-20T18:08:19</TxDtTm></RltdDts><AddtlTxInf>4000000003951884261020180920826309766</AddtlTxInf></TxDtls><AddtlNtryInf>COMPLETE//0000//003//CREDIT</AddtlNtryInf></Ntry><Ntry><Amt Ccy="GBP">8.50</Amt><CdtDbtInd>CRDT</CdtDbtInd><Sts>BOOK</Sts><BookgDt><Dt>2018-09-20</Dt></BookgDt><BkTxCd><Prtry><Cd>SIP UKBA CR 40269</Cd></Prtry></BkTxCd><TxDtls><Refs><EndToEndId>NOREF</EndToEndId><TxId>180920181640521051</TxId></Refs><RltdPties><Dbtr><Nm>Daniel Anderson</Nm></Dbtr><DbtrAcct><Id><PrtryAcct><Id>77682201288068</Id></PrtryAcct></Id></DbtrAcct><Cdtr><Nm>Daniel Howe</Nm></Cdtr><CdtrAcct><Id><PrtryAcct><Id>23008200211562</Id></PrtryAcct></Id></CdtrAcct></RltdPties><RmtInf><Strd><AddtlRmtInf>NO REF</AddtlRmtInf></Strd><Strd><AddtlRmtInf>Daniel Anderson//</AddtlRmtInf></Strd></RmtInf><RltdDts><TxDtTm>2018-09-20T18:16:37</TxDtTm></RltdDts><AddtlTxInf>1809201816405210511020180920826776822</AddtlTxInf></TxDtls><AddtlNtryInf>COMPLETE//0000//003//CREDIT</AddtlNtryInf></Ntry><Ntry><Amt Ccy="GBP">15.00</Amt><CdtDbtInd>CRDT</CdtDbtInd><Sts>BOOK</Sts><BookgDt><Dt>2018-09-20</Dt></BookgDt><BkTxCd><Prtry><Cd>SIP UKBA CR 40269</Cd></Prtry></BkTxCd><TxDtls><Refs><EndToEndId>LEE</EndToEndId><TxId>33182144209681000N</TxId><Prtry><Tp>STO REF</Tp><Ref>0000</Ref></Prtry></Refs><RltdPties><Dbtr><Nm>WEIJLAND LA</Nm></Dbtr><DbtrAcct><Id><PrtryAcct><Id>01050236109746</Id></PrtryAcct></Id></DbtrAcct><Cdtr><Nm>LM</Nm></Cdtr><CdtrAcct><Id><PrtryAcct><Id>23008200162617</Id></PrtryAcct></Id></CdtrAcct><Prtry><Tp>LEE</Tp><Pty/></Prtry></RltdPties><RmtInf><Strd><AddtlRmtInf>WEIJLAND LA       LEE               VIA MOBILE - LVP</AddtlRmtInf></Strd><Strd><AddtlRmtInf>WEIJLAND LA//LEE</AddtlRmtInf></Strd></RmtInf><RltdDts><TxDtTm>2018-09-20T18:21:44</TxDtTm></RltdDts><AddtlTxInf>33182144209681000N1020180920826010502</AddtlTxInf></TxDtls><AddtlNtryInf>COMPLETE//0000//003//CREDIT</AddtlNtryInf></Ntry><Ntry><Amt Ccy="GBP">424.00</Amt><CdtDbtInd>CRDT</CdtDbtInd><Sts>BOOK</Sts><BookgDt><Dt>2018-09-20</Dt></BookgDt><BkTxCd><Prtry><Cd>SIP UKBA CR 40269</Cd></Prtry></BkTxCd><TxDtls><Refs><EndToEndId>NOREF</EndToEndId><TxId>600000000390110249</TxId></Refs><RltdPties><Dbtr><Nm>A Nduka</Nm></Dbtr><DbtrAcct><Id><PrtryAcct><Id>77912214585362</Id></PrtryAcct></Id></DbtrAcct><Cdtr><Nm>KIM LTD</Nm></Cdtr><CdtrAcct><Id><PrtryAcct><Id>23008200443663</Id></PrtryAcct></Id></CdtrAcct><Prtry><Tp>OBASEKI</Tp><Pty/></Prtry></RltdPties><RmtInf><Strd><AddtlRmtInf>NO REF</AddtlRmtInf></Strd><Strd><AddtlRmtInf>A Nduka//OBASEKI</AddtlRmtInf></Strd></RmtInf><RltdDts><TxDtTm>2018-09-20T18:21:57</TxDtTm></RltdDts><AddtlTxInf>6000000003901102491020180920826779122</AddtlTxInf></TxDtls><AddtlNtryInf>COMPLETE//0000//003//CREDIT</AddtlNtryInf></Ntry><Ntry><Amt Ccy="GBP">0.01</Amt><CdtDbtInd>CRDT</CdtDbtInd><Sts>BOOK</Sts><BookgDt><Dt>2018-09-20</Dt></BookgDt><BkTxCd><Prtry><Cd>SIP UKBA CR 40269</Cd></Prtry></BkTxCd><TxDtls><Refs><EndToEndId>PPRD00000000AOVL14</EndToEndId><TxId>PPRD00000000AOVL14</TxId></Refs><RltdPties><Dbtr><Nm>PAYPAL CODE 6740</Nm><PstlAdr><AdrLine>2211 N 1st Street San Jose CA 95131</AdrLine><Ctry/></PstlAdr></Dbtr><DbtrAcct><Id><PrtryAcct><Id>23526285010101</Id></PrtryAcct></Id></DbtrAcct><Cdtr><Nm>John Benham</Nm><PstlAdr><AdrLine>49 King George Avenue</AdrLine><Ctry/></PstlAdr></Cdtr><CdtrAcct><Id><PrtryAcct><Id>23008200444839</Id></PrtryAcct></Id></CdtrAcct><Prtry><Tp>PAYPAL CODE 6740</Tp><Pty/></Prtry></RltdPties><RmtInf><Strd><RfrdDocInf><RfrdDocTp><Prtry>002</Prtry></RfrdDocTp></RfrdDocInf><AddtlRmtInf>NO REF</AddtlRmtInf></Strd><Strd><AddtlRmtInf>PAYPAL CODE 6740//PAYPAL CODE 6740</AddtlRmtInf></Strd></RmtInf><RltdDts><TxDtTm>2018-09-20T18:22:09</TxDtTm></RltdDts><AddtlTxInf>PPRD00000000AOVL141020180920826235262</AddtlTxInf></TxDtls><AddtlNtryInf>COMPLETE//0000//003//CREDIT</AddtlNtryInf></Ntry><Ntry><Amt Ccy="GBP">79.00</Amt><CdtDbtInd>CRDT</CdtDbtInd><Sts>BOOK</Sts><BookgDt><Dt>2018-09-20</Dt></BookgDt><BkTxCd><Prtry><Cd>SIP UKBA CR 40269</Cd></Prtry></BkTxCd><TxDtls><Refs><EndToEndId>00156498632BBDCMSL</EndToEndId><TxId>00156498632BBDCMSL</TxId></Refs><RltdPties><Dbtr><Nm>GERALDINE HOBBS</Nm></Dbtr><DbtrAcct><Id><PrtryAcct><Id>09012888156892</Id></PrtryAcct></Id></DbtrAcct><Cdtr><Nm>MISS G HOBBS</Nm></Cdtr><CdtrAcct><Id><PrtryAcct><Id>23008200403200</Id></PrtryAcct></Id></CdtrAcct><Prtry><Tp>me</Tp><Pty/></Prtry></RltdPties><RmtInf><Strd><AddtlRmtInf>NO REF</AddtlRmtInf></Strd><Strd><AddtlRmtInf>GERALDINE HOBBS//me</AddtlRmtInf></Strd></RmtInf><RltdDts><TxDtTm>2018-09-20T18:24:02</TxDtTm></RltdDts><AddtlTxInf>00156498632BBDCMSL1020180920826090128</AddtlTxInf></TxDtls><AddtlNtryInf>COMPLETE//0000//003//CREDIT</AddtlNtryInf></Ntry><Ntry><Amt Ccy="GBP">102.00</Amt><CdtDbtInd>CRDT</CdtDbtInd><Sts>BOOK</Sts><BookgDt><Dt>2018-09-20</Dt></BookgDt><BkTxCd><Prtry><Cd>SIP UKBA CR 40269</Cd></Prtry></BkTxCd><TxDtls><Refs><EndToEndId>NOREF</EndToEndId><TxId>642420145281029001</TxId><Prtry><Tp>STO REF</Tp><Ref>0000</Ref></Prtry></Refs><RltdPties><Dbtr><Nm>MACK K L</Nm></Dbtr><DbtrAcct><Id><PrtryAcct><Id>40390132071835</Id></PrtryAcct></Id></DbtrAcct><Cdtr><Nm>Mr Nado</Nm></Cdtr><CdtrAcct><Id><PrtryAcct><Id>23008200149542</Id></PrtryAcct></Id></CdtrAcct><Prtry><Tp>Kyra</Tp><Pty/></Prtry></RltdPties><RmtInf><Strd><AddtlRmtInf>NO REF</AddtlRmtInf></Strd><Strd><AddtlRmtInf>MACK K L//Kyra</AddtlRmtInf></Strd></RmtInf><RltdDts><TxDtTm>2018-09-20T18:25:41</TxDtTm></RltdDts><AddtlTxInf>6424201452810290011020180920826403901</AddtlTxInf></TxDtls><AddtlNtryInf>COMPLETE//0000//003//CREDIT</AddtlNtryInf></Ntry><Ntry><Amt Ccy="GBP">84.00</Amt><CdtDbtInd>CRDT</CdtDbtInd><Sts>BOOK</Sts><BookgDt><Dt>2018-09-20</Dt></BookgDt><BkTxCd><Prtry><Cd>SIP UKBA CR 40269</Cd></Prtry></BkTxCd><TxDtls><Refs><EndToEndId>NOREF</EndToEndId><TxId>RP4679961833068900</TxId></Refs><RltdPties><Dbtr><Nm>TOWE TRA SER SW</Nm></Dbtr><DbtrAcct><Id><PrtryAcct><Id>20970923222780</Id></PrtryAcct></Id></DbtrAcct><Cdtr><Nm>MISS SHARON SIMPSO</Nm></Cdtr><CdtrAcct><Id><PrtryAcct><Id>23008200289005</Id></PrtryAcct></Id></CdtrAcct><Prtry><Tp>TOWELL INV</Tp><Pty/></Prtry></RltdPties><RmtInf><Strd><AddtlRmtInf>NO REF</AddtlRmtInf></Strd><Strd><AddtlRmtInf>TOWE TRA SER SW//TOWELL INV</AddtlRmtInf></Strd></RmtInf><RltdDts><TxDtTm>2018-09-20T18:25:54</TxDtTm></RltdDts><AddtlTxInf>RP46799618330689001020180920826200026</AddtlTxInf></TxDtls><AddtlNtryInf>COMPLETE//0000//003//CREDIT</AddtlNtryInf></Ntry></Ntfctn></BkToCstmrDbtCdtNtfctnV01></Document>