<?xml version="1.0" encoding="UTF-8"?><Document xmlns:xsi="http://www.w3.org/2001/XMLSchema-instance" xmlns="urn:iso:std:iso:20022:tech:xsd:camt.054.001.01"><BkToCstmrDbtCdtNtfctnV01><GrpHdr><MsgId>80309K//13439</MsgId><CreDtTm>2018-09-28T09:00:00</CreDtTm></GrpHdr><Ntfctn><Id>80309K//13439//1</Id><CreDtTm>2018-09-28T09:00:00</CreDtTm><Acct><Id><PrtryAcct><Id>20594233939774</Id></PrtryAcct></Id><Ccy>GBP</Ccy></Acct><TxsSummry><TtlNtries><NbOfNtries>11</NbOfNtries><Sum>1227.56</Sum></TtlNtries><TtlCdtNtries><NbOfNtries>11</NbOfNtries><Sum>1227.56</Sum></TtlCdtNtries><TtlDbtNtries><NbOfNtries>0</NbOfNtries><Sum>0.00</Sum></TtlDbtNtries></TxsSummry><Ntry><Amt Ccy="GBP">15.00</Amt><CdtDbtInd>CRDT</CdtDbtInd><Sts>BOOK</Sts><BookgDt><Dt>2018-09-28</Dt></BookgDt><BkTxCd><Prtry><Cd>SIP UKBA CR 40269</Cd></Prtry></BkTxCd><TxDtls><Refs><EndToEndId>NOREF</EndToEndId><TxId>RP4679962461929000</TxId></Refs><RltdPties><Dbtr><Nm>OLUFOWOBI Y</Nm></Dbtr><DbtrAcct><Id><PrtryAcct><Id>20252590607282</Id></PrtryAcct></Id></DbtrAcct><Cdtr><Nm>OLATOUNDJI LANDOU</Nm></Cdtr><CdtrAcct><Id><PrtryAcct><Id>23008200009526</Id></PrtryAcct></Id></CdtrAcct><Prtry><Tp>OLA</Tp><Pty/></Prtry></RltdPties><RmtInf><Strd><AddtlRmtInf>NO REF</AddtlRmtInf></Strd><Strd><AddtlRmtInf>OLUFOWOBI Y//OLA</AddtlRmtInf></Strd></RmtInf><RltdDts><TxDtTm>2018-09-28T08:35:09</TxDtTm></RltdDts><AddtlTxInf>RP46799624619290001020180928826200026</AddtlTxInf></TxDtls><AddtlNtryInf>COMPLETE//0000//001//CREDIT</AddtlNtryInf></Ntry><Ntry><Amt Ccy="GBP">100.00</Amt><CdtDbtInd>CRDT</CdtDbtInd><Sts>BOOK</Sts><BookgDt><Dt>2018-09-28</Dt></BookgDt><BkTxCd><Prtry><Cd>SIP UKBA CR 40269</Cd></Prtry></BkTxCd><TxDtls><Refs><EndToEndId>NOREF</EndToEndId><TxId>59083653399822000N</TxId><Prtry><Tp>STO REF</Tp><Ref>0000</Ref></Prtry></Refs><RltdPties><Dbtr><Nm>SHAPLA HOTEL 101</Nm><PstlAdr><AdrLine>APS COTTONS CENTRE SE1 2QG</AdrLine><Ctry/></PstlAdr></Dbtr><DbtrAcct><Id><PrtryAcct><Id>08719909333830</Id></PrtryAcct></Id></DbtrAcct><Cdtr><Nm>ONE NEST LIMITED</Nm></Cdtr><CdtrAcct><Id><PrtryAcct><Id>23008200221183</Id></PrtryAcct></Id></CdtrAcct><Prtry><Tp>PAY</Tp><Pty/></Prtry></RltdPties><RmtInf><Strd><AddtlRmtInf>PAY</AddtlRmtInf></Strd><Strd><AddtlRmtInf>SHAPLA HOTEL 101//PAY</AddtlRmtInf></Strd></RmtInf><RltdDts><TxDtTm>2018-09-28T08:36:53</TxDtTm></RltdDts><AddtlTxInf>59083653399822000N1020180928826087199</AddtlTxInf></TxDtls><AddtlNtryInf>COMPLETE//0000//001//CREDIT</AddtlNtryInf></Ntry><Ntry><Amt Ccy="GBP">168.00</Amt><CdtDbtInd>CRDT</CdtDbtInd><Sts>BOOK</Sts><BookgDt><Dt>2018-09-28</Dt></BookgDt><BkTxCd><Prtry><Cd>SIP UKBA CR 40269</Cd></Prtry></BkTxCd><TxDtls><Refs><EndToEndId>NOREF</EndToEndId><TxId>FP18271O11127308</TxId></Refs><RltdPties><Dbtr><Nm>Musumbu Arlette</Nm></Dbtr><DbtrAcct><Id><PrtryAcct><Id>07043620047053</Id></PrtryAcct></Id></DbtrAcct><Cdtr><Nm>ARLETTE MUUSMBU</Nm></Cdtr><CdtrAcct><Id><PrtryAcct><Id>23008200071864</Id></PrtryAcct></Id></CdtrAcct><Prtry><Tp>TRANSATION</Tp><Pty/></Prtry></RltdPties><RmtInf><Strd><AddtlRmtInf>NO REF</AddtlRmtInf></Strd><Strd><AddtlRmtInf>Musumbu Arlette//TRANSATION</AddtlRmtInf></Strd></RmtInf><RltdDts><TxDtTm>2018-09-28T08:43:47</TxDtTm></RltdDts><AddtlTxInf>FP18271O11127308  1020180928826070436</AddtlTxInf></TxDtls><AddtlNtryInf>COMPLETE//0000//001//CREDIT</AddtlNtryInf></Ntry><Ntry><Amt Ccy="GBP">80.00</Amt><CdtDbtInd>CRDT</CdtDbtInd><Sts>BOOK</Sts><BookgDt><Dt>2018-09-28</Dt></BookgDt><BkTxCd><Prtry><Cd>SIP UKBA CR 40269</Cd></Prtry></BkTxCd><TxDtls><Refs><EndToEndId>NOREF</EndToEndId><TxId>100000000391146639</TxId></Refs><RltdPties><Dbtr><Nm>S Eddani</Nm></Dbtr><DbtrAcct><Id><PrtryAcct><Id>30159716259568</Id></PrtryAcct></Id></DbtrAcct><Cdtr><Nm>NIS</Nm></Cdtr><CdtrAcct><Id><PrtryAcct><Id>23008200338775</Id></PrtryAcct></Id></CdtrAcct><Prtry><Tp>ED</Tp><Pty/></Prtry></RltdPties><RmtInf><Strd><AddtlRmtInf>NO REF</AddtlRmtInf></Strd><Strd><AddtlRmtInf>S Eddani//ED</AddtlRmtInf></Strd></RmtInf><RltdDts><TxDtTm>2018-09-28T08:46:31</TxDtTm></RltdDts><AddtlTxInf>1000000003911466391020180928826301597</AddtlTxInf></TxDtls><AddtlNtryInf>COMPLETE//0000//001//CREDIT</AddtlNtryInf></Ntry><Ntry><Amt Ccy="GBP">1.07</Amt><CdtDbtInd>CRDT</CdtDbtInd><Sts>BOOK</Sts><BookgDt><Dt>2018-09-28</Dt></BookgDt><BkTxCd><Prtry><Cd>FDP UKBA CR 40269</Cd></Prtry></BkTxCd><TxDtls><Refs><EndToEndId>PE-FWXCEJSRJIDCQS0OAEIG9XWWPUDT</EndToEndId><TxId>PH1000001420262900</TxId></Refs><RltdPties><Dbtr><Nm>Stripe Payments UK Ltd</Nm></Dbtr><DbtrAcct><Id><PrtryAcct><Id>20000023322890</Id></PrtryAcct></Id></DbtrAcct><Cdtr><Nm>WILFREDO LATI</Nm><PstlAdr><AdrLine>15 MORRIS HOUSE SWAINSON ROAD LONDO</AdrLine><AdrLine>N W3 7UP GB</AdrLine><Ctry/></PstlAdr></Cdtr><CdtrAcct><Id><PrtryAcct><Id>23008200445383</Id></PrtryAcct></Id></CdtrAcct><Prtry><Tp>STRIPE</Tp><Pty/></Prtry></RltdPties><RmtInf><Strd><AddtlRmtInf>NO REF</AddtlRmtInf></Strd><Strd><AddtlRmtInf>Stripe Payments UK//STRIPE</AddtlRmtInf></Strd></RmtInf><RltdDts><TxDtTm>2018-09-28T08:46:37</TxDtTm></RltdDts><AddtlTxInf>PH10000014202629004020180928826203253</AddtlTxInf></TxDtls><AddtlNtryInf>COMPLETE//0000//001//CREDIT</AddtlNtryInf></Ntry><Ntry><Amt Ccy="GBP">250.00</Amt><CdtDbtInd>CRDT</CdtDbtInd><Sts>BOOK</Sts><BookgDt><Dt>2018-09-28</Dt></BookgDt><BkTxCd><Prtry><Cd>SIP UKBA CR 40269</Cd></Prtry></BkTxCd><TxDtls><Refs><EndToEndId>NOREF</EndToEndId><TxId>25084918461514000N</TxId><Prtry><Tp>STO REF</Tp><Ref>0000</Ref></Prtry></Refs><RltdPties><Dbtr><Nm>CRIST SERVICES LTD</Nm><PstlAdr><AdrLine>APS COTTONS CENTRE SE1 2QG</AdrLine><Ctry/></PstlAdr></Dbtr><DbtrAcct><Id><PrtryAcct><Id>08719915886391</Id></PrtryAcct></Id></DbtrAcct><Cdtr><Nm>ION</Nm></Cdtr><CdtrAcct><Id><PrtryAcct><Id>23008200365920</Id></PrtryAcct></Id></CdtrAcct><Prtry><Tp>BADEA</Tp><Pty/></Prtry></RltdPties><RmtInf><Strd><AddtlRmtInf>BADEA</AddtlRmtInf></Strd><Strd><AddtlRmtInf>CRIST SERVICES LTD//BADEA</AddtlRmtInf></Strd></RmtInf><RltdDts><TxDtTm>2018-09-28T08:49:18</TxDtTm></RltdDts><AddtlTxInf>25084918461514000N1020180928826087199</AddtlTxInf></TxDtls><AddtlNtryInf>COMPLETE//0000//001//CREDIT</AddtlNtryInf></Ntry><Ntry><Amt Ccy="GBP">112.00</Amt><CdtDbtInd>CRDT</CdtDbtInd><Sts>BOOK</Sts><BookgDt><Dt>2018-09-28</Dt></BookgDt><BkTxCd><Prtry><Cd>DCA UKBA CR 40269</Cd></Prtry></BkTxCd><TxDtls><Refs><EndToEndId>NOREF</EndToEndId><TxId>000000013692191601</TxId><Prtry><Tp>STO REF</Tp><Ref>1532</Ref></Prtry></Refs><RltdPties><Dbtr><Nm>TAOFIK BOLADE</Nm></Dbtr><DbtrAcct><Id><PrtryAcct><Id>20035373152596</Id></PrtryAcct></Id></DbtrAcct><Cdtr><Nm>TAOFIK BOLADE</Nm></Cdtr><CdtrAcct><Id><PrtryAcct><Id>23008200181929</Id></PrtryAcct></Id></CdtrAcct><Prtry><Tp>TAOFIK BOLADE</Tp><Pty/></Prtry></RltdPties><RmtInf><Strd><AddtlRmtInf>NO REF</AddtlRmtInf></Strd><Strd><AddtlRmtInf>TAOFIK BOLADE//TAOFIK BOLADE</AddtlRmtInf></Strd></RmtInf><RltdDts><TxDtTm>2018-09-28T08:52:46</TxDtTm></RltdDts><AddtlTxInf>0000000136921916015020180928826200353</AddtlTxInf></TxDtls><AddtlNtryInf>COMPLETE//0000//001//CREDIT</AddtlNtryInf></Ntry><Ntry><Amt Ccy="GBP">200.00</Amt><CdtDbtInd>CRDT</CdtDbtInd><Sts>BOOK</Sts><BookgDt><Dt>2018-09-28</Dt></BookgDt><BkTxCd><Prtry><Cd>DCA UKBA CR 40269</Cd></Prtry></BkTxCd><TxDtls><Refs><EndToEndId>NOREF</EndToEndId><TxId>000000013692214601</TxId><Prtry><Tp>STO REF</Tp><Ref>1009</Ref></Prtry></Refs><RltdPties><Dbtr><Nm>KHADIATOU CISSE</Nm></Dbtr><DbtrAcct><Id><PrtryAcct><Id>20035373152596</Id></PrtryAcct></Id></DbtrAcct><Cdtr><Nm>KHADIATOU CISSE</Nm></Cdtr><CdtrAcct><Id><PrtryAcct><Id>23008200382879</Id></PrtryAcct></Id></CdtrAcct><Prtry><Tp>KHADIATOU CISSE</Tp><Pty/></Prtry></RltdPties><RmtInf><Strd><AddtlRmtInf>NO REF</AddtlRmtInf></Strd><Strd><AddtlRmtInf>KHADIATOU CISSE//KHADIATOU CISSE</AddtlRmtInf></Strd></RmtInf><RltdDts><TxDtTm>2018-09-28T08:52:48</TxDtTm></RltdDts><AddtlTxInf>0000000136922146015020180928826200353</AddtlTxInf></TxDtls><AddtlNtryInf>COMPLETE//0000//001//CREDIT</AddtlNtryInf></Ntry><Ntry><Amt Ccy="GBP">1.24</Amt><CdtDbtInd>CRDT</CdtDbtInd><Sts>BOOK</Sts><BookgDt><Dt>2018-09-28</Dt></BookgDt><BkTxCd><Prtry><Cd>SIP UKBA CR 40269</Cd></Prtry></BkTxCd><TxDtls><Refs><EndToEndId>NOREF</EndToEndId><TxId>300000000396458030</TxId></Refs><RltdPties><Dbtr><Nm>L Gibbs</Nm></Dbtr><DbtrAcct><Id><PrtryAcct><Id>11034112320868</Id></PrtryAcct></Id></DbtrAcct><Cdtr><Nm>ARRO</Nm></Cdtr><CdtrAcct><Id><PrtryAcct><Id>23008200390511</Id></PrtryAcct></Id></CdtrAcct><Prtry><Tp>PAY</Tp><Pty/></Prtry></RltdPties><RmtInf><Strd><AddtlRmtInf>NO REF</AddtlRmtInf></Strd><Strd><AddtlRmtInf>L Gibbs//PAY</AddtlRmtInf></Strd></RmtInf><RltdDts><TxDtTm>2018-09-28T08:56:02</TxDtTm></RltdDts><AddtlTxInf>3000000003964580301020180928826110341</AddtlTxInf></TxDtls><AddtlNtryInf>COMPLETE//0000//001//CREDIT</AddtlNtryInf></Ntry><Ntry><Amt Ccy="GBP">100.25</Amt><CdtDbtInd>CRDT</CdtDbtInd><Sts>BOOK</Sts><BookgDt><Dt>2018-09-28</Dt></BookgDt><BkTxCd><Prtry><Cd>SIP UKBA CR 40269</Cd></Prtry></BkTxCd><TxDtls><Refs><EndToEndId>PPWD00000000AQR8HM</EndToEndId><TxId>PPWD00000000AQR8HM</TxId></Refs><RltdPties><Dbtr><Nm>PayPal</Nm><PstlAdr><AdrLine>2211 N 1st Street San Jose CA 95131</AdrLine><Ctry/></PstlAdr></Dbtr><DbtrAcct><Id><PrtryAcct><Id>23526278959595</Id></PrtryAcct></Id></DbtrAcct><Cdtr><Nm>Robert Barrons</Nm><PstlAdr><AdrLine>5 Knaresborough Drive</AdrLine><Ctry/></PstlAdr></Cdtr><CdtrAcct><Id><PrtryAcct><Id>23008200468633</Id></PrtryAcct></Id></CdtrAcct><Prtry><Tp>PPWDL5BWJ2ALF7Z3SG</Tp><Pty/></Prtry></RltdPties><RmtInf><Strd><RfrdDocInf><RfrdDocTp><Prtry>002</Prtry></RfrdDocTp></RfrdDocInf><AddtlRmtInf>NO REF</AddtlRmtInf></Strd><Strd><AddtlRmtInf>PayPal//PPWDL5BWJ2ALF7Z3SG</AddtlRmtInf></Strd></RmtInf><RltdDts><TxDtTm>2018-09-28T08:56:44</TxDtTm></RltdDts><AddtlTxInf>PPWD00000000AQR8HM1020180928826235262</AddtlTxInf></TxDtls><AddtlNtryInf>COMPLETE//0000//001//CREDIT</AddtlNtryInf></Ntry><Ntry><Amt Ccy="GBP">200.00</Amt><CdtDbtInd>CRDT</CdtDbtInd><Sts>BOOK</Sts><BookgDt><Dt>2018-09-28</Dt></BookgDt><BkTxCd><Prtry><Cd>SIP UKBA CR 40269</Cd></Prtry></BkTxCd><TxDtls><Refs><EndToEndId>PPWD00000000AQR9IE</EndToEndId><TxId>PPWD00000000AQR9IE</TxId></Refs><RltdPties><Dbtr><Nm>PayPal</Nm><PstlAdr><AdrLine>2211 N 1st Street San Jose CA 95131</AdrLine><Ctry/></PstlAdr></Dbtr><DbtrAcct><Id><PrtryAcct><Id>23526278959595</Id></PrtryAcct></Id></DbtrAcct><Cdtr><Nm>Nicholas Jones</Nm><PstlAdr><AdrLine>56 Harold Street</AdrLine><Ctry/></PstlAdr></Cdtr><CdtrAcct><Id><PrtryAcct><Id>23008200351123</Id></PrtryAcct></Id></CdtrAcct><Prtry><Tp>PPWDL4D422ALF8286W</Tp><Pty/></Prtry></RltdPties><RmtInf><Strd><RfrdDocInf><RfrdDocTp><Prtry>002</Prtry></RfrdDocTp></RfrdDocInf><AddtlRmtInf>NO REF</AddtlRmtInf></Strd><Strd><AddtlRmtInf>PayPal//PPWDL4D422ALF8286W</AddtlRmtInf></Strd></RmtInf><RltdDts><TxDtTm>2018-09-28T08:59:37</TxDtTm></RltdDts><AddtlTxInf>PPWD00000000AQR9IE1020180928826235262</AddtlTxInf></TxDtls><AddtlNtryInf>COMPLETE//0000//001//CREDIT</AddtlNtryInf></Ntry></Ntfctn></BkToCstmrDbtCdtNtfctnV01></Document>