<?xml version="1.0" encoding="UTF-8"?><Document xmlns:xsi="http://www.w3.org/2001/XMLSchema-instance" xmlns="urn:iso:std:iso:20022:tech:xsd:camt.054.001.01"><BkToCstmrDbtCdtNtfctnV01><GrpHdr><MsgId>80309K//12753</MsgId><CreDtTm>2018-09-12T14:00:00</CreDtTm></GrpHdr><Ntfctn><Id>80309K//12753//1</Id><CreDtTm>2018-09-12T14:00:00</CreDtTm><Acct><Id><PrtryAcct><Id>20594233939774</Id></PrtryAcct></Id><Ccy>GBP</Ccy></Acct><TxsSummry><TtlNtries><NbOfNtries>8</NbOfNtries><Sum>1645.00</Sum></TtlNtries><TtlCdtNtries><NbOfNtries>8</NbOfNtries><Sum>1645.00</Sum></TtlCdtNtries><TtlDbtNtries><NbOfNtries>0</NbOfNtries><Sum>0.00</Sum></TtlDbtNtries></TxsSummry><Ntry><Amt Ccy="GBP">1.00</Amt><CdtDbtInd>CRDT</CdtDbtInd><Sts>BOOK</Sts><BookgDt><Dt>2018-09-12</Dt></BookgDt><BkTxCd><Prtry><Cd>SIP UKBA CR 40269</Cd></Prtry></BkTxCd><TxDtls><Refs><EndToEndId>NOREF</EndToEndId><TxId>RP4679961212877000</TxId></Refs><RltdPties><Dbtr><Nm>SALISU Y Y</Nm></Dbtr><DbtrAcct><Id><PrtryAcct><Id>20296363016080</Id></PrtryAcct></Id></DbtrAcct><Cdtr><Nm>NASSER</Nm></Cdtr><CdtrAcct><Id><PrtryAcct><Id>23008200309162</Id></PrtryAcct></Id></CdtrAcct><Prtry><Tp>NASSER</Tp><Pty/></Prtry></RltdPties><RmtInf><Strd><AddtlRmtInf>NO REF</AddtlRmtInf></Strd><Strd><AddtlRmtInf>SALISU Y Y//NASSER</AddtlRmtInf></Strd></RmtInf><RltdDts><TxDtTm>2018-09-12T13:47:30</TxDtTm></RltdDts><AddtlTxInf>RP46799612128770001020180912826200026</AddtlTxInf></TxDtls><AddtlNtryInf>COMPLETE//0000//002//CREDIT</AddtlNtryInf></Ntry><Ntry><Amt Ccy="GBP">15.00</Amt><CdtDbtInd>CRDT</CdtDbtInd><Sts>BOOK</Sts><BookgDt><Dt>2018-09-12</Dt></BookgDt><BkTxCd><Prtry><Cd>SIP UKBA CR 40269</Cd></Prtry></BkTxCd><TxDtls><Refs><EndToEndId>00153425632BVZDLDR</EndToEndId><TxId>00153425632BVZDLDR</TxId></Refs><RltdPties><Dbtr><Nm>STUART LIVESEY</Nm></Dbtr><DbtrAcct><Id><PrtryAcct><Id>09012912527106</Id></PrtryAcct></Id></DbtrAcct><Cdtr><Nm>REBECCA</Nm></Cdtr><CdtrAcct><Id><PrtryAcct><Id>23008200167646</Id></PrtryAcct></Id></CdtrAcct><Prtry><Tp>mrs</Tp><Pty/></Prtry></RltdPties><RmtInf><Strd><AddtlRmtInf>NO REF</AddtlRmtInf></Strd><Strd><AddtlRmtInf>STUART LIVESEY//mrs</AddtlRmtInf></Strd></RmtInf><RltdDts><TxDtTm>2018-09-12T13:52:20</TxDtTm></RltdDts><AddtlTxInf>00153425632BVZDLDR1020180912826090129</AddtlTxInf></TxDtls><AddtlNtryInf>COMPLETE//0000//002//CREDIT</AddtlNtryInf></Ntry><Ntry><Amt Ccy="GBP">40.00</Amt><CdtDbtInd>CRDT</CdtDbtInd><Sts>BOOK</Sts><BookgDt><Dt>2018-09-12</Dt></BookgDt><BkTxCd><Prtry><Cd>SIP UKBA CR 40269</Cd></Prtry></BkTxCd><TxDtls><Refs><EndToEndId>00153425632BVZDLFT</EndToEndId><TxId>00153425632BVZDLFT</TxId></Refs><RltdPties><Dbtr><Nm>SHANTAE GRAY</Nm></Dbtr><DbtrAcct><Id><PrtryAcct><Id>09012916949696</Id></PrtryAcct></Id></DbtrAcct><Cdtr><Nm>CHAN</Nm></Cdtr><CdtrAcct><Id><PrtryAcct><Id>23008200231061</Id></PrtryAcct></Id></CdtrAcct><Prtry><Tp>Sis</Tp><Pty/></Prtry></RltdPties><RmtInf><Strd><AddtlRmtInf>NO REF</AddtlRmtInf></Strd><Strd><AddtlRmtInf>SHANTAE GRAY//Sis</AddtlRmtInf></Strd></RmtInf><RltdDts><TxDtTm>2018-09-12T13:52:43</TxDtTm></RltdDts><AddtlTxInf>00153425632BVZDLFT1020180912826090129</AddtlTxInf></TxDtls><AddtlNtryInf>COMPLETE//0000//002//CREDIT</AddtlNtryInf></Ntry><Ntry><Amt Ccy="GBP">250.00</Amt><CdtDbtInd>CRDT</CdtDbtInd><Sts>BOOK</Sts><BookgDt><Dt>2018-09-12</Dt></BookgDt><BkTxCd><Prtry><Cd>SIP UKBA CR 40269</Cd></Prtry></BkTxCd><TxDtls><Refs><EndToEndId>NOREF</EndToEndId><TxId>400000000392919135</TxId></Refs><RltdPties><Dbtr><Nm>M Keane</Nm></Dbtr><DbtrAcct><Id><PrtryAcct><Id>30185546982960</Id></PrtryAcct></Id></DbtrAcct><Cdtr><Nm>WAYNE REESE</Nm></Cdtr><CdtrAcct><Id><PrtryAcct><Id>23008200155987</Id></PrtryAcct></Id></CdtrAcct></RltdPties><RmtInf><Strd><AddtlRmtInf>NO REF</AddtlRmtInf></Strd><Strd><AddtlRmtInf>M Keane//</AddtlRmtInf></Strd></RmtInf><RltdDts><TxDtTm>2018-09-12T13:56:13</TxDtTm></RltdDts><AddtlTxInf>4000000003929191351020180912826301855</AddtlTxInf></TxDtls><AddtlNtryInf>COMPLETE//0000//002//CREDIT</AddtlNtryInf></Ntry><Ntry><Amt Ccy="GBP">1191.00</Amt><CdtDbtInd>CRDT</CdtDbtInd><Sts>BOOK</Sts><BookgDt><Dt>2018-09-12</Dt></BookgDt><BkTxCd><Prtry><Cd>SIP UKBA CR 40269</Cd></Prtry></BkTxCd><TxDtls><Refs><EndToEndId>NOREF</EndToEndId><TxId>400000000392919267</TxId></Refs><RltdPties><Dbtr><Nm>O Olotu</Nm></Dbtr><DbtrAcct><Id><PrtryAcct><Id>11015210186269</Id></PrtryAcct></Id></DbtrAcct><Cdtr><Nm>ALPHA AND OMEGA TR</Nm></Cdtr><CdtrAcct><Id><PrtryAcct><Id>23008200035449</Id></PrtryAcct></Id></CdtrAcct><Prtry><Tp>TOSIN OLOTU</Tp><Pty/></Prtry></RltdPties><RmtInf><Strd><AddtlRmtInf>NO REF</AddtlRmtInf></Strd><Strd><AddtlRmtInf>O Olotu//TOSIN OLOTU</AddtlRmtInf></Strd></RmtInf><RltdDts><TxDtTm>2018-09-12T13:56:45</TxDtTm></RltdDts><AddtlTxInf>4000000003929192671020180912826110152</AddtlTxInf></TxDtls><AddtlNtryInf>COMPLETE//0000//002//CREDIT</AddtlNtryInf></Ntry><Ntry><Amt Ccy="GBP">93.00</Amt><CdtDbtInd>CRDT</CdtDbtInd><Sts>BOOK</Sts><BookgDt><Dt>2018-09-12</Dt></BookgDt><BkTxCd><Prtry><Cd>SIP UKBA CR 40269</Cd></Prtry></BkTxCd><TxDtls><Refs><EndToEndId>NOREF</EndToEndId><TxId>P4J6E37WA7ETGK92X2</TxId></Refs><RltdPties><Dbtr><Nm>Christine Taylor</Nm><PstlAdr><AdrLine>32 Grove Hill, BN2 9NG</AdrLine><Ctry/></PstlAdr></Dbtr><DbtrAcct><Id><PrtryAcct><Id>04000479668231</Id></PrtryAcct></Id></DbtrAcct><Cdtr><Nm>Stuart Thompson</Nm></Cdtr><CdtrAcct><Id><PrtryAcct><Id>23008200402219</Id></PrtryAcct></Id></CdtrAcct><Prtry><Tp>Joe</Tp><Pty/></Prtry></RltdPties><RmtInf><Strd><AddtlRmtInf>NO REF</AddtlRmtInf></Strd><Strd><AddtlRmtInf>Christine Taylor//Joe</AddtlRmtInf></Strd></RmtInf><RltdDts><TxDtTm>2018-09-12T13:58:13</TxDtTm></RltdDts><AddtlTxInf>P4J6E37WA7ETGK92X21020180912826040004</AddtlTxInf></TxDtls><AddtlNtryInf>COMPLETE//0000//002//CREDIT</AddtlNtryInf></Ntry><Ntry><Amt Ccy="GBP">50.00</Amt><CdtDbtInd>CRDT</CdtDbtInd><Sts>BOOK</Sts><BookgDt><Dt>2018-09-12</Dt></BookgDt><BkTxCd><Prtry><Cd>SIP UKBA CR 40269</Cd></Prtry></BkTxCd><TxDtls><Refs><EndToEndId>JOUNI JAMES KHAL</EndToEndId><TxId>TW0000000039847741</TxId></Refs><RltdPties><Dbtr><Nm>Transferwise Ltd</Nm><PstlAdr><AdrLine>56 Shoreditch High Street;London;</AdrLine><AdrLine>E1 6JJ;GB</AdrLine><Ctry/></PstlAdr></Dbtr><DbtrAcct><Id><PrtryAcct><Id>23147077752332</Id></PrtryAcct></Id></DbtrAcct><Cdtr><Nm>James Jouni</Nm></Cdtr><CdtrAcct><Id><PrtryAcct><Id>23008200190297</Id></PrtryAcct></Id></CdtrAcct><Prtry><Tp>JOUNI JAMES KHAL</Tp><Pty/></Prtry></RltdPties><RmtInf><Strd><AddtlRmtInf>NO REF</AddtlRmtInf></Strd><Strd><AddtlRmtInf>Transferwise Ltd//JOUNI JAMES KHAL</AddtlRmtInf></Strd></RmtInf><RltdDts><TxDtTm>2018-09-12T13:58:35</TxDtTm></RltdDts><AddtlTxInf>TW00000000398477411020180912826231470</AddtlTxInf></TxDtls><AddtlNtryInf>COMPLETE//0000//002//CREDIT</AddtlNtryInf></Ntry><Ntry><Amt Ccy="GBP">5.00</Amt><CdtDbtInd>CRDT</CdtDbtInd><Sts>BOOK</Sts><BookgDt><Dt>2018-09-12</Dt></BookgDt><BkTxCd><Prtry><Cd>SIP UKBA CR 40269</Cd></Prtry></BkTxCd><TxDtls><Refs><EndToEndId>NOREF</EndToEndId><TxId>CBBPI1359122141271</TxId></Refs><RltdPties><Dbtr><Nm>MARY GASKIN</Nm></Dbtr><DbtrAcct><Id><PrtryAcct><Id>82693450543353</Id></PrtryAcct></Id></DbtrAcct><Cdtr><Nm>Mum</Nm></Cdtr><CdtrAcct><Id><PrtryAcct><Id>23008200350230</Id></PrtryAcct></Id></CdtrAcct><Prtry><Tp>Mum</Tp><Pty/></Prtry></RltdPties><RmtInf><Strd><RfrdDocInf><RfrdDocTp><Prtry>002</Prtry></RfrdDocTp></RfrdDocInf><AddtlRmtInf>NO REF</AddtlRmtInf></Strd><Strd><AddtlRmtInf>MARY GASKIN//Mum</AddtlRmtInf></Strd></RmtInf><RltdDts><TxDtTm>2018-09-12T13:59:13</TxDtTm></RltdDts><AddtlTxInf>CBBPI13591221412711020180912826826934</AddtlTxInf></TxDtls><AddtlNtryInf>COMPLETE//0000//002//CREDIT</AddtlNtryInf></Ntry></Ntfctn></BkToCstmrDbtCdtNtfctnV01></Document>