<?xml version="1.0" encoding="UTF-8"?><Document xmlns:xsi="http://www.w3.org/2001/XMLSchema-instance" xmlns="urn:iso:std:iso:20022:tech:xsd:camt.054.001.01"><BkToCstmrDbtCdtNtfctnV01><GrpHdr><MsgId>80309K//12786</MsgId><CreDtTm>2018-09-13T08:00:00</CreDtTm></GrpHdr><Ntfctn><Id>80309K//12786//1</Id><CreDtTm>2018-09-13T08:00:00</CreDtTm><Acct><Id><PrtryAcct><Id>20594233939774</Id></PrtryAcct></Id><Ccy>GBP</Ccy></Acct><TxsSummry><TtlNtries><NbOfNtries>5</NbOfNtries><Sum>223.88</Sum></TtlNtries><TtlCdtNtries><NbOfNtries>5</NbOfNtries><Sum>223.88</Sum></TtlCdtNtries><TtlDbtNtries><NbOfNtries>0</NbOfNtries><Sum>0.00</Sum></TtlDbtNtries></TxsSummry><Ntry><Amt Ccy="GBP">5.00</Amt><CdtDbtInd>CRDT</CdtDbtInd><Sts>BOOK</Sts><BookgDt><Dt>2018-09-13</Dt></BookgDt><BkTxCd><Prtry><Cd>SIP UKBA CR 40269</Cd></Prtry></BkTxCd><TxDtls><Refs><EndToEndId>NOREF</EndToEndId><TxId>FP18256O18157132</TxId></Refs><RltdPties><Dbtr><Nm>Zuika Paulius</Nm></Dbtr><DbtrAcct><Id><PrtryAcct><Id>07043619753580</Id></PrtryAcct></Id></DbtrAcct><Cdtr><Nm>PAULIUS ZUIKA</Nm></Cdtr><CdtrAcct><Id><PrtryAcct><Id>23008200416815</Id></PrtryAcct></Id></CdtrAcct><Prtry><Tp>222</Tp><Pty/></Prtry></RltdPties><RmtInf><Strd><AddtlRmtInf>NO REF</AddtlRmtInf></Strd><Strd><AddtlRmtInf>Zuika Paulius//222</AddtlRmtInf></Strd></RmtInf><RltdDts><TxDtTm>2018-09-13T07:34:19</TxDtTm></RltdDts><AddtlTxInf>FP18256O18157132  1020180913826070436</AddtlTxInf></TxDtls><AddtlNtryInf>COMPLETE//0000//001//CREDIT</AddtlNtryInf></Ntry><Ntry><Amt Ccy="GBP">105.00</Amt><CdtDbtInd>CRDT</CdtDbtInd><Sts>BOOK</Sts><BookgDt><Dt>2018-09-13</Dt></BookgDt><BkTxCd><Prtry><Cd>SIP UKBA CR 40269</Cd></Prtry></BkTxCd><TxDtls><Refs><EndToEndId>FEES ND TOUR</EndToEndId><TxId>07074215902929000N</TxId><Prtry><Tp>STO REF</Tp><Ref>0000</Ref></Prtry></Refs><RltdPties><Dbtr><Nm>OMATSEYE GJ</Nm></Dbtr><DbtrAcct><Id><PrtryAcct><Id>56004538479311</Id></PrtryAcct></Id></DbtrAcct><Cdtr><Nm>MR I ALWEKHOE</Nm></Cdtr><CdtrAcct><Id><PrtryAcct><Id>23008200358655</Id></PrtryAcct></Id></CdtrAcct><Prtry><Tp>FEES ND TOUR</Tp><Pty/></Prtry></RltdPties><RmtInf><Strd><AddtlRmtInf>OMATSEYE GJ       FEES ND TOUR      VIA MOBILE - PYMT</AddtlRmtInf></Strd><Strd><AddtlRmtInf>OMATSEYE GJ//FEES ND TOUR</AddtlRmtInf></Strd></RmtInf><RltdDts><TxDtTm>2018-09-13T07:42:16</TxDtTm></RltdDts><AddtlTxInf>07074215902929000N1020180913826560045</AddtlTxInf></TxDtls><AddtlNtryInf>COMPLETE//0000//001//CREDIT</AddtlNtryInf></Ntry><Ntry><Amt Ccy="GBP">59.00</Amt><CdtDbtInd>CRDT</CdtDbtInd><Sts>BOOK</Sts><BookgDt><Dt>2018-09-13</Dt></BookgDt><BkTxCd><Prtry><Cd>SIP UKBA CR 40269</Cd></Prtry></BkTxCd><TxDtls><Refs><EndToEndId>NOREF</EndToEndId><TxId>517159724470319001</TxId><Prtry><Tp>STO REF</Tp><Ref>0000</Ref></Prtry></Refs><RltdPties><Dbtr><Nm>OSUMAH K</Nm></Dbtr><DbtrAcct><Id><PrtryAcct><Id>40471793889556</Id></PrtryAcct></Id></DbtrAcct><Cdtr><Nm>Alpha and Omega</Nm></Cdtr><CdtrAcct><Id><PrtryAcct><Id>23008200035449</Id></PrtryAcct></Id></CdtrAcct><Prtry><Tp>Kasimu Osumah</Tp><Pty/></Prtry></RltdPties><RmtInf><Strd><AddtlRmtInf>NO REF</AddtlRmtInf></Strd><Strd><AddtlRmtInf>OSUMAH K//Kasimu Osumah</AddtlRmtInf></Strd></RmtInf><RltdDts><TxDtTm>2018-09-13T07:44:28</TxDtTm></RltdDts><AddtlTxInf>5171597244703190011020180913826404717</AddtlTxInf></TxDtls><AddtlNtryInf>COMPLETE//0000//001//CREDIT</AddtlNtryInf></Ntry><Ntry><Amt Ccy="GBP">44.88</Amt><CdtDbtInd>CRDT</CdtDbtInd><Sts>BOOK</Sts><BookgDt><Dt>2018-09-13</Dt></BookgDt><BkTxCd><Prtry><Cd>SIP UKBA CR 40269</Cd></Prtry></BkTxCd><TxDtls><Refs><EndToEndId>NOREF</EndToEndId><TxId>FP18256O18167935</TxId></Refs><RltdPties><Dbtr><Nm>Philpott Mathew</Nm></Dbtr><DbtrAcct><Id><PrtryAcct><Id>07043616681740</Id></PrtryAcct></Id></DbtrAcct><Cdtr><Nm>ARRO</Nm></Cdtr><CdtrAcct><Id><PrtryAcct><Id>23008200059187</Id></PrtryAcct></Id></CdtrAcct><Prtry><Tp>SAVINGS</Tp><Pty/></Prtry></RltdPties><RmtInf><Strd><AddtlRmtInf>NO REF</AddtlRmtInf></Strd><Strd><AddtlRmtInf>Philpott Mathew//SAVINGS</AddtlRmtInf></Strd></RmtInf><RltdDts><TxDtTm>2018-09-13T07:53:51</TxDtTm></RltdDts><AddtlTxInf>FP18256O18167935  1020180913826070436</AddtlTxInf></TxDtls><AddtlNtryInf>COMPLETE//0000//001//CREDIT</AddtlNtryInf></Ntry><Ntry><Amt Ccy="GBP">10.00</Amt><CdtDbtInd>CRDT</CdtDbtInd><Sts>BOOK</Sts><BookgDt><Dt>2018-09-13</Dt></BookgDt><BkTxCd><Prtry><Cd>SIP UKBA CR 40269</Cd></Prtry></BkTxCd><TxDtls><Refs><EndToEndId>NOREF</EndToEndId><TxId>RP4679961259729700</TxId></Refs><RltdPties><Dbtr><Nm>THORNTON L B</Nm></Dbtr><DbtrAcct><Id><PrtryAcct><Id>20457863836886</Id></PrtryAcct></Id></DbtrAcct><Cdtr><Nm>MR RYAN JEFFERY</Nm></Cdtr><CdtrAcct><Id><PrtryAcct><Id>23008200351861</Id></PrtryAcct></Id></CdtrAcct><Prtry><Tp>LAUREN</Tp><Pty/></Prtry></RltdPties><RmtInf><Strd><AddtlRmtInf>NO REF</AddtlRmtInf></Strd><Strd><AddtlRmtInf>THORNTON L B//LAUREN</AddtlRmtInf></Strd></RmtInf><RltdDts><TxDtTm>2018-09-13T07:59:22</TxDtTm></RltdDts><AddtlTxInf>RP46799612597297001020180913826200026</AddtlTxInf></TxDtls><AddtlNtryInf>COMPLETE//0000//001//CREDIT</AddtlNtryInf></Ntry></Ntfctn></BkToCstmrDbtCdtNtfctnV01></Document>