<?xml version="1.0" encoding="UTF-8"?><Document xmlns:xsi="http://www.w3.org/2001/XMLSchema-instance" xmlns="urn:iso:std:iso:20022:tech:xsd:camt.054.001.01"><BkToCstmrDbtCdtNtfctnV01><GrpHdr><MsgId>80309K//12291</MsgId><CreDtTm>2018-09-01T20:30:00</CreDtTm></GrpHdr><Ntfctn><Id>80309K//12291//1</Id><CreDtTm>2018-09-01T20:30:00</CreDtTm><Acct><Id><PrtryAcct><Id>20594233939774</Id></PrtryAcct></Id><Ccy>GBP</Ccy></Acct><TxsSummry><TtlNtries><NbOfNtries>3</NbOfNtries><Sum>250.00</Sum></TtlNtries><TtlCdtNtries><NbOfNtries>3</NbOfNtries><Sum>250.00</Sum></TtlCdtNtries><TtlDbtNtries><NbOfNtries>0</NbOfNtries><Sum>0.00</Sum></TtlDbtNtries></TxsSummry><Ntry><Amt Ccy="GBP">100.00</Amt><CdtDbtInd>CRDT</CdtDbtInd><Sts>BOOK</Sts><BookgDt><Dt>2018-09-03</Dt></BookgDt><BkTxCd><Prtry><Cd>SIP UKBA CR 40269</Cd></Prtry></BkTxCd><TxDtls><Refs><EndToEndId>NOREF</EndToEndId><TxId>300000000388402329</TxId></Refs><RltdPties><Dbtr><Nm>E Solidoro</Nm></Dbtr><DbtrAcct><Id><PrtryAcct><Id>30996431562160</Id></PrtryAcct></Id></DbtrAcct><Cdtr><Nm>ENZO SOLIDORO</Nm></Cdtr><CdtrAcct><Id><PrtryAcct><Id>23008200136154</Id></PrtryAcct></Id></CdtrAcct><Prtry><Tp>BILL</Tp><Pty/></Prtry></RltdPties><RmtInf><Strd><AddtlRmtInf>NO REF</AddtlRmtInf></Strd><Strd><AddtlRmtInf>E Solidoro//BILL</AddtlRmtInf></Strd></RmtInf><RltdDts><TxDtTm>2018-09-01T20:01:58</TxDtTm></RltdDts><AddtlTxInf>3000000003884023291020180901826309964</AddtlTxInf></TxDtls><AddtlNtryInf>COMPLETE//0000//003//CREDIT</AddtlNtryInf></Ntry><Ntry><Amt Ccy="GBP">130.00</Amt><CdtDbtInd>CRDT</CdtDbtInd><Sts>BOOK</Sts><BookgDt><Dt>2018-09-03</Dt></BookgDt><BkTxCd><Prtry><Cd>SIP UKBA CR 40269</Cd></Prtry></BkTxCd><TxDtls><Refs><EndToEndId>NOREF</EndToEndId><TxId>FP18244O08491561</TxId></Refs><RltdPties><Dbtr><Nm>Thompson Christine</Nm></Dbtr><DbtrAcct><Id><PrtryAcct><Id>07024620988412</Id></PrtryAcct></Id></DbtrAcct><Cdtr><Nm>TATTERSHALL LAKES</Nm></Cdtr><CdtrAcct><Id><PrtryAcct><Id>23008200426092</Id></PrtryAcct></Id></CdtrAcct><Prtry><Tp>12345</Tp><Pty/></Prtry></RltdPties><RmtInf><Strd><AddtlRmtInf>NO REF</AddtlRmtInf></Strd><Strd><AddtlRmtInf>Thompson Christine//12345</AddtlRmtInf></Strd></RmtInf><RltdDts><TxDtTm>2018-09-01T20:02:09</TxDtTm></RltdDts><AddtlTxInf>FP18244O08491561  1020180901826070246</AddtlTxInf></TxDtls><AddtlNtryInf>COMPLETE//0000//003//CREDIT</AddtlNtryInf></Ntry><Ntry><Amt Ccy="GBP">20.00</Amt><CdtDbtInd>CRDT</CdtDbtInd><Sts>BOOK</Sts><BookgDt><Dt>2018-09-03</Dt></BookgDt><BkTxCd><Prtry><Cd>SIP UKBA CR 40269</Cd></Prtry></BkTxCd><TxDtls><Refs><EndToEndId>NOREF</EndToEndId><TxId>RP4679960364356800</TxId></Refs><RltdPties><Dbtr><Nm>KWASNIEWSKI P</Nm></Dbtr><DbtrAcct><Id><PrtryAcct><Id>20246443348458</Id></PrtryAcct></Id></DbtrAcct><Cdtr><Nm>PRINCE SCHULZ</Nm></Cdtr><CdtrAcct><Id><PrtryAcct><Id>23008200352172</Id></PrtryAcct></Id></CdtrAcct><Prtry><Tp>BABY DADDY NEW</Tp><Pty/></Prtry></RltdPties><RmtInf><Strd><AddtlRmtInf>NO REF</AddtlRmtInf></Strd><Strd><AddtlRmtInf>KWASNIEWSKI P//BABY DADDY NEW</AddtlRmtInf></Strd></RmtInf><RltdDts><TxDtTm>2018-09-01T20:27:32</TxDtTm></RltdDts><AddtlTxInf>RP46799603643568001020180901826200026</AddtlTxInf></TxDtls><AddtlNtryInf>COMPLETE//0000//003//CREDIT</AddtlNtryInf></Ntry></Ntfctn></BkToCstmrDbtCdtNtfctnV01></Document>