<?xml version="1.0" encoding="UTF-8"?><Document xmlns:xsi="http://www.w3.org/2001/XMLSchema-instance" xmlns="urn:iso:std:iso:20022:tech:xsd:camt.054.001.01"><BkToCstmrDbtCdtNtfctnV01><GrpHdr><MsgId>80309K//12342</MsgId><CreDtTm>2018-09-03T01:00:00</CreDtTm></GrpHdr><Ntfctn><Id>80309K//12342//1</Id><CreDtTm>2018-09-03T01:00:00</CreDtTm><Acct><Id><PrtryAcct><Id>20594233939774</Id></PrtryAcct></Id><Ccy>GBP</Ccy></Acct><TxsSummry><TtlNtries><NbOfNtries>3</NbOfNtries><Sum>70.00</Sum></TtlNtries><TtlCdtNtries><NbOfNtries>3</NbOfNtries><Sum>70.00</Sum></TtlCdtNtries><TtlDbtNtries><NbOfNtries>0</NbOfNtries><Sum>0.00</Sum></TtlDbtNtries></TxsSummry><Ntry><Amt Ccy="GBP">10.00</Amt><CdtDbtInd>CRDT</CdtDbtInd><Sts>BOOK</Sts><BookgDt><Dt>2018-09-03</Dt></BookgDt><BkTxCd><Prtry><Cd>STO UKBA CR 40267</Cd></Prtry></BkTxCd><TxDtls><Refs><EndToEndId>NOREF</EndToEndId><TxId>100000000383316313</TxId></Refs><RltdPties><Dbtr><Nm>A RENNIE</Nm></Dbtr><DbtrAcct><Id><PrtryAcct><Id>11025311038160</Id></PrtryAcct></Id></DbtrAcct><Cdtr><Nm>DARBI</Nm></Cdtr><CdtrAcct><Id><PrtryAcct><Id>23008200344972</Id></PrtryAcct></Id></CdtrAcct><Prtry><Tp>SAVING</Tp><Pty/></Prtry></RltdPties><RmtInf><Strd><AddtlRmtInf>NO REF</AddtlRmtInf></Strd><Strd><AddtlRmtInf>A RENNIE//SAVING</AddtlRmtInf></Strd></RmtInf><RltdDts><TxDtTm>2018-09-03T00:41:48</TxDtTm></RltdDts><AddtlTxInf>1000000003833163133020180903826110253</AddtlTxInf></TxDtls><AddtlNtryInf>COMPLETE//0000//003//CREDIT</AddtlNtryInf></Ntry><Ntry><Amt Ccy="GBP">10.00</Amt><CdtDbtInd>CRDT</CdtDbtInd><Sts>BOOK</Sts><BookgDt><Dt>2018-09-03</Dt></BookgDt><BkTxCd><Prtry><Cd>SIP UKBA CR 40269</Cd></Prtry></BkTxCd><TxDtls><Refs><EndToEndId>NOREF</EndToEndId><TxId>RP4679960431109900</TxId></Refs><RltdPties><Dbtr><Nm>AKINBODE M T A</Nm></Dbtr><DbtrAcct><Id><PrtryAcct><Id>20691793642267</Id></PrtryAcct></Id></DbtrAcct><Cdtr><Nm>M KAMARA</Nm></Cdtr><CdtrAcct><Id><PrtryAcct><Id>23008200427128</Id></PrtryAcct></Id></CdtrAcct><Prtry><Tp>OWEDNOTRAMP</Tp><Pty/></Prtry></RltdPties><RmtInf><Strd><AddtlRmtInf>NO REF</AddtlRmtInf></Strd><Strd><AddtlRmtInf>AKINBODE M T A//OWEDNOTRAMP</AddtlRmtInf></Strd></RmtInf><RltdDts><TxDtTm>2018-09-03T00:42:36</TxDtTm></RltdDts><AddtlTxInf>RP46799604311099001020180903826200026</AddtlTxInf></TxDtls><AddtlNtryInf>COMPLETE//0000//003//CREDIT</AddtlNtryInf></Ntry><Ntry><Amt Ccy="GBP">50.00</Amt><CdtDbtInd>CRDT</CdtDbtInd><Sts>BOOK</Sts><BookgDt><Dt>2018-09-03</Dt></BookgDt><BkTxCd><Prtry><Cd>STO UKBA CR 40267</Cd></Prtry></BkTxCd><TxDtls><Refs><EndToEndId>NOREF</EndToEndId><TxId>300000000388627980</TxId></Refs><RltdPties><Dbtr><Nm>M MACAULAY</Nm></Dbtr><DbtrAcct><Id><PrtryAcct><Id>11045010583266</Id></PrtryAcct></Id></DbtrAcct><Cdtr><Nm>MARK MACAULAY</Nm></Cdtr><CdtrAcct><Id><PrtryAcct><Id>23008200087307</Id></PrtryAcct></Id></CdtrAcct><Prtry><Tp>ARRO DEBIT CARD</Tp><Pty/></Prtry></RltdPties><RmtInf><Strd><AddtlRmtInf>NO REF</AddtlRmtInf></Strd><Strd><AddtlRmtInf>M MACAULAY//ARRO DEBIT CARD</AddtlRmtInf></Strd></RmtInf><RltdDts><TxDtTm>2018-09-03T00:44:08</TxDtTm></RltdDts><AddtlTxInf>3000000003886279803020180903826110450</AddtlTxInf></TxDtls><AddtlNtryInf>COMPLETE//0000//003//CREDIT</AddtlNtryInf></Ntry></Ntfctn></BkToCstmrDbtCdtNtfctnV01></Document>