<?xml version="1.0" encoding="UTF-8"?><Document xmlns:xsi="http://www.w3.org/2001/XMLSchema-instance" xmlns="urn:iso:std:iso:20022:tech:xsd:camt.054.001.01"><BkToCstmrDbtCdtNtfctnV01><GrpHdr><MsgId>80309K//13023</MsgId><CreDtTm>2018-09-18T19:00:00</CreDtTm></GrpHdr><Ntfctn><Id>80309K//13023//1</Id><CreDtTm>2018-09-18T19:00:00</CreDtTm><Acct><Id><PrtryAcct><Id>20594233939774</Id></PrtryAcct></Id><Ccy>GBP</Ccy></Acct><TxsSummry><TtlNtries><NbOfNtries>4</NbOfNtries><Sum>116.00</Sum></TtlNtries><TtlCdtNtries><NbOfNtries>4</NbOfNtries><Sum>116.00</Sum></TtlCdtNtries><TtlDbtNtries><NbOfNtries>0</NbOfNtries><Sum>0.00</Sum></TtlDbtNtries></TxsSummry><Ntry><Amt Ccy="GBP">20.00</Amt><CdtDbtInd>CRDT</CdtDbtInd><Sts>BOOK</Sts><BookgDt><Dt>2018-09-19</Dt></BookgDt><BkTxCd><Prtry><Cd>SIP UKBA CR 40269</Cd></Prtry></BkTxCd><TxDtls><Refs><EndToEndId>00153425632BWCGJRT</EndToEndId><TxId>00153425632BWCGJRT</TxId></Refs><RltdPties><Dbtr><Nm>CATHAL BROWNE</Nm></Dbtr><DbtrAcct><Id><PrtryAcct><Id>09012915353076</Id></PrtryAcct></Id></DbtrAcct><Cdtr><Nm>MR CATHAL BROWNE</Nm></Cdtr><CdtrAcct><Id><PrtryAcct><Id>23008200073589</Id></PrtryAcct></Id></CdtrAcct><Prtry><Tp>cash</Tp><Pty/></Prtry></RltdPties><RmtInf><Strd><AddtlRmtInf>NO REF</AddtlRmtInf></Strd><Strd><AddtlRmtInf>CATHAL BROWNE//cash</AddtlRmtInf></Strd></RmtInf><RltdDts><TxDtTm>2018-09-18T18:38:05</TxDtTm></RltdDts><AddtlTxInf>00153425632BWCGJRT1020180918826090129</AddtlTxInf></TxDtls><AddtlNtryInf>COMPLETE//0000//003//CREDIT</AddtlNtryInf></Ntry><Ntry><Amt Ccy="GBP">1.00</Amt><CdtDbtInd>CRDT</CdtDbtInd><Sts>BOOK</Sts><BookgDt><Dt>2018-09-19</Dt></BookgDt><BkTxCd><Prtry><Cd>SIP UKBA CR 40269</Cd></Prtry></BkTxCd><TxDtls><Refs><EndToEndId>NOREF</EndToEndId><TxId>300000000393479750</TxId></Refs><RltdPties><Dbtr><Nm>C Tucker</Nm></Dbtr><DbtrAcct><Id><PrtryAcct><Id>77192634396668</Id></PrtryAcct></Id></DbtrAcct><Cdtr><Nm>EMMA UPTON</Nm></Cdtr><CdtrAcct><Id><PrtryAcct><Id>23008200452719</Id></PrtryAcct></Id></CdtrAcct><Prtry><Tp>MUM</Tp><Pty/></Prtry></RltdPties><RmtInf><Strd><AddtlRmtInf>NO REF</AddtlRmtInf></Strd><Strd><AddtlRmtInf>C Tucker//MUM</AddtlRmtInf></Strd></RmtInf><RltdDts><TxDtTm>2018-09-18T18:39:57</TxDtTm></RltdDts><AddtlTxInf>3000000003934797501020180918826771926</AddtlTxInf></TxDtls><AddtlNtryInf>COMPLETE//0000//003//CREDIT</AddtlNtryInf></Ntry><Ntry><Amt Ccy="GBP">80.00</Amt><CdtDbtInd>CRDT</CdtDbtInd><Sts>BOOK</Sts><BookgDt><Dt>2018-09-19</Dt></BookgDt><BkTxCd><Prtry><Cd>SIP UKBA CR 40269</Cd></Prtry></BkTxCd><TxDtls><Refs><EndToEndId>NOREF</EndToEndId><TxId>329248602581819001</TxId><Prtry><Tp>STO REF</Tp><Ref>0000</Ref></Prtry></Refs><RltdPties><Dbtr><Nm>A-ACCOUNTS L</Nm></Dbtr><DbtrAcct><Id><PrtryAcct><Id>40051813809188</Id></PrtryAcct></Id></DbtrAcct><Cdtr><Nm>DARINA NIKOLOVA</Nm></Cdtr><CdtrAcct><Id><PrtryAcct><Id>23008200016798</Id></PrtryAcct></Id></CdtrAcct><Prtry><Tp>INVOICE 1</Tp><Pty/></Prtry></RltdPties><RmtInf><Strd><AddtlRmtInf>NO REF</AddtlRmtInf></Strd><Strd><AddtlRmtInf>A-ACCOUNTS L//INVOICE 1</AddtlRmtInf></Strd></RmtInf><RltdDts><TxDtTm>2018-09-18T18:52:07</TxDtTm></RltdDts><AddtlTxInf>3292486025818190011020180918826400518</AddtlTxInf></TxDtls><AddtlNtryInf>COMPLETE//0000//003//CREDIT</AddtlNtryInf></Ntry><Ntry><Amt Ccy="GBP">15.00</Amt><CdtDbtInd>CRDT</CdtDbtInd><Sts>BOOK</Sts><BookgDt><Dt>2018-09-19</Dt></BookgDt><BkTxCd><Prtry><Cd>SIP UKBA CR 40269</Cd></Prtry></BkTxCd><TxDtls><Refs><EndToEndId>SAM</EndToEndId><TxId>33185957070132000N</TxId><Prtry><Tp>STO REF</Tp><Ref>0000</Ref></Prtry></Refs><RltdPties><Dbtr><Nm>DANCE KM</Nm></Dbtr><DbtrAcct><Id><PrtryAcct><Id>55811986663798</Id></PrtryAcct></Id></DbtrAcct><Cdtr><Nm>MISS S GALLAGHER</Nm></Cdtr><CdtrAcct><Id><PrtryAcct><Id>23008200155543</Id></PrtryAcct></Id></CdtrAcct><Prtry><Tp>SAM</Tp><Pty/></Prtry></RltdPties><RmtInf><Strd><AddtlRmtInf>DANCE KM          SAM               VIA MOBILE - LVP</AddtlRmtInf></Strd><Strd><AddtlRmtInf>DANCE KM//SAM</AddtlRmtInf></Strd></RmtInf><RltdDts><TxDtTm>2018-09-18T18:59:57</TxDtTm></RltdDts><AddtlTxInf>33185957070132000N1020180918826558119</AddtlTxInf></TxDtls><AddtlNtryInf>COMPLETE//0000//003//CREDIT</AddtlNtryInf></Ntry></Ntfctn></BkToCstmrDbtCdtNtfctnV01></Document>