<?xml version="1.0" encoding="UTF-8"?><Document xmlns:xsi="http://www.w3.org/2001/XMLSchema-instance" xmlns="urn:iso:std:iso:20022:tech:xsd:camt.054.001.01"><BkToCstmrDbtCdtNtfctnV01><GrpHdr><MsgId>80309K//12924</MsgId><CreDtTm>2018-09-16T13:30:00</CreDtTm></GrpHdr><Ntfctn><Id>80309K//12924//1</Id><CreDtTm>2018-09-16T13:30:00</CreDtTm><Acct><Id><PrtryAcct><Id>20594233939774</Id></PrtryAcct></Id><Ccy>GBP</Ccy></Acct><TxsSummry><TtlNtries><NbOfNtries>4</NbOfNtries><Sum>268.00</Sum></TtlNtries><TtlCdtNtries><NbOfNtries>4</NbOfNtries><Sum>268.00</Sum></TtlCdtNtries><TtlDbtNtries><NbOfNtries>0</NbOfNtries><Sum>0.00</Sum></TtlDbtNtries></TxsSummry><Ntry><Amt Ccy="GBP">37.00</Amt><CdtDbtInd>CRDT</CdtDbtInd><Sts>BOOK</Sts><BookgDt><Dt>2018-09-17</Dt></BookgDt><BkTxCd><Prtry><Cd>SIP UKBA CR 40269</Cd></Prtry></BkTxCd><TxDtls><Refs><EndToEndId>NOREF</EndToEndId><TxId>500000000389135615</TxId></Refs><RltdPties><Dbtr><Nm>A Ahmad</Nm></Dbtr><DbtrAcct><Id><PrtryAcct><Id>11000134680464</Id></PrtryAcct></Id></DbtrAcct><Cdtr><Nm>A AHMAD</Nm></Cdtr><CdtrAcct><Id><PrtryAcct><Id>23008200052295</Id></PrtryAcct></Id></CdtrAcct><Prtry><Tp>BILL PAYMEN</Tp><Pty/></Prtry></RltdPties><RmtInf><Strd><AddtlRmtInf>NO REF</AddtlRmtInf></Strd><Strd><AddtlRmtInf>A Ahmad//BILL PAYMEN</AddtlRmtInf></Strd></RmtInf><RltdDts><TxDtTm>2018-09-16T13:06:47</TxDtTm></RltdDts><AddtlTxInf>5000000003891356151020180916826110001</AddtlTxInf></TxDtls><AddtlNtryInf>COMPLETE//0000//003//CREDIT</AddtlNtryInf></Ntry><Ntry><Amt Ccy="GBP">5.00</Amt><CdtDbtInd>CRDT</CdtDbtInd><Sts>BOOK</Sts><BookgDt><Dt>2018-09-17</Dt></BookgDt><BkTxCd><Prtry><Cd>SIP UKBA CR 40269</Cd></Prtry></BkTxCd><TxDtls><Refs><EndToEndId>NOREF</EndToEndId><TxId>FP18259O00654081</TxId></Refs><RltdPties><Dbtr><Nm>Oakes David</Nm></Dbtr><DbtrAcct><Id><PrtryAcct><Id>07011631570089</Id></PrtryAcct></Id></DbtrAcct><Cdtr><Nm>A MCDOWELL</Nm></Cdtr><CdtrAcct><Id><PrtryAcct><Id>23008200331486</Id></PrtryAcct></Id></CdtrAcct><Prtry><Tp>0</Tp><Pty/></Prtry></RltdPties><RmtInf><Strd><AddtlRmtInf>NO REF</AddtlRmtInf></Strd><Strd><AddtlRmtInf>Oakes David//0</AddtlRmtInf></Strd></RmtInf><RltdDts><TxDtTm>2018-09-16T13:08:07</TxDtTm></RltdDts><AddtlTxInf>FP18259O00654081  1020180916826070116</AddtlTxInf></TxDtls><AddtlNtryInf>COMPLETE//0000//003//CREDIT</AddtlNtryInf></Ntry><Ntry><Amt Ccy="GBP">1.00</Amt><CdtDbtInd>CRDT</CdtDbtInd><Sts>BOOK</Sts><BookgDt><Dt>2018-09-17</Dt></BookgDt><BkTxCd><Prtry><Cd>SIP UKBA CR 40269</Cd></Prtry></BkTxCd><TxDtls><Refs><EndToEndId>NOREF</EndToEndId><TxId>CBBPI1309492220118</TxId></Refs><RltdPties><Dbtr><Nm>JUDIMAE POWELL</Nm></Dbtr><DbtrAcct><Id><PrtryAcct><Id>82602550178564</Id></PrtryAcct></Id></DbtrAcct><Cdtr><Nm>Let</Nm></Cdtr><CdtrAcct><Id><PrtryAcct><Id>23008200369669</Id></PrtryAcct></Id></CdtrAcct><Prtry><Tp>Fre</Tp><Pty/></Prtry></RltdPties><RmtInf><Strd><RfrdDocInf><RfrdDocTp><Prtry>002</Prtry></RfrdDocTp></RfrdDocInf><AddtlRmtInf>NO REF</AddtlRmtInf></Strd><Strd><AddtlRmtInf>JUDIMAE POWELL//Fre</AddtlRmtInf></Strd></RmtInf><RltdDts><TxDtTm>2018-09-16T13:09:50</TxDtTm></RltdDts><AddtlTxInf>CBBPI13094922201181020180916826826025</AddtlTxInf></TxDtls><AddtlNtryInf>COMPLETE//0000//003//CREDIT</AddtlNtryInf></Ntry><Ntry><Amt Ccy="GBP">225.00</Amt><CdtDbtInd>CRDT</CdtDbtInd><Sts>BOOK</Sts><BookgDt><Dt>2018-09-17</Dt></BookgDt><BkTxCd><Prtry><Cd>SIP UKBA CR 40269</Cd></Prtry></BkTxCd><TxDtls><Refs><EndToEndId>PPWD00000000ANPJ6G</EndToEndId><TxId>PPWD00000000ANPJ6G</TxId></Refs><RltdPties><Dbtr><Nm>PayPal</Nm><PstlAdr><AdrLine>2211 N 1st Street San Jose CA 95131</AdrLine><Ctry/></PstlAdr></Dbtr><DbtrAcct><Id><PrtryAcct><Id>23526278959595</Id></PrtryAcct></Id></DbtrAcct><Cdtr><Nm>Sonic Backlinks</Nm><PstlAdr><AdrLine>18 Rheingold Way</AdrLine><Ctry/></PstlAdr></Cdtr><CdtrAcct><Id><PrtryAcct><Id>23008200225081</Id></PrtryAcct></Id></CdtrAcct><Prtry><Tp>PPWDL4U422AL2K7ZY2</Tp><Pty/></Prtry></RltdPties><RmtInf><Strd><RfrdDocInf><RfrdDocTp><Prtry>002</Prtry></RfrdDocTp></RfrdDocInf><AddtlRmtInf>NO REF</AddtlRmtInf></Strd><Strd><AddtlRmtInf>PayPal//PPWDL4U422AL2K7ZY2</AddtlRmtInf></Strd></RmtInf><RltdDts><TxDtTm>2018-09-16T13:13:34</TxDtTm></RltdDts><AddtlTxInf>PPWD00000000ANPJ6G1020180916826235262</AddtlTxInf></TxDtls><AddtlNtryInf>COMPLETE//0000//003//CREDIT</AddtlNtryInf></Ntry></Ntfctn></BkToCstmrDbtCdtNtfctnV01></Document>