<?xml version="1.0" encoding="UTF-8"?><Document xmlns:xsi="http://www.w3.org/2001/XMLSchema-instance" xmlns="urn:iso:std:iso:20022:tech:xsd:camt.054.001.01"><BkToCstmrDbtCdtNtfctnV01><GrpHdr><MsgId>80309K//13289</MsgId><CreDtTm>2018-09-25T00:00:00</CreDtTm></GrpHdr><Ntfctn><Id>80309K//13289//1</Id><CreDtTm>2018-09-25T00:00:00</CreDtTm><Acct><Id><PrtryAcct><Id>20594233939774</Id></PrtryAcct></Id><Ccy>GBP</Ccy></Acct><TxsSummry><TtlNtries><NbOfNtries>2</NbOfNtries><Sum>2.51</Sum></TtlNtries><TtlCdtNtries><NbOfNtries>2</NbOfNtries><Sum>2.51</Sum></TtlCdtNtries><TtlDbtNtries><NbOfNtries>0</NbOfNtries><Sum>0.00</Sum></TtlDbtNtries></TxsSummry><Ntry><Amt Ccy="GBP">2.50</Amt><CdtDbtInd>CRDT</CdtDbtInd><Sts>BOOK</Sts><BookgDt><Dt>2018-09-25</Dt></BookgDt><BkTxCd><Prtry><Cd>SIP UKBA CR 40269</Cd></Prtry></BkTxCd><TxDtls><Refs><EndToEndId>NOREF</EndToEndId><TxId>200000000389860878</TxId></Refs><RltdPties><Dbtr><Nm>Blue Dragons Ltd</Nm></Dbtr><DbtrAcct><Id><PrtryAcct><Id>30999859439668</Id></PrtryAcct></Id></DbtrAcct><Cdtr><Nm>AF MIDLANDS</Nm></Cdtr><CdtrAcct><Id><PrtryAcct><Id>23008200034339</Id></PrtryAcct></Id></CdtrAcct><Prtry><Tp>INVOICE</Tp><Pty/></Prtry></RltdPties><RmtInf><Strd><AddtlRmtInf>NO REF</AddtlRmtInf></Strd><Strd><AddtlRmtInf>Blue Dragons Ltd//INVOICE</AddtlRmtInf></Strd></RmtInf><RltdDts><TxDtTm>2018-09-24T23:49:39</TxDtTm></RltdDts><AddtlTxInf>2000000003898608781020180924826309998</AddtlTxInf></TxDtls><AddtlNtryInf>COMPLETE//0000//003//CREDIT</AddtlNtryInf></Ntry><Ntry><Amt Ccy="GBP">0.01</Amt><CdtDbtInd>CRDT</CdtDbtInd><Sts>BOOK</Sts><BookgDt><Dt>2018-09-25</Dt></BookgDt><BkTxCd><Prtry><Cd>SIP UKBA CR 40269</Cd></Prtry></BkTxCd><TxDtls><Refs><EndToEndId>NOREF</EndToEndId><TxId>000000000128431189</TxId></Refs><RltdPties><Dbtr><Nm>MR D R MCLAUGHLIN</Nm></Dbtr><DbtrAcct><Id><PrtryAcct><Id>08924914242472</Id></PrtryAcct></Id></DbtrAcct><Cdtr><Nm>OTFT23008200350798</Nm></Cdtr><CdtrAcct><Id><PrtryAcct><Id>23008200350798</Id></PrtryAcct></Id></CdtrAcct></RltdPties><RmtInf><Strd><AddtlRmtInf>NO REF</AddtlRmtInf></Strd><Strd><AddtlRmtInf>MR D R MCLAUGHLIN//</AddtlRmtInf></Strd></RmtInf><RltdDts><TxDtTm>2018-09-24T23:54:17</TxDtTm></RltdDts><AddtlTxInf>0000000001284311891020180924826089249</AddtlTxInf></TxDtls><AddtlNtryInf>COMPLETE//0000//003//CREDIT</AddtlNtryInf></Ntry></Ntfctn></BkToCstmrDbtCdtNtfctnV01></Document>