<?xml version="1.0" encoding="UTF-8"?><Document xmlns:xsi="http://www.w3.org/2001/XMLSchema-instance" xmlns="urn:iso:std:iso:20022:tech:xsd:camt.054.001.01"><BkToCstmrDbtCdtNtfctnV01><GrpHdr><MsgId>80309K//12575</MsgId><CreDtTm>2018-09-08T06:00:00</CreDtTm></GrpHdr><Ntfctn><Id>80309K//12575//1</Id><CreDtTm>2018-09-08T06:00:00</CreDtTm><Acct><Id><PrtryAcct><Id>20594233939774</Id></PrtryAcct></Id><Ccy>GBP</Ccy></Acct><TxsSummry><TtlNtries><NbOfNtries>1</NbOfNtries><Sum>5.51</Sum></TtlNtries><TtlCdtNtries><NbOfNtries>1</NbOfNtries><Sum>5.51</Sum></TtlCdtNtries><TtlDbtNtries><NbOfNtries>0</NbOfNtries><Sum>0.00</Sum></TtlDbtNtries></TxsSummry><Ntry><Amt Ccy="GBP">5.51</Amt><CdtDbtInd>CRDT</CdtDbtInd><Sts>BOOK</Sts><BookgDt><Dt>2018-09-10</Dt></BookgDt><BkTxCd><Prtry><Cd>SIP UKBA CR 40269</Cd></Prtry></BkTxCd><TxDtls><Refs><EndToEndId>00155634632BBGNLGT</EndToEndId><TxId>00155634632BBGNLGT</TxId></Refs><RltdPties><Dbtr><Nm>SYDNEY BOYE-CAMPBELL</Nm></Dbtr><DbtrAcct><Id><PrtryAcct><Id>09013960220628</Id></PrtryAcct></Id></DbtrAcct><Cdtr><Nm>ARRO</Nm></Cdtr><CdtrAcct><Id><PrtryAcct><Id>23008200325644</Id></PrtryAcct></Id></CdtrAcct><Prtry><Tp>waltman</Tp><Pty/></Prtry></RltdPties><RmtInf><Strd><AddtlRmtInf>NO REF</AddtlRmtInf></Strd><Strd><AddtlRmtInf>SYDNEY BOYE-CAMPBE//waltman</AddtlRmtInf></Strd></RmtInf><RltdDts><TxDtTm>2018-09-08T05:49:00</TxDtTm></RltdDts><AddtlTxInf>00155634632BBGNLGT1020180908826090139</AddtlTxInf></TxDtls><AddtlNtryInf>COMPLETE//0000//003//CREDIT</AddtlNtryInf></Ntry></Ntfctn></BkToCstmrDbtCdtNtfctnV01></Document>