<?xml version="1.0" encoding="UTF-8"?><Document xmlns:xsi="http://www.w3.org/2001/XMLSchema-instance" xmlns="urn:iso:std:iso:20022:tech:xsd:camt.054.001.01"><BkToCstmrDbtCdtNtfctnV01><GrpHdr><MsgId>80309K//12923</MsgId><CreDtTm>2018-09-16T13:00:00</CreDtTm></GrpHdr><Ntfctn><Id>80309K//12923//1</Id><CreDtTm>2018-09-16T13:00:00</CreDtTm><Acct><Id><PrtryAcct><Id>20594233939774</Id></PrtryAcct></Id><Ccy>GBP</Ccy></Acct><TxsSummry><TtlNtries><NbOfNtries>1</NbOfNtries><Sum>400.00</Sum></TtlNtries><TtlCdtNtries><NbOfNtries>1</NbOfNtries><Sum>400.00</Sum></TtlCdtNtries><TtlDbtNtries><NbOfNtries>0</NbOfNtries><Sum>0.00</Sum></TtlDbtNtries></TxsSummry><Ntry><Amt Ccy="GBP">400.00</Amt><CdtDbtInd>CRDT</CdtDbtInd><Sts>BOOK</Sts><BookgDt><Dt>2018-09-17</Dt></BookgDt><BkTxCd><Prtry><Cd>SIP UKBA CR 40269</Cd></Prtry></BkTxCd><TxDtls><Refs><EndToEndId>NOREF</EndToEndId><TxId>895626938421619001</TxId><Prtry><Tp>STO REF</Tp><Ref>0000</Ref></Prtry></Refs><RltdPties><Dbtr><Nm>HAID c</Nm></Dbtr><DbtrAcct><Id><PrtryAcct><Id>40050841237586</Id></PrtryAcct></Id></DbtrAcct><Cdtr><Nm>Ali Kamran</Nm></Cdtr><CdtrAcct><Id><PrtryAcct><Id>23008200386714</Id></PrtryAcct></Id></CdtrAcct><Prtry><Tp>Hellostreets CHaid</Tp><Pty/></Prtry></RltdPties><RmtInf><Strd><AddtlRmtInf>NO REF</AddtlRmtInf></Strd><Strd><AddtlRmtInf>HAID c//Hellostreets CHaid</AddtlRmtInf></Strd></RmtInf><RltdDts><TxDtTm>2018-09-16T12:48:40</TxDtTm></RltdDts><AddtlTxInf>8956269384216190011020180916826400508</AddtlTxInf></TxDtls><AddtlNtryInf>COMPLETE//0000//003//CREDIT</AddtlNtryInf></Ntry></Ntfctn></BkToCstmrDbtCdtNtfctnV01></Document>