<?xml version="1.0" encoding="UTF-8"?><Document xmlns:xsi="http://www.w3.org/2001/XMLSchema-instance" xmlns="urn:iso:std:iso:20022:tech:xsd:camt.054.001.01"><BkToCstmrDbtCdtNtfctnV01><GrpHdr><MsgId>80309K//12637</MsgId><CreDtTm>2018-09-09T19:00:00</CreDtTm></GrpHdr><Ntfctn><Id>80309K//12637//1</Id><CreDtTm>2018-09-09T19:00:00</CreDtTm><Acct><Id><PrtryAcct><Id>20594233939774</Id></PrtryAcct></Id><Ccy>GBP</Ccy></Acct><TxsSummry><TtlNtries><NbOfNtries>3</NbOfNtries><Sum>3090.00</Sum></TtlNtries><TtlCdtNtries><NbOfNtries>3</NbOfNtries><Sum>3090.00</Sum></TtlCdtNtries><TtlDbtNtries><NbOfNtries>0</NbOfNtries><Sum>0.00</Sum></TtlDbtNtries></TxsSummry><Ntry><Amt Ccy="GBP">50.00</Amt><CdtDbtInd>CRDT</CdtDbtInd><Sts>BOOK</Sts><BookgDt><Dt>2018-09-10</Dt></BookgDt><BkTxCd><Prtry><Cd>SIP UKBA CR 40269</Cd></Prtry></BkTxCd><TxDtls><Refs><EndToEndId>NOREF</EndToEndId><TxId>RP4679961002111800</TxId></Refs><RltdPties><Dbtr><Nm>DOS REIS ALVES C</Nm></Dbtr><DbtrAcct><Id><PrtryAcct><Id>20105350576875</Id></PrtryAcct></Id></DbtrAcct><Cdtr><Nm>KATLENE MANHAS</Nm></Cdtr><CdtrAcct><Id><PrtryAcct><Id>23008200114636</Id></PrtryAcct></Id></CdtrAcct><Prtry><Tp>MARIUM</Tp><Pty/></Prtry></RltdPties><RmtInf><Strd><AddtlRmtInf>NO REF</AddtlRmtInf></Strd><Strd><AddtlRmtInf>DOS REIS ALVES C//MARIUM</AddtlRmtInf></Strd></RmtInf><RltdDts><TxDtTm>2018-09-09T18:46:11</TxDtTm></RltdDts><AddtlTxInf>RP46799610021118001020180909826200026</AddtlTxInf></TxDtls><AddtlNtryInf>COMPLETE//0000//003//CREDIT</AddtlNtryInf></Ntry><Ntry><Amt Ccy="GBP">3000.00</Amt><CdtDbtInd>CRDT</CdtDbtInd><Sts>BOOK</Sts><BookgDt><Dt>2018-09-10</Dt></BookgDt><BkTxCd><Prtry><Cd>FDP UKBA CR 40269</Cd></Prtry></BkTxCd><TxDtls><Refs><EndToEndId>NOREF</EndToEndId><TxId>6450624594819097CN</TxId><Prtry><Tp>STO REF</Tp><Ref>0000</Ref></Prtry></Refs><RltdPties><Dbtr><Nm>MR G STEWART</Nm><PstlAdr><AdrLine>MR G STEWART;41 HERRIOT CRESCENT;</AdrLine><AdrLine>METHIL;LEVEN</AdrLine><Ctry/></PstlAdr></Dbtr><DbtrAcct><Id><PrtryAcct><Id>08606472733105</Id></PrtryAcct></Id></DbtrAcct><Cdtr><Nm>MR G STEWART</Nm></Cdtr><CdtrAcct><Id><PrtryAcct><Id>23008200411849</Id></PrtryAcct></Id></CdtrAcct></RltdPties><RmtInf><Strd><AddtlRmtInf>NO REF</AddtlRmtInf></Strd><Strd><AddtlRmtInf>MR G STEWART//</AddtlRmtInf></Strd></RmtInf><RltdDts><TxDtTm>2018-09-09T18:49:54</TxDtTm></RltdDts><AddtlTxInf>6450624594819097CN4020180909826400250</AddtlTxInf></TxDtls><AddtlNtryInf>COMPLETE//0000//003//CREDIT</AddtlNtryInf></Ntry><Ntry><Amt Ccy="GBP">40.00</Amt><CdtDbtInd>CRDT</CdtDbtInd><Sts>BOOK</Sts><BookgDt><Dt>2018-09-10</Dt></BookgDt><BkTxCd><Prtry><Cd>SIP UKBA CR 40269</Cd></Prtry></BkTxCd><TxDtls><Refs><EndToEndId>DE</EndToEndId><TxId>28185418985710000N</TxId><Prtry><Tp>STO REF</Tp><Ref>0000</Ref></Prtry></Refs><RltdPties><Dbtr><Nm>WIZIMIRSKI BA</Nm></Dbtr><DbtrAcct><Id><PrtryAcct><Id>01093159195584</Id></PrtryAcct></Id></DbtrAcct><Cdtr><Nm>MR DARREN SAGOO</Nm></Cdtr><CdtrAcct><Id><PrtryAcct><Id>23008200117403</Id></PrtryAcct></Id></CdtrAcct><Prtry><Tp>DE</Tp><Pty/></Prtry></RltdPties><RmtInf><Strd><AddtlRmtInf>WIZIMIRSKI BA     DE                VIA MOBILE - LVP</AddtlRmtInf></Strd><Strd><AddtlRmtInf>WIZIMIRSKI BA//DE</AddtlRmtInf></Strd></RmtInf><RltdDts><TxDtTm>2018-09-09T18:54:19</TxDtTm></RltdDts><AddtlTxInf>28185418985710000N1020180909826010931</AddtlTxInf></TxDtls><AddtlNtryInf>COMPLETE//0000//003//CREDIT</AddtlNtryInf></Ntry></Ntfctn></BkToCstmrDbtCdtNtfctnV01></Document>