<?xml version="1.0" encoding="UTF-8"?><Document xmlns:xsi="http://www.w3.org/2001/XMLSchema-instance" xmlns="urn:iso:std:iso:20022:tech:xsd:camt.054.001.01"><BkToCstmrDbtCdtNtfctnV01><GrpHdr><MsgId>80309K//12996</MsgId><CreDtTm>2018-09-18T05:30:00</CreDtTm></GrpHdr><Ntfctn><Id>80309K//12996//1</Id><CreDtTm>2018-09-18T05:30:00</CreDtTm><Acct><Id><PrtryAcct><Id>20594233939774</Id></PrtryAcct></Id><Ccy>GBP</Ccy></Acct><TxsSummry><TtlNtries><NbOfNtries>2</NbOfNtries><Sum>320.00</Sum></TtlNtries><TtlCdtNtries><NbOfNtries>2</NbOfNtries><Sum>320.00</Sum></TtlCdtNtries><TtlDbtNtries><NbOfNtries>0</NbOfNtries><Sum>0.00</Sum></TtlDbtNtries></TxsSummry><Ntry><Amt Ccy="GBP">20.00</Amt><CdtDbtInd>CRDT</CdtDbtInd><Sts>BOOK</Sts><BookgDt><Dt>2018-09-18</Dt></BookgDt><BkTxCd><Prtry><Cd>SIP UKBA CR 40269</Cd></Prtry></BkTxCd><TxDtls><Refs><EndToEndId>NOREF</EndToEndId><TxId>100000000387999318</TxId></Refs><RltdPties><Dbtr><Nm>A Ayoade</Nm></Dbtr><DbtrAcct><Id><PrtryAcct><Id>11181118023531</Id></PrtryAcct></Id></DbtrAcct><Cdtr><Nm>A AYOADE</Nm></Cdtr><CdtrAcct><Id><PrtryAcct><Id>23008200066777</Id></PrtryAcct></Id></CdtrAcct></RltdPties><RmtInf><Strd><AddtlRmtInf>NO REF</AddtlRmtInf></Strd><Strd><AddtlRmtInf>A Ayoade//</AddtlRmtInf></Strd></RmtInf><RltdDts><TxDtTm>2018-09-18T05:00:53</TxDtTm></RltdDts><AddtlTxInf>1000000003879993181020180918826111811</AddtlTxInf></TxDtls><AddtlNtryInf>COMPLETE//0000//003//CREDIT</AddtlNtryInf></Ntry><Ntry><Amt Ccy="GBP">300.00</Amt><CdtDbtInd>CRDT</CdtDbtInd><Sts>BOOK</Sts><BookgDt><Dt>2018-09-18</Dt></BookgDt><BkTxCd><Prtry><Cd>SIP UKBA CR 40269</Cd></Prtry></BkTxCd><TxDtls><Refs><EndToEndId>NOREF</EndToEndId><TxId>PAOIH2V7QEHZGN95YE</TxId></Refs><RltdPties><Dbtr><Nm>Bruno Braizinha</Nm><PstlAdr><AdrLine>14b Chester St, SY1 1NX</AdrLine><Ctry/></PstlAdr></Dbtr><DbtrAcct><Id><PrtryAcct><Id>04000452395724</Id></PrtryAcct></Id></DbtrAcct><Cdtr><Nm>K TRAORE</Nm></Cdtr><CdtrAcct><Id><PrtryAcct><Id>23008200393346</Id></PrtryAcct></Id></CdtrAcct></RltdPties><RmtInf><Strd><AddtlRmtInf>NO REF</AddtlRmtInf></Strd><Strd><AddtlRmtInf>Bruno Braizinha//</AddtlRmtInf></Strd></RmtInf><RltdDts><TxDtTm>2018-09-18T05:20:46</TxDtTm></RltdDts><AddtlTxInf>PAOIH2V7QEHZGN95YE1020180918826040004</AddtlTxInf></TxDtls><AddtlNtryInf>COMPLETE//0000//003//CREDIT</AddtlNtryInf></Ntry></Ntfctn></BkToCstmrDbtCdtNtfctnV01></Document>