<?xml version="1.0" encoding="UTF-8"?><Document xmlns:xsi="http://www.w3.org/2001/XMLSchema-instance" xmlns="urn:iso:std:iso:20022:tech:xsd:camt.054.001.01"><BkToCstmrDbtCdtNtfctnV01><GrpHdr><MsgId>80309K//13135</MsgId><CreDtTm>2018-09-21T08:30:00</CreDtTm></GrpHdr><Ntfctn><Id>80309K//13135//1</Id><CreDtTm>2018-09-21T08:30:00</CreDtTm><Acct><Id><PrtryAcct><Id>20594233939774</Id></PrtryAcct></Id><Ccy>GBP</Ccy></Acct><TxsSummry><TtlNtries><NbOfNtries>14</NbOfNtries><Sum>3296.27</Sum></TtlNtries><TtlCdtNtries><NbOfNtries>14</NbOfNtries><Sum>3296.27</Sum></TtlCdtNtries><TtlDbtNtries><NbOfNtries>0</NbOfNtries><Sum>0.00</Sum></TtlDbtNtries></TxsSummry><Ntry><Amt Ccy="GBP">10.00</Amt><CdtDbtInd>CRDT</CdtDbtInd><Sts>BOOK</Sts><BookgDt><Dt>2018-09-21</Dt></BookgDt><BkTxCd><Prtry><Cd>SIP UKBA CR 40269</Cd></Prtry></BkTxCd><TxDtls><Refs><EndToEndId>NOREF</EndToEndId><TxId>957939132080129001</TxId><Prtry><Tp>STO REF</Tp><Ref>0000</Ref></Prtry></Refs><RltdPties><Dbtr><Nm>WELLINGS</Nm></Dbtr><DbtrAcct><Id><PrtryAcct><Id>40312301320629</Id></PrtryAcct></Id></DbtrAcct><Cdtr><Nm>Edward Thomason</Nm></Cdtr><CdtrAcct><Id><PrtryAcct><Id>23008200433000</Id></PrtryAcct></Id></CdtrAcct><Prtry><Tp>Love u</Tp><Pty/></Prtry></RltdPties><RmtInf><Strd><AddtlRmtInf>NO REF</AddtlRmtInf></Strd><Strd><AddtlRmtInf>WELLINGS//Love u</AddtlRmtInf></Strd></RmtInf><RltdDts><TxDtTm>2018-09-21T08:02:32</TxDtTm></RltdDts><AddtlTxInf>9579391320801290011020180921826403123</AddtlTxInf></TxDtls><AddtlNtryInf>COMPLETE//0000//001//CREDIT</AddtlNtryInf></Ntry><Ntry><Amt Ccy="GBP">216.00</Amt><CdtDbtInd>CRDT</CdtDbtInd><Sts>BOOK</Sts><BookgDt><Dt>2018-09-21</Dt></BookgDt><BkTxCd><Prtry><Cd>SIP UKBA CR 40269</Cd></Prtry></BkTxCd><TxDtls><Refs><EndToEndId>NOREF</EndToEndId><TxId>200000000388911140</TxId></Refs><RltdPties><Dbtr><Nm>ASPRAY TRANSPORT L</Nm></Dbtr><DbtrAcct><Id><PrtryAcct><Id>30908200194544</Id></PrtryAcct></Id></DbtrAcct><Cdtr><Nm>Celso DeAlmeida</Nm></Cdtr><CdtrAcct><Id><PrtryAcct><Id>23008200409746</Id></PrtryAcct></Id></CdtrAcct><Prtry><Tp>Aspray24</Tp><Pty/></Prtry></RltdPties><RmtInf><Strd><AddtlRmtInf>NO REF</AddtlRmtInf></Strd><Strd><AddtlRmtInf>ASPRAY TRANSPORT L//Aspray24</AddtlRmtInf></Strd></RmtInf><RltdDts><TxDtTm>2018-09-21T08:04:53</TxDtTm></RltdDts><AddtlTxInf>2000000003889111401020180921826309082</AddtlTxInf></TxDtls><AddtlNtryInf>COMPLETE//0000//001//CREDIT</AddtlNtryInf></Ntry><Ntry><Amt Ccy="GBP">40.00</Amt><CdtDbtInd>CRDT</CdtDbtInd><Sts>BOOK</Sts><BookgDt><Dt>2018-09-21</Dt></BookgDt><BkTxCd><Prtry><Cd>SIP UKBA CR 40269</Cd></Prtry></BkTxCd><TxDtls><Refs><EndToEndId>NOREF</EndToEndId><TxId>180921080500116681</TxId></Refs><RltdPties><Dbtr><Nm>Moshood Bello</Nm></Dbtr><DbtrAcct><Id><PrtryAcct><Id>30934420455960</Id></PrtryAcct></Id></DbtrAcct><Cdtr><Nm>mr m bello arro</Nm></Cdtr><CdtrAcct><Id><PrtryAcct><Id>23008200193961</Id></PrtryAcct></Id></CdtrAcct></RltdPties><RmtInf><Strd><AddtlRmtInf>NO REF</AddtlRmtInf></Strd><Strd><AddtlRmtInf>Moshood Bello//</AddtlRmtInf></Strd></RmtInf><RltdDts><TxDtTm>2018-09-21T08:04:57</TxDtTm></RltdDts><AddtlTxInf>1809210805001166811020180921826309344</AddtlTxInf></TxDtls><AddtlNtryInf>COMPLETE//0000//001//CREDIT</AddtlNtryInf></Ntry><Ntry><Amt Ccy="GBP">512.00</Amt><CdtDbtInd>CRDT</CdtDbtInd><Sts>BOOK</Sts><BookgDt><Dt>2018-09-21</Dt></BookgDt><BkTxCd><Prtry><Cd>SIP UKBA CR 40269</Cd></Prtry></BkTxCd><TxDtls><Refs><EndToEndId>NOREF</EndToEndId><TxId>FP18264O04607628</TxId></Refs><RltdPties><Dbtr><Nm>Taylor Danielle</Nm></Dbtr><DbtrAcct><Id><PrtryAcct><Id>07024613405320</Id></PrtryAcct></Id></DbtrAcct><Cdtr><Nm>DANIELLE</Nm></Cdtr><CdtrAcct><Id><PrtryAcct><Id>23008200238659</Id></PrtryAcct></Id></CdtrAcct><Prtry><Tp>LUKE</Tp><Pty/></Prtry></RltdPties><RmtInf><Strd><AddtlRmtInf>NO REF</AddtlRmtInf></Strd><Strd><AddtlRmtInf>Taylor Danielle//LUKE</AddtlRmtInf></Strd></RmtInf><RltdDts><TxDtTm>2018-09-21T08:15:33</TxDtTm></RltdDts><AddtlTxInf>FP18264O04607628  1020180921826070246</AddtlTxInf></TxDtls><AddtlNtryInf>COMPLETE//0000//001//CREDIT</AddtlNtryInf></Ntry><Ntry><Amt Ccy="GBP">44.06</Amt><CdtDbtInd>CRDT</CdtDbtInd><Sts>BOOK</Sts><BookgDt><Dt>2018-09-21</Dt></BookgDt><BkTxCd><Prtry><Cd>FDP UKBA CR 40269</Cd></Prtry></BkTxCd><TxDtls><Refs><EndToEndId>NOREF</EndToEndId><TxId>566216249502029001</TxId><Prtry><Tp>STO REF</Tp><Ref>0000</Ref></Prtry></Refs><RltdPties><Dbtr><Nm>ELANFOREST</Nm></Dbtr><DbtrAcct><Id><PrtryAcct><Id>40250232642689</Id></PrtryAcct></Id></DbtrAcct><Cdtr><Nm>GABRIELLE I ALLEN</Nm></Cdtr><CdtrAcct><Id><PrtryAcct><Id>23008200193202</Id></PrtryAcct></Id></CdtrAcct><Prtry><Tp>SEP WAGES</Tp><Pty/></Prtry></RltdPties><RmtInf><Strd><AddtlRmtInf>NO REF</AddtlRmtInf></Strd><Strd><AddtlRmtInf>ELANFOREST//SEP WAGES</AddtlRmtInf></Strd></RmtInf><RltdDts><TxDtTm>2018-09-21T08:19:05</TxDtTm></RltdDts><AddtlTxInf>5662162495020290014020180921826402502</AddtlTxInf></TxDtls><AddtlNtryInf>COMPLETE//0000//001//CREDIT</AddtlNtryInf></Ntry><Ntry><Amt Ccy="GBP">100.00</Amt><CdtDbtInd>CRDT</CdtDbtInd><Sts>BOOK</Sts><BookgDt><Dt>2018-09-21</Dt></BookgDt><BkTxCd><Prtry><Cd>SIP UKBA CR 40269</Cd></Prtry></BkTxCd><TxDtls><Refs><EndToEndId>NOREF</EndToEndId><TxId>200000000388917056</TxId></Refs><RltdPties><Dbtr><Nm>S Eddani</Nm></Dbtr><DbtrAcct><Id><PrtryAcct><Id>30159726735860</Id></PrtryAcct></Id></DbtrAcct><Cdtr><Nm>S EDDANI</Nm></Cdtr><CdtrAcct><Id><PrtryAcct><Id>23008200338775</Id></PrtryAcct></Id></CdtrAcct><Prtry><Tp>NISS</Tp><Pty/></Prtry></RltdPties><RmtInf><Strd><AddtlRmtInf>NO REF</AddtlRmtInf></Strd><Strd><AddtlRmtInf>S Eddani//NISS</AddtlRmtInf></Strd></RmtInf><RltdDts><TxDtTm>2018-09-21T08:23:00</TxDtTm></RltdDts><AddtlTxInf>2000000003889170561020180921826301597</AddtlTxInf></TxDtls><AddtlNtryInf>COMPLETE//0000//001//CREDIT</AddtlNtryInf></Ntry><Ntry><Amt Ccy="GBP">250.00</Amt><CdtDbtInd>CRDT</CdtDbtInd><Sts>BOOK</Sts><BookgDt><Dt>2018-09-21</Dt></BookgDt><BkTxCd><Prtry><Cd>SIP UKBA CR 40269</Cd></Prtry></BkTxCd><TxDtls><Refs><EndToEndId>NOREF</EndToEndId><TxId>100000000388925931</TxId></Refs><RltdPties><Dbtr><Nm>J Condrache</Nm></Dbtr><DbtrAcct><Id><PrtryAcct><Id>80476112536567</Id></PrtryAcct></Id></DbtrAcct><Cdtr><Nm>MR.FLOREA VALENTIN</Nm></Cdtr><CdtrAcct><Id><PrtryAcct><Id>23008200374751</Id></PrtryAcct></Id></CdtrAcct><Prtry><Tp>TRANSFER</Tp><Pty/></Prtry></RltdPties><RmtInf><Strd><AddtlRmtInf>NO REF</AddtlRmtInf></Strd><Strd><AddtlRmtInf>J Condrache//TRANSFER</AddtlRmtInf></Strd></RmtInf><RltdDts><TxDtTm>2018-09-21T08:24:38</TxDtTm></RltdDts><AddtlTxInf>1000000003889259311020180921826804761</AddtlTxInf></TxDtls><AddtlNtryInf>COMPLETE//0000//001//CREDIT</AddtlNtryInf></Ntry><Ntry><Amt Ccy="GBP">30.00</Amt><CdtDbtInd>CRDT</CdtDbtInd><Sts>BOOK</Sts><BookgDt><Dt>2018-09-21</Dt></BookgDt><BkTxCd><Prtry><Cd>FDP UKBA CR 40269</Cd></Prtry></BkTxCd><TxDtls><Refs><EndToEndId>NOREF</EndToEndId><TxId>341181628481919001</TxId><Prtry><Tp>STO REF</Tp><Ref>0000</Ref></Prtry></Refs><RltdPties><Dbtr><Nm>CRUMPLER S</Nm></Dbtr><DbtrAcct><Id><PrtryAcct><Id>40352021773038</Id></PrtryAcct></Id></DbtrAcct><Cdtr><Nm>miss c hughes</Nm></Cdtr><CdtrAcct><Id><PrtryAcct><Id>23008200017128</Id></PrtryAcct></Id></CdtrAcct><Prtry><Tp>alfies maintenance</Tp><Pty/></Prtry></RltdPties><RmtInf><Strd><AddtlRmtInf>NO REF</AddtlRmtInf></Strd><Strd><AddtlRmtInf>CRUMPLER S//alfies maintenance</AddtlRmtInf></Strd></RmtInf><RltdDts><TxDtTm>2018-09-21T08:26:01</TxDtTm></RltdDts><AddtlTxInf>3411816284819190014020180921826403520</AddtlTxInf></TxDtls><AddtlNtryInf>COMPLETE//0000//001//CREDIT</AddtlNtryInf></Ntry><Ntry><Amt Ccy="GBP">92.05</Amt><CdtDbtInd>CRDT</CdtDbtInd><Sts>BOOK</Sts><BookgDt><Dt>2018-09-21</Dt></BookgDt><BkTxCd><Prtry><Cd>SIP UKBA CR 40269</Cd></Prtry></BkTxCd><TxDtls><Refs><EndToEndId>NO REF</EndToEndId><TxId>MF0352396131509700</TxId></Refs><RltdPties><Dbtr><Nm>TAI MA S LTD SW</Nm></Dbtr><DbtrAcct><Id><PrtryAcct><Id>20157003797341</Id></PrtryAcct></Id></DbtrAcct><Cdtr><Nm>IMBRE A P</Nm></Cdtr><CdtrAcct><Id><PrtryAcct><Id>23008200153087</Id></PrtryAcct></Id></CdtrAcct><Prtry><Tp>NO REF</Tp><Pty/></Prtry></RltdPties><RmtInf><Strd><RfrdDocInf><RfrdDocTp><Prtry>002</Prtry></RfrdDocTp></RfrdDocInf><AddtlRmtInf>NO REF</AddtlRmtInf></Strd><Strd><AddtlRmtInf>TAI MA S LTD SW//NO REF</AddtlRmtInf></Strd></RmtInf><RltdDts><TxDtTm>2018-09-21T08:27:24</TxDtTm></RltdDts><AddtlTxInf>MF03523961315097001020180921826200026</AddtlTxInf></TxDtls><AddtlNtryInf>COMPLETE//0000//001//CREDIT</AddtlNtryInf></Ntry><Ntry><Amt Ccy="GBP">267.16</Amt><CdtDbtInd>CRDT</CdtDbtInd><Sts>BOOK</Sts><BookgDt><Dt>2018-09-21</Dt></BookgDt><BkTxCd><Prtry><Cd>SIP UKBA CR 40269</Cd></Prtry></BkTxCd><TxDtls><Refs><EndToEndId>NO REF</EndToEndId><TxId>MF0384396131509700</TxId></Refs><RltdPties><Dbtr><Nm>TAI MA S LTD SW</Nm></Dbtr><DbtrAcct><Id><PrtryAcct><Id>20157003797341</Id></PrtryAcct></Id></DbtrAcct><Cdtr><Nm>IONUT IVANOV</Nm></Cdtr><CdtrAcct><Id><PrtryAcct><Id>23008200212212</Id></PrtryAcct></Id></CdtrAcct><Prtry><Tp>NO REF</Tp><Pty/></Prtry></RltdPties><RmtInf><Strd><RfrdDocInf><RfrdDocTp><Prtry>002</Prtry></RfrdDocTp></RfrdDocInf><AddtlRmtInf>NO REF</AddtlRmtInf></Strd><Strd><AddtlRmtInf>TAI MA S LTD SW//NO REF</AddtlRmtInf></Strd></RmtInf><RltdDts><TxDtTm>2018-09-21T08:27:26</TxDtTm></RltdDts><AddtlTxInf>MF03843961315097001020180921826200026</AddtlTxInf></TxDtls><AddtlNtryInf>COMPLETE//0000//001//CREDIT</AddtlNtryInf></Ntry><Ntry><Amt Ccy="GBP">185.00</Amt><CdtDbtInd>CRDT</CdtDbtInd><Sts>BOOK</Sts><BookgDt><Dt>2018-09-21</Dt></BookgDt><BkTxCd><Prtry><Cd>SIP UKBA CR 40269</Cd></Prtry></BkTxCd><TxDtls><Refs><EndToEndId>NOREF</EndToEndId><TxId>300000000394234213</TxId></Refs><RltdPties><Dbtr><Nm>S Jones</Nm></Dbtr><DbtrAcct><Id><PrtryAcct><Id>11041900314847</Id></PrtryAcct></Id></DbtrAcct><Cdtr><Nm>T A MARSHALL</Nm></Cdtr><CdtrAcct><Id><PrtryAcct><Id>23008200033369</Id></PrtryAcct></Id></CdtrAcct><Prtry><Tp>GMB01 -tm 93</Tp><Pty/></Prtry></RltdPties><RmtInf><Strd><AddtlRmtInf>NO REF</AddtlRmtInf></Strd><Strd><AddtlRmtInf>S Jones//GMB01 -tm 93</AddtlRmtInf></Strd></RmtInf><RltdDts><TxDtTm>2018-09-21T08:28:31</TxDtTm></RltdDts><AddtlTxInf>3000000003942342131020180921826110419</AddtlTxInf></TxDtls><AddtlNtryInf>COMPLETE//0000//001//CREDIT</AddtlNtryInf></Ntry><Ntry><Amt Ccy="GBP">744.00</Amt><CdtDbtInd>CRDT</CdtDbtInd><Sts>BOOK</Sts><BookgDt><Dt>2018-09-21</Dt></BookgDt><BkTxCd><Prtry><Cd>FDP UKBA CR 40269</Cd></Prtry></BkTxCd><TxDtls><Refs><EndToEndId>NOREF</EndToEndId><TxId>619346008171029001</TxId><Prtry><Tp>STO REF</Tp><Ref>0000</Ref></Prtry></Refs><RltdPties><Dbtr><Nm>S&amp;U CARE LIM</Nm></Dbtr><DbtrAcct><Id><PrtryAcct><Id>40403521590057</Id></PrtryAcct></Id></DbtrAcct><Cdtr><Nm>DORU POPESCU</Nm></Cdtr><CdtrAcct><Id><PrtryAcct><Id>23008200037529</Id></PrtryAcct></Id></CdtrAcct><Prtry><Tp>CAREUK247</Tp><Pty/></Prtry></RltdPties><RmtInf><Strd><AddtlRmtInf>NO REF</AddtlRmtInf></Strd><Strd><AddtlRmtInf>S&amp;U CARE LIM//CAREUK247</AddtlRmtInf></Strd></RmtInf><RltdDts><TxDtTm>2018-09-21T08:29:07</TxDtTm></RltdDts><AddtlTxInf>6193460081710290014020180921826404035</AddtlTxInf></TxDtls><AddtlNtryInf>COMPLETE//0000//001//CREDIT</AddtlNtryInf></Ntry><Ntry><Amt Ccy="GBP">756.00</Amt><CdtDbtInd>CRDT</CdtDbtInd><Sts>BOOK</Sts><BookgDt><Dt>2018-09-21</Dt></BookgDt><BkTxCd><Prtry><Cd>FDP UKBA CR 40269</Cd></Prtry></BkTxCd><TxDtls><Refs><EndToEndId>NOREF</EndToEndId><TxId>043739048171029001</TxId><Prtry><Tp>STO REF</Tp><Ref>0000</Ref></Prtry></Refs><RltdPties><Dbtr><Nm>S&amp;U CARE LIM</Nm></Dbtr><DbtrAcct><Id><PrtryAcct><Id>40403521590057</Id></PrtryAcct></Id></DbtrAcct><Cdtr><Nm>CORINA V ZED</Nm></Cdtr><CdtrAcct><Id><PrtryAcct><Id>23008200037344</Id></PrtryAcct></Id></CdtrAcct><Prtry><Tp>CAREUK247</Tp><Pty/></Prtry></RltdPties><RmtInf><Strd><AddtlRmtInf>NO REF</AddtlRmtInf></Strd><Strd><AddtlRmtInf>S&amp;U CARE LIM//CAREUK247</AddtlRmtInf></Strd></RmtInf><RltdDts><TxDtTm>2018-09-21T08:29:07</TxDtTm></RltdDts><AddtlTxInf>0437390481710290014020180921826404035</AddtlTxInf></TxDtls><AddtlNtryInf>COMPLETE//0000//001//CREDIT</AddtlNtryInf></Ntry><Ntry><Amt Ccy="GBP">50.00</Amt><CdtDbtInd>CRDT</CdtDbtInd><Sts>BOOK</Sts><BookgDt><Dt>2018-09-21</Dt></BookgDt><BkTxCd><Prtry><Cd>SIP UKBA CR 40269</Cd></Prtry></BkTxCd><TxDtls><Refs><EndToEndId>PPWD00000000AOZHKK</EndToEndId><TxId>PPWD00000000AOZHKK</TxId></Refs><RltdPties><Dbtr><Nm>PayPal</Nm><PstlAdr><AdrLine>2211 N 1st Street San Jose CA 95131</AdrLine><Ctry/></PstlAdr></Dbtr><DbtrAcct><Id><PrtryAcct><Id>23526278959595</Id></PrtryAcct></Id></DbtrAcct><Cdtr><Nm>Soulful Records Ltd</Nm><PstlAdr><AdrLine>27 Commercial Street</AdrLine><Ctry/></PstlAdr></Cdtr><CdtrAcct><Id><PrtryAcct><Id>23008200035140</Id></PrtryAcct></Id></CdtrAcct><Prtry><Tp>PPWDL5FNJ2AL9B24RC</Tp><Pty/></Prtry></RltdPties><RmtInf><Strd><RfrdDocInf><RfrdDocTp><Prtry>002</Prtry></RfrdDocTp></RfrdDocInf><AddtlRmtInf>NO REF</AddtlRmtInf></Strd><Strd><AddtlRmtInf>PayPal//PPWDL5FNJ2AL9B24RC</AddtlRmtInf></Strd></RmtInf><RltdDts><TxDtTm>2018-09-21T08:29:59</TxDtTm></RltdDts><AddtlTxInf>PPWD00000000AOZHKK1020180921826235262</AddtlTxInf></TxDtls><AddtlNtryInf>COMPLETE//0000//001//CREDIT</AddtlNtryInf></Ntry></Ntfctn></BkToCstmrDbtCdtNtfctnV01></Document>