<?xml version="1.0" encoding="UTF-8"?><Document xmlns:xsi="http://www.w3.org/2001/XMLSchema-instance" xmlns="urn:iso:std:iso:20022:tech:xsd:camt.054.001.01"><BkToCstmrDbtCdtNtfctnV01><GrpHdr><MsgId>80309K//12986</MsgId><CreDtTm>2018-09-17T22:30:00</CreDtTm></GrpHdr><Ntfctn><Id>80309K//12986//1</Id><CreDtTm>2018-09-17T22:30:00</CreDtTm><Acct><Id><PrtryAcct><Id>20594233939774</Id></PrtryAcct></Id><Ccy>GBP</Ccy></Acct><TxsSummry><TtlNtries><NbOfNtries>2</NbOfNtries><Sum>72.75</Sum></TtlNtries><TtlCdtNtries><NbOfNtries>2</NbOfNtries><Sum>72.75</Sum></TtlCdtNtries><TtlDbtNtries><NbOfNtries>0</NbOfNtries><Sum>0.00</Sum></TtlDbtNtries></TxsSummry><Ntry><Amt Ccy="GBP">22.75</Amt><CdtDbtInd>CRDT</CdtDbtInd><Sts>BOOK</Sts><BookgDt><Dt>2018-09-18</Dt></BookgDt><BkTxCd><Prtry><Cd>SIP UKBA CR 40269</Cd></Prtry></BkTxCd><TxDtls><Refs><EndToEndId>NOREF</EndToEndId><TxId>300000000393254137</TxId></Refs><RltdPties><Dbtr><Nm>G Forgacs</Nm></Dbtr><DbtrAcct><Id><PrtryAcct><Id>11643518832662</Id></PrtryAcct></Id></DbtrAcct><Cdtr><Nm>ALEX</Nm></Cdtr><CdtrAcct><Id><PrtryAcct><Id>23008200223742</Id></PrtryAcct></Id></CdtrAcct><Prtry><Tp>FOOD SHARE</Tp><Pty/></Prtry></RltdPties><RmtInf><Strd><AddtlRmtInf>NO REF</AddtlRmtInf></Strd><Strd><AddtlRmtInf>G Forgacs//FOOD SHARE</AddtlRmtInf></Strd></RmtInf><RltdDts><TxDtTm>2018-09-17T22:15:09</TxDtTm></RltdDts><AddtlTxInf>3000000003932541371020180917826116435</AddtlTxInf></TxDtls><AddtlNtryInf>COMPLETE//0000//003//CREDIT</AddtlNtryInf></Ntry><Ntry><Amt Ccy="GBP">50.00</Amt><CdtDbtInd>CRDT</CdtDbtInd><Sts>BOOK</Sts><BookgDt><Dt>2018-09-18</Dt></BookgDt><BkTxCd><Prtry><Cd>SIP UKBA CR 40269</Cd></Prtry></BkTxCd><TxDtls><Refs><EndToEndId>A</EndToEndId><TxId>55222134715697000N</TxId><Prtry><Tp>STO REF</Tp><Ref>0000</Ref></Prtry></Refs><RltdPties><Dbtr><Nm>WALLIS R &amp; J</Nm></Dbtr><DbtrAcct><Id><PrtryAcct><Id>60164884072547</Id></PrtryAcct></Id></DbtrAcct><Cdtr><Nm>J W</Nm></Cdtr><CdtrAcct><Id><PrtryAcct><Id>23008200235123</Id></PrtryAcct></Id></CdtrAcct><Prtry><Tp>A</Tp><Pty/></Prtry></RltdPties><RmtInf><Strd><AddtlRmtInf>WALLIS R &amp; J      A                 VIA MOBILE - LVP</AddtlRmtInf></Strd><Strd><AddtlRmtInf>WALLIS R &amp; J//A</AddtlRmtInf></Strd></RmtInf><RltdDts><TxDtTm>2018-09-17T22:21:35</TxDtTm></RltdDts><AddtlTxInf>55222134715697000N1020180917826601648</AddtlTxInf></TxDtls><AddtlNtryInf>COMPLETE//0000//003//CREDIT</AddtlNtryInf></Ntry></Ntfctn></BkToCstmrDbtCdtNtfctnV01></Document>