<?xml version="1.0" encoding="UTF-8"?><Document xmlns:xsi="http://www.w3.org/2001/XMLSchema-instance" xmlns="urn:iso:std:iso:20022:tech:xsd:camt.054.001.01"><BkToCstmrDbtCdtNtfctnV01><GrpHdr><MsgId>80309K//13013</MsgId><CreDtTm>2018-09-18T14:00:00</CreDtTm></GrpHdr><Ntfctn><Id>80309K//13013//1</Id><CreDtTm>2018-09-18T14:00:00</CreDtTm><Acct><Id><PrtryAcct><Id>20594233939774</Id></PrtryAcct></Id><Ccy>GBP</Ccy></Acct><TxsSummry><TtlNtries><NbOfNtries>6</NbOfNtries><Sum>635.92</Sum></TtlNtries><TtlCdtNtries><NbOfNtries>6</NbOfNtries><Sum>635.92</Sum></TtlCdtNtries><TtlDbtNtries><NbOfNtries>0</NbOfNtries><Sum>0.00</Sum></TtlDbtNtries></TxsSummry><Ntry><Amt Ccy="GBP">35.00</Amt><CdtDbtInd>CRDT</CdtDbtInd><Sts>BOOK</Sts><BookgDt><Dt>2018-09-18</Dt></BookgDt><BkTxCd><Prtry><Cd>SIP UKBA CR 40269</Cd></Prtry></BkTxCd><TxDtls><Refs><EndToEndId>00151795632BBHWHVP</EndToEndId><TxId>00151795632BBHWHVP</TxId></Refs><RltdPties><Dbtr><Nm>JOHN DICKENS</Nm></Dbtr><DbtrAcct><Id><PrtryAcct><Id>09012832114974</Id></PrtryAcct></Id></DbtrAcct><Cdtr><Nm>JD 683</Nm></Cdtr><CdtrAcct><Id><PrtryAcct><Id>23008200225081</Id></PrtryAcct></Id></CdtrAcct><Prtry><Tp>JD 683</Tp><Pty/></Prtry></RltdPties><RmtInf><Strd><AddtlRmtInf>NO REF</AddtlRmtInf></Strd><Strd><AddtlRmtInf>JOHN DICKENS//JD 683</AddtlRmtInf></Strd></RmtInf><RltdDts><TxDtTm>2018-09-18T13:30:04</TxDtTm></RltdDts><AddtlTxInf>00151795632BBHWHVP1020180918826090128</AddtlTxInf></TxDtls><AddtlNtryInf>COMPLETE//0000//002//CREDIT</AddtlNtryInf></Ntry><Ntry><Amt Ccy="GBP">363.52</Amt><CdtDbtInd>CRDT</CdtDbtInd><Sts>BOOK</Sts><BookgDt><Dt>2018-09-18</Dt></BookgDt><BkTxCd><Prtry><Cd>SIP UKBA CR 40269</Cd></Prtry></BkTxCd><TxDtls><Refs><EndToEndId>NOREF</EndToEndId><TxId>551652011331819001</TxId><Prtry><Tp>STO REF</Tp><Ref>0000</Ref></Prtry></Refs><RltdPties><Dbtr><Nm>DE MARC&amp;FITZ</Nm></Dbtr><DbtrAcct><Id><PrtryAcct><Id>40082871819496</Id></PrtryAcct></Id></DbtrAcct><Cdtr><Nm>Digital Monster</Nm></Cdtr><CdtrAcct><Id><PrtryAcct><Id>23008200041167</Id></PrtryAcct></Id></CdtrAcct><Prtry><Tp>DE M10</Tp><Pty/></Prtry></RltdPties><RmtInf><Strd><AddtlRmtInf>NO REF</AddtlRmtInf></Strd><Strd><AddtlRmtInf>DE MARC&amp;FITZ//DE M10</AddtlRmtInf></Strd></RmtInf><RltdDts><TxDtTm>2018-09-18T13:31:10</TxDtTm></RltdDts><AddtlTxInf>5516520113318190011020180918826400828</AddtlTxInf></TxDtls><AddtlNtryInf>COMPLETE//0000//002//CREDIT</AddtlNtryInf></Ntry><Ntry><Amt Ccy="GBP">14.30</Amt><CdtDbtInd>CRDT</CdtDbtInd><Sts>BOOK</Sts><BookgDt><Dt>2018-09-18</Dt></BookgDt><BkTxCd><Prtry><Cd>SIP UKBA CR 40269</Cd></Prtry></BkTxCd><TxDtls><Refs><EndToEndId>PPWD00000000AO9FQ6</EndToEndId><TxId>PPWD00000000AO9FQ6</TxId></Refs><RltdPties><Dbtr><Nm>PayPal</Nm><PstlAdr><AdrLine>2211 N 1st Street San Jose CA 95131</AdrLine><Ctry/></PstlAdr></Dbtr><DbtrAcct><Id><PrtryAcct><Id>23526278959595</Id></PrtryAcct></Id></DbtrAcct><Cdtr><Nm>Richard Christopher McVitty</Nm><PstlAdr><AdrLine>20 Colburn Avenue</AdrLine><Ctry/></PstlAdr></Cdtr><CdtrAcct><Id><PrtryAcct><Id>23008200223901</Id></PrtryAcct></Id></CdtrAcct><Prtry><Tp>PPWDL4W7J2AL6RDF26</Tp><Pty/></Prtry></RltdPties><RmtInf><Strd><RfrdDocInf><RfrdDocTp><Prtry>002</Prtry></RfrdDocTp></RfrdDocInf><AddtlRmtInf>NO REF</AddtlRmtInf></Strd><Strd><AddtlRmtInf>PayPal//PPWDL4W7J2AL6RDF26</AddtlRmtInf></Strd></RmtInf><RltdDts><TxDtTm>2018-09-18T13:39:11</TxDtTm></RltdDts><AddtlTxInf>PPWD00000000AO9FQ61020180918826235262</AddtlTxInf></TxDtls><AddtlNtryInf>COMPLETE//0000//002//CREDIT</AddtlNtryInf></Ntry><Ntry><Amt Ccy="GBP">200.00</Amt><CdtDbtInd>CRDT</CdtDbtInd><Sts>BOOK</Sts><BookgDt><Dt>2018-09-18</Dt></BookgDt><BkTxCd><Prtry><Cd>SIP UKBA CR 40269</Cd></Prtry></BkTxCd><TxDtls><Refs><EndToEndId>NOREF</EndToEndId><TxId>RP4679961664131800</TxId></Refs><RltdPties><Dbtr><Nm>WHITE CHRISTOPHE</Nm></Dbtr><DbtrAcct><Id><PrtryAcct><Id>20709483520781</Id></PrtryAcct></Id></DbtrAcct><Cdtr><Nm>CHRISTOPHER WHITE</Nm></Cdtr><CdtrAcct><Id><PrtryAcct><Id>23008200292739</Id></PrtryAcct></Id></CdtrAcct><Prtry><Tp>MONEY</Tp><Pty/></Prtry></RltdPties><RmtInf><Strd><AddtlRmtInf>NO REF</AddtlRmtInf></Strd><Strd><AddtlRmtInf>WHITE CHRISTOPHE//MONEY</AddtlRmtInf></Strd></RmtInf><RltdDts><TxDtTm>2018-09-18T13:43:02</TxDtTm></RltdDts><AddtlTxInf>RP46799616641318001020180918826200026</AddtlTxInf></TxDtls><AddtlNtryInf>COMPLETE//0000//002//CREDIT</AddtlNtryInf></Ntry><Ntry><Amt Ccy="GBP">8.10</Amt><CdtDbtInd>CRDT</CdtDbtInd><Sts>BOOK</Sts><BookgDt><Dt>2018-09-18</Dt></BookgDt><BkTxCd><Prtry><Cd>SIP UKBA CR 40269</Cd></Prtry></BkTxCd><TxDtls><Refs><EndToEndId>00151092632BBJJTGB</EndToEndId><TxId>00151092632BBJJTGB</TxId></Refs><RltdPties><Dbtr><Nm>HAZEL CORE</Nm></Dbtr><DbtrAcct><Id><PrtryAcct><Id>09012834385390</Id></PrtryAcct></Id></DbtrAcct><Cdtr><Nm>ARRO CARD</Nm></Cdtr><CdtrAcct><Id><PrtryAcct><Id>23008200014496</Id></PrtryAcct></Id></CdtrAcct><Prtry><Tp>phone bill</Tp><Pty/></Prtry></RltdPties><RmtInf><Strd><AddtlRmtInf>NO REF</AddtlRmtInf></Strd><Strd><AddtlRmtInf>HAZEL CORE//phone bill</AddtlRmtInf></Strd></RmtInf><RltdDts><TxDtTm>2018-09-18T13:45:21</TxDtTm></RltdDts><AddtlTxInf>00151092632BBJJTGB1020180918826090128</AddtlTxInf></TxDtls><AddtlNtryInf>COMPLETE//0000//002//CREDIT</AddtlNtryInf></Ntry><Ntry><Amt Ccy="GBP">15.00</Amt><CdtDbtInd>CRDT</CdtDbtInd><Sts>BOOK</Sts><BookgDt><Dt>2018-09-18</Dt></BookgDt><BkTxCd><Prtry><Cd>STO UKBA CR 40267</Cd></Prtry></BkTxCd><TxDtls><Refs><EndToEndId>NOREF</EndToEndId><TxId>02134941673870000N</TxId><Prtry><Tp>STO REF</Tp><Ref>0002</Ref></Prtry></Refs><RltdPties><Dbtr><Nm>MISS JOANNE L WALK</Nm></Dbtr><DbtrAcct><Id><PrtryAcct><Id>60045313518798</Id></PrtryAcct></Id></DbtrAcct><Cdtr><Nm>MISS J L WALKER</Nm></Cdtr><CdtrAcct><Id><PrtryAcct><Id>23008200316937</Id></PrtryAcct></Id></CdtrAcct><Prtry><Tp>ID 0406901002</Tp><Pty/></Prtry></RltdPties><RmtInf><Strd><AddtlRmtInf>MISS JOANNE L WALK</AddtlRmtInf></Strd><Strd><AddtlRmtInf>MISS JOANNE L WALK//ID 0406901002</AddtlRmtInf></Strd></RmtInf><RltdDts><TxDtTm>2018-09-18T13:49:47</TxDtTm></RltdDts><AddtlTxInf>02134941673870000N3020180918826600453</AddtlTxInf></TxDtls><AddtlNtryInf>COMPLETE//0000//002//CREDIT</AddtlNtryInf></Ntry></Ntfctn></BkToCstmrDbtCdtNtfctnV01></Document>