<?xml version="1.0" encoding="UTF-8"?><Document xmlns:xsi="http://www.w3.org/2001/XMLSchema-instance" xmlns="urn:iso:std:iso:20022:tech:xsd:camt.054.001.01"><BkToCstmrDbtCdtNtfctnV01><GrpHdr><MsgId>80309K//13006</MsgId><CreDtTm>2018-09-18T10:30:00</CreDtTm></GrpHdr><Ntfctn><Id>80309K//13006//1</Id><CreDtTm>2018-09-18T10:30:00</CreDtTm><Acct><Id><PrtryAcct><Id>20594233939774</Id></PrtryAcct></Id><Ccy>GBP</Ccy></Acct><TxsSummry><TtlNtries><NbOfNtries>7</NbOfNtries><Sum>1056.37</Sum></TtlNtries><TtlCdtNtries><NbOfNtries>7</NbOfNtries><Sum>1056.37</Sum></TtlCdtNtries><TtlDbtNtries><NbOfNtries>0</NbOfNtries><Sum>0.00</Sum></TtlDbtNtries></TxsSummry><Ntry><Amt Ccy="GBP">10.00</Amt><CdtDbtInd>CRDT</CdtDbtInd><Sts>BOOK</Sts><BookgDt><Dt>2018-09-18</Dt></BookgDt><BkTxCd><Prtry><Cd>SIP UKBA CR 40269</Cd></Prtry></BkTxCd><TxDtls><Refs><EndToEndId>PPWD00000000AO78O2</EndToEndId><TxId>PPWD00000000AO78O2</TxId></Refs><RltdPties><Dbtr><Nm>PayPal</Nm><PstlAdr><AdrLine>2211 N 1st Street San Jose CA 95131</AdrLine><Ctry/></PstlAdr></Dbtr><DbtrAcct><Id><PrtryAcct><Id>23526278959595</Id></PrtryAcct></Id></DbtrAcct><Cdtr><Nm>shaun rowley</Nm><PstlAdr><AdrLine>18 Chaucer Road</AdrLine><Ctry/></PstlAdr></Cdtr><CdtrAcct><Id><PrtryAcct><Id>23008200195443</Id></PrtryAcct></Id></CdtrAcct><Prtry><Tp>PPWDL5RP22AL6MYE2U</Tp><Pty/></Prtry></RltdPties><RmtInf><Strd><RfrdDocInf><RfrdDocTp><Prtry>002</Prtry></RfrdDocTp></RfrdDocInf><AddtlRmtInf>NO REF</AddtlRmtInf></Strd><Strd><AddtlRmtInf>PayPal//PPWDL5RP22AL6MYE2U</AddtlRmtInf></Strd></RmtInf><RltdDts><TxDtTm>2018-09-18T10:07:55</TxDtTm></RltdDts><AddtlTxInf>PPWD00000000AO78O21020180918826235262</AddtlTxInf></TxDtls><AddtlNtryInf>COMPLETE//0000//001//CREDIT</AddtlNtryInf></Ntry><Ntry><Amt Ccy="GBP">500.00</Amt><CdtDbtInd>CRDT</CdtDbtInd><Sts>BOOK</Sts><BookgDt><Dt>2018-09-18</Dt></BookgDt><BkTxCd><Prtry><Cd>SIP UKBA CR 40269</Cd></Prtry></BkTxCd><TxDtls><Refs><EndToEndId>NOREF</EndToEndId><TxId>451725104101819001</TxId><Prtry><Tp>STO REF</Tp><Ref>0000</Ref></Prtry></Refs><RltdPties><Dbtr><Nm>W TRANS AND</Nm></Dbtr><DbtrAcct><Id><PrtryAcct><Id>40350484103602</Id></PrtryAcct></Id></DbtrAcct><Cdtr><Nm>T T SENENGE</Nm></Cdtr><CdtrAcct><Id><PrtryAcct><Id>23008200297504</Id></PrtryAcct></Id></CdtrAcct><Prtry><Tp>LEND</Tp><Pty/></Prtry></RltdPties><RmtInf><Strd><AddtlRmtInf>NO REF</AddtlRmtInf></Strd><Strd><AddtlRmtInf>W TRANS AND//LEND</AddtlRmtInf></Strd></RmtInf><RltdDts><TxDtTm>2018-09-18T10:14:01</TxDtTm></RltdDts><AddtlTxInf>4517251041018190011020180918826403504</AddtlTxInf></TxDtls><AddtlNtryInf>COMPLETE//0000//001//CREDIT</AddtlNtryInf></Ntry><Ntry><Amt Ccy="GBP">380.37</Amt><CdtDbtInd>CRDT</CdtDbtInd><Sts>BOOK</Sts><BookgDt><Dt>2018-09-18</Dt></BookgDt><BkTxCd><Prtry><Cd>SIP UKBA CR 40269</Cd></Prtry></BkTxCd><TxDtls><Refs><EndToEndId>PPWD00000000AO7AYM</EndToEndId><TxId>PPWD00000000AO7AYM</TxId></Refs><RltdPties><Dbtr><Nm>PayPal</Nm><PstlAdr><AdrLine>2211 N 1st Street San Jose CA 95131</AdrLine><Ctry/></PstlAdr></Dbtr><DbtrAcct><Id><PrtryAcct><Id>23526278959595</Id></PrtryAcct></Id></DbtrAcct><Cdtr><Nm>Peter Parker</Nm><PstlAdr><AdrLine>Bradshaw Lane Fern Bank Farm,Bradsh</AdrLine><AdrLine>aw Lane</AdrLine><Ctry/></PstlAdr></Cdtr><CdtrAcct><Id><PrtryAcct><Id>23008200446234</Id></PrtryAcct></Id></CdtrAcct><Prtry><Tp>PPWDL5ZJJ2AL6N3XYJ</Tp><Pty/></Prtry></RltdPties><RmtInf><Strd><RfrdDocInf><RfrdDocTp><Prtry>002</Prtry></RfrdDocTp></RfrdDocInf><AddtlRmtInf>NO REF</AddtlRmtInf></Strd><Strd><AddtlRmtInf>PayPal//PPWDL5ZJJ2AL6N3XYJ</AddtlRmtInf></Strd></RmtInf><RltdDts><TxDtTm>2018-09-18T10:14:02</TxDtTm></RltdDts><AddtlTxInf>PPWD00000000AO7AYM1020180918826235262</AddtlTxInf></TxDtls><AddtlNtryInf>COMPLETE//0000//001//CREDIT</AddtlNtryInf></Ntry><Ntry><Amt Ccy="GBP">30.00</Amt><CdtDbtInd>CRDT</CdtDbtInd><Sts>BOOK</Sts><BookgDt><Dt>2018-09-18</Dt></BookgDt><BkTxCd><Prtry><Cd>SIP UKBA CR 40269</Cd></Prtry></BkTxCd><TxDtls><Refs><EndToEndId>PPWD00000000AO79RI</EndToEndId><TxId>PPWD00000000AO79RI</TxId></Refs><RltdPties><Dbtr><Nm>PayPal</Nm><PstlAdr><AdrLine>2211 N 1st Street San Jose CA 95131</AdrLine><Ctry/></PstlAdr></Dbtr><DbtrAcct><Id><PrtryAcct><Id>23526278959595</Id></PrtryAcct></Id></DbtrAcct><Cdtr><Nm>shaun rowley</Nm><PstlAdr><AdrLine>18 Chaucer Road</AdrLine><Ctry/></PstlAdr></Cdtr><CdtrAcct><Id><PrtryAcct><Id>23008200195443</Id></PrtryAcct></Id></CdtrAcct><Prtry><Tp>PPWDL5RP22AL5RWSAJ</Tp><Pty/></Prtry></RltdPties><RmtInf><Strd><RfrdDocInf><RfrdDocTp><Prtry>002</Prtry></RfrdDocTp></RfrdDocInf><AddtlRmtInf>NO REF</AddtlRmtInf></Strd><Strd><AddtlRmtInf>PayPal//PPWDL5RP22AL5RWSAJ</AddtlRmtInf></Strd></RmtInf><RltdDts><TxDtTm>2018-09-18T10:15:55</TxDtTm></RltdDts><AddtlTxInf>PPWD00000000AO79RI1020180918826235262</AddtlTxInf></TxDtls><AddtlNtryInf>COMPLETE//0000//001//CREDIT</AddtlNtryInf></Ntry><Ntry><Amt Ccy="GBP">37.00</Amt><CdtDbtInd>CRDT</CdtDbtInd><Sts>BOOK</Sts><BookgDt><Dt>2018-09-18</Dt></BookgDt><BkTxCd><Prtry><Cd>SIP UKBA CR 40269</Cd></Prtry></BkTxCd><TxDtls><Refs><EndToEndId>00156249632BBDGGRX</EndToEndId><TxId>00156249632BBDGGRX</TxId></Refs><RltdPties><Dbtr><Nm>MILAN BRABLEC</Nm></Dbtr><DbtrAcct><Id><PrtryAcct><Id>09012927637573</Id></PrtryAcct></Id></DbtrAcct><Cdtr><Nm>NIKOLAS</Nm></Cdtr><CdtrAcct><Id><PrtryAcct><Id>23008200343785</Id></PrtryAcct></Id></CdtrAcct><Prtry><Tp>water bill share</Tp><Pty/></Prtry></RltdPties><RmtInf><Strd><AddtlRmtInf>NO REF</AddtlRmtInf></Strd><Strd><AddtlRmtInf>MILAN BRABLEC//water bill share</AddtlRmtInf></Strd></RmtInf><RltdDts><TxDtTm>2018-09-18T10:18:35</TxDtTm></RltdDts><AddtlTxInf>00156249632BBDGGRX1020180918826090129</AddtlTxInf></TxDtls><AddtlNtryInf>COMPLETE//0000//001//CREDIT</AddtlNtryInf></Ntry><Ntry><Amt Ccy="GBP">55.00</Amt><CdtDbtInd>CRDT</CdtDbtInd><Sts>BOOK</Sts><BookgDt><Dt>2018-09-18</Dt></BookgDt><BkTxCd><Prtry><Cd>DCA UKBA CR 40269</Cd></Prtry></BkTxCd><TxDtls><Refs><EndToEndId>NOREF</EndToEndId><TxId>000000013592029201</TxId><Prtry><Tp>STO REF</Tp><Ref>0000</Ref></Prtry></Refs><RltdPties><Dbtr><Nm>SCOTTISH POLICE CU</Nm></Dbtr><DbtrAcct><Id><PrtryAcct><Id>20337060349216</Id></PrtryAcct></Id></DbtrAcct><Cdtr><Nm>THOMAS RITCHIE</Nm></Cdtr><CdtrAcct><Id><PrtryAcct><Id>23008200189989</Id></PrtryAcct></Id></CdtrAcct><Prtry><Tp>13751</Tp><Pty/></Prtry></RltdPties><RmtInf><Strd><AddtlRmtInf>NO REF</AddtlRmtInf></Strd><Strd><AddtlRmtInf>SCOTTISH POLICE CU//13751</AddtlRmtInf></Strd></RmtInf><RltdDts><TxDtTm>2018-09-18T10:22:46</TxDtTm></RltdDts><AddtlTxInf>0000000135920292015020180918826203370</AddtlTxInf></TxDtls><AddtlNtryInf>COMPLETE//0000//001//CREDIT</AddtlNtryInf></Ntry><Ntry><Amt Ccy="GBP">44.00</Amt><CdtDbtInd>CRDT</CdtDbtInd><Sts>BOOK</Sts><BookgDt><Dt>2018-09-18</Dt></BookgDt><BkTxCd><Prtry><Cd>SIP UKBA CR 40269</Cd></Prtry></BkTxCd><TxDtls><Refs><EndToEndId>00151267632BBDZQCM</EndToEndId><TxId>00151267632BBDZQCM</TxId></Refs><RltdPties><Dbtr><Nm>CLARE FARMER</Nm></Dbtr><DbtrAcct><Id><PrtryAcct><Id>09012679511277</Id></PrtryAcct></Id></DbtrAcct><Cdtr><Nm>BENEDICT ARRO</Nm></Cdtr><CdtrAcct><Id><PrtryAcct><Id>23008200209247</Id></PrtryAcct></Id></CdtrAcct><Prtry><Tp>Household</Tp><Pty/></Prtry></RltdPties><RmtInf><Strd><AddtlRmtInf>NO REF</AddtlRmtInf></Strd><Strd><AddtlRmtInf>CLARE FARMER//Household</AddtlRmtInf></Strd></RmtInf><RltdDts><TxDtTm>2018-09-18T10:28:52</TxDtTm></RltdDts><AddtlTxInf>00151267632BBDZQCM1020180918826090126</AddtlTxInf></TxDtls><AddtlNtryInf>COMPLETE//0000//001//CREDIT</AddtlNtryInf></Ntry></Ntfctn></BkToCstmrDbtCdtNtfctnV01></Document>