<?xml version="1.0" encoding="UTF-8"?><Document xmlns:xsi="http://www.w3.org/2001/XMLSchema-instance" xmlns="urn:iso:std:iso:20022:tech:xsd:camt.054.001.01"><BkToCstmrDbtCdtNtfctnV01><GrpHdr><MsgId>80309K//13102</MsgId><CreDtTm>2018-09-20T14:30:00</CreDtTm></GrpHdr><Ntfctn><Id>80309K//13102//1</Id><CreDtTm>2018-09-20T14:30:00</CreDtTm><Acct><Id><PrtryAcct><Id>20594233939774</Id></PrtryAcct></Id><Ccy>GBP</Ccy></Acct><TxsSummry><TtlNtries><NbOfNtries>11</NbOfNtries><Sum>1327.86</Sum></TtlNtries><TtlCdtNtries><NbOfNtries>11</NbOfNtries><Sum>1327.86</Sum></TtlCdtNtries><TtlDbtNtries><NbOfNtries>0</NbOfNtries><Sum>0.00</Sum></TtlDbtNtries></TxsSummry><Ntry><Amt Ccy="GBP">10.50</Amt><CdtDbtInd>CRDT</CdtDbtInd><Sts>BOOK</Sts><BookgDt><Dt>2018-09-20</Dt></BookgDt><BkTxCd><Prtry><Cd>SIP UKBA CR 40269</Cd></Prtry></BkTxCd><TxDtls><Refs><EndToEndId>NOREF</EndToEndId><TxId>100000000388667839</TxId></Refs><RltdPties><Dbtr><Nm>R Tew</Nm></Dbtr><DbtrAcct><Id><PrtryAcct><Id>11087201487113</Id></PrtryAcct></Id></DbtrAcct><Cdtr><Nm>RUSSELL TEW</Nm></Cdtr><CdtrAcct><Id><PrtryAcct><Id>23008200160614</Id></PrtryAcct></Id></CdtrAcct></RltdPties><RmtInf><Strd><AddtlRmtInf>NO REF</AddtlRmtInf></Strd><Strd><AddtlRmtInf>R Tew//</AddtlRmtInf></Strd></RmtInf><RltdDts><TxDtTm>2018-09-20T14:01:35</TxDtTm></RltdDts><AddtlTxInf>1000000003886678391020180920826110872</AddtlTxInf></TxDtls><AddtlNtryInf>COMPLETE//0000//002//CREDIT</AddtlNtryInf></Ntry><Ntry><Amt Ccy="GBP">74.50</Amt><CdtDbtInd>CRDT</CdtDbtInd><Sts>BOOK</Sts><BookgDt><Dt>2018-09-20</Dt></BookgDt><BkTxCd><Prtry><Cd>SIP UKBA CR 40269</Cd></Prtry></BkTxCd><TxDtls><Refs><EndToEndId>NOREF</EndToEndId><TxId>500000000390325943</TxId></Refs><RltdPties><DbtrAcct><Id><PrtryAcct><Id>30988500706204</Id></PrtryAcct></Id></DbtrAcct><CdtrAcct><Id><PrtryAcct><Id>23008200223303</Id></PrtryAcct></Id></CdtrAcct><Prtry><Tp>IAN DAVIES</Tp><Pty/></Prtry></RltdPties><RmtInf><Strd><AddtlRmtInf>NO REF</AddtlRmtInf></Strd><Strd><AddtlRmtInf>309885 00706204//IAN DAVIES</AddtlRmtInf></Strd></RmtInf><RltdDts><TxDtTm>2018-09-20T14:03:05</TxDtTm></RltdDts><AddtlTxInf>5000000003903259431020180920826309885</AddtlTxInf></TxDtls><AddtlNtryInf>COMPLETE//0000//002//CREDIT</AddtlNtryInf></Ntry><Ntry><Amt Ccy="GBP">37.50</Amt><CdtDbtInd>CRDT</CdtDbtInd><Sts>BOOK</Sts><BookgDt><Dt>2018-09-20</Dt></BookgDt><BkTxCd><Prtry><Cd>SIP UKBA CR 40269</Cd></Prtry></BkTxCd><TxDtls><Refs><EndToEndId>00156234632BBFKZFS</EndToEndId><TxId>00156234632BBFKZFS</TxId></Refs><RltdPties><Dbtr><Nm>PAUL BATHER</Nm></Dbtr><DbtrAcct><Id><PrtryAcct><Id>09013614725682</Id></PrtryAcct></Id></DbtrAcct><Cdtr><Nm>BAEMMS LTD</Nm></Cdtr><CdtrAcct><Id><PrtryAcct><Id>23008200223303</Id></PrtryAcct></Id></CdtrAcct><Prtry><Tp>Paul Bather</Tp><Pty/></Prtry></RltdPties><RmtInf><Strd><AddtlRmtInf>NO REF</AddtlRmtInf></Strd><Strd><AddtlRmtInf>PAUL BATHER//Paul Bather</AddtlRmtInf></Strd></RmtInf><RltdDts><TxDtTm>2018-09-20T14:07:07</TxDtTm></RltdDts><AddtlTxInf>00156234632BBFKZFS1020180920826090136</AddtlTxInf></TxDtls><AddtlNtryInf>COMPLETE//0000//002//CREDIT</AddtlNtryInf></Ntry><Ntry><Amt Ccy="GBP">0.01</Amt><CdtDbtInd>CRDT</CdtDbtInd><Sts>BOOK</Sts><BookgDt><Dt>2018-09-20</Dt></BookgDt><BkTxCd><Prtry><Cd>SIP UKBA CR 40269</Cd></Prtry></BkTxCd><TxDtls><Refs><EndToEndId>PPRD00000000AOT81C</EndToEndId><TxId>PPRD00000000AOT81C</TxId></Refs><RltdPties><Dbtr><Nm>PAYPAL CODE 9134</Nm><PstlAdr><AdrLine>2211 N 1st Street San Jose CA 95131</AdrLine><Ctry/></PstlAdr></Dbtr><DbtrAcct><Id><PrtryAcct><Id>23526285010101</Id></PrtryAcct></Id></DbtrAcct><Cdtr><Nm>Donna Howe</Nm><PstlAdr><AdrLine>65 Caer Haf</AdrLine><Ctry/></PstlAdr></Cdtr><CdtrAcct><Id><PrtryAcct><Id>23008200194396</Id></PrtryAcct></Id></CdtrAcct><Prtry><Tp>PAYPAL CODE 9134</Tp><Pty/></Prtry></RltdPties><RmtInf><Strd><RfrdDocInf><RfrdDocTp><Prtry>002</Prtry></RfrdDocTp></RfrdDocInf><AddtlRmtInf>NO REF</AddtlRmtInf></Strd><Strd><AddtlRmtInf>PAYPAL CODE 9134//PAYPAL CODE 9134</AddtlRmtInf></Strd></RmtInf><RltdDts><TxDtTm>2018-09-20T14:07:56</TxDtTm></RltdDts><AddtlTxInf>PPRD00000000AOT81C1020180920826235262</AddtlTxInf></TxDtls><AddtlNtryInf>COMPLETE//0000//002//CREDIT</AddtlNtryInf></Ntry><Ntry><Amt Ccy="GBP">25.00</Amt><CdtDbtInd>CRDT</CdtDbtInd><Sts>BOOK</Sts><BookgDt><Dt>2018-09-20</Dt></BookgDt><BkTxCd><Prtry><Cd>SIP UKBA CR 40269</Cd></Prtry></BkTxCd><TxDtls><Refs><EndToEndId>NOREF</EndToEndId><TxId>RP4659984930280100</TxId></Refs><RltdPties><Dbtr><Nm>GREEN AP</Nm></Dbtr><DbtrAcct><Id><PrtryAcct><Id>20502190578428</Id></PrtryAcct></Id></DbtrAcct><Cdtr><Nm>ARRO CARD</Nm></Cdtr><CdtrAcct><Id><PrtryAcct><Id>23008200381084</Id></PrtryAcct></Id></CdtrAcct><Prtry><Tp>ARROCARD</Tp><Pty/></Prtry></RltdPties><RmtInf><Strd><AddtlRmtInf>NO REF</AddtlRmtInf></Strd><Strd><AddtlRmtInf>GREEN AP//ARROCARD</AddtlRmtInf></Strd></RmtInf><RltdDts><TxDtTm>2018-09-20T14:22:09</TxDtTm></RltdDts><AddtlTxInf>RP46599849302801001020180920826200026</AddtlTxInf></TxDtls><AddtlNtryInf>COMPLETE//0000//002//CREDIT</AddtlNtryInf></Ntry><Ntry><Amt Ccy="GBP">137.03</Amt><CdtDbtInd>CRDT</CdtDbtInd><Sts>BOOK</Sts><BookgDt><Dt>2018-09-20</Dt></BookgDt><BkTxCd><Prtry><Cd>SIP UKBA CR 40269</Cd></Prtry></BkTxCd><TxDtls><Refs><EndToEndId>PRS RECRUITMENT</EndToEndId><TxId>15142401099668000N</TxId><Prtry><Tp>STO REF</Tp><Ref>0000</Ref></Prtry></Refs><RltdPties><Dbtr><Nm>CLARE MA</Nm></Dbtr><DbtrAcct><Id><PrtryAcct><Id>54104016129156</Id></PrtryAcct></Id></DbtrAcct><Cdtr><Nm>BRIAN HARLEY</Nm></Cdtr><CdtrAcct><Id><PrtryAcct><Id>23008200398153</Id></PrtryAcct></Id></CdtrAcct><Prtry><Tp>PRS RECRUITMENT</Tp><Pty/></Prtry></RltdPties><RmtInf><Strd><AddtlRmtInf>CLARE MA          PRS RECRUITMENT   VIA ONLINE - PYMT</AddtlRmtInf></Strd><Strd><AddtlRmtInf>CLARE MA//PRS RECRUITMENT</AddtlRmtInf></Strd></RmtInf><RltdDts><TxDtTm>2018-09-20T14:24:01</TxDtTm></RltdDts><AddtlTxInf>15142401099668000N1020180920826541040</AddtlTxInf></TxDtls><AddtlNtryInf>COMPLETE//0000//002//CREDIT</AddtlNtryInf></Ntry><Ntry><Amt Ccy="GBP">100.00</Amt><CdtDbtInd>CRDT</CdtDbtInd><Sts>BOOK</Sts><BookgDt><Dt>2018-09-20</Dt></BookgDt><BkTxCd><Prtry><Cd>SIP UKBA CR 40269</Cd></Prtry></BkTxCd><TxDtls><Refs><EndToEndId>WASHINGTON COMMS</EndToEndId><TxId>22142827472853000N</TxId><Prtry><Tp>STO REF</Tp><Ref>0000</Ref></Prtry></Refs><RltdPties><Dbtr><Nm>C K WASHINGTON</Nm></Dbtr><DbtrAcct><Id><PrtryAcct><Id>01063945141444</Id></PrtryAcct></Id></DbtrAcct><Cdtr><Nm>PETER WASHINGTON</Nm></Cdtr><CdtrAcct><Id><PrtryAcct><Id>23008200378937</Id></PrtryAcct></Id></CdtrAcct><Prtry><Tp>WASHINGTON COMMS</Tp><Pty/></Prtry></RltdPties><RmtInf><Strd><AddtlRmtInf>C K WASHINGTON    WASHINGTON COMMS  VIA MOBILE - PYMT</AddtlRmtInf></Strd><Strd><AddtlRmtInf>C K WASHINGTON//WASHINGTON COMMS</AddtlRmtInf></Strd></RmtInf><RltdDts><TxDtTm>2018-09-20T14:28:27</TxDtTm></RltdDts><AddtlTxInf>22142827472853000N1020180920826010639</AddtlTxInf></TxDtls><AddtlNtryInf>COMPLETE//0000//002//CREDIT</AddtlNtryInf></Ntry><Ntry><Amt Ccy="GBP">332.08</Amt><CdtDbtInd>CRDT</CdtDbtInd><Sts>BOOK</Sts><BookgDt><Dt>2018-09-20</Dt></BookgDt><BkTxCd><Prtry><Cd>FDP UKBA CR 40269</Cd></Prtry></BkTxCd><TxDtls><Refs><EndToEndId>00150469632BBZNKSK</EndToEndId><TxId>00150469632BBZNKSK</TxId></Refs><RltdPties><Dbtr><Nm>BACKOFFICE ONE LIMITED</Nm></Dbtr><DbtrAcct><Id><PrtryAcct><Id>09022210605642</Id></PrtryAcct></Id></DbtrAcct><Cdtr><Nm>S Jamie</Nm></Cdtr><CdtrAcct><Id><PrtryAcct><Id>23008200005681</Id></PrtryAcct></Id></CdtrAcct><Prtry><Tp>2S3016351</Tp><Pty/></Prtry></RltdPties><RmtInf><Strd><AddtlRmtInf>NO REF</AddtlRmtInf></Strd><Strd><AddtlRmtInf>BACKOFFICE ONE LIM//2S3016351</AddtlRmtInf></Strd></RmtInf><RltdDts><TxDtTm>2018-09-20T14:28:34</TxDtTm></RltdDts><AddtlTxInf>00150469632BBZNKSK4020180920826090222</AddtlTxInf></TxDtls><AddtlNtryInf>COMPLETE//0000//002//CREDIT</AddtlNtryInf></Ntry><Ntry><Amt Ccy="GBP">270.13</Amt><CdtDbtInd>CRDT</CdtDbtInd><Sts>BOOK</Sts><BookgDt><Dt>2018-09-20</Dt></BookgDt><BkTxCd><Prtry><Cd>FDP UKBA CR 40269</Cd></Prtry></BkTxCd><TxDtls><Refs><EndToEndId>00150469632BBZNKSJ</EndToEndId><TxId>00150469632BBZNKSJ</TxId></Refs><RltdPties><Dbtr><Nm>BACKOFFICE ONE LIMITED</Nm></Dbtr><DbtrAcct><Id><PrtryAcct><Id>09022210605642</Id></PrtryAcct></Id></DbtrAcct><Cdtr><Nm>A Rucareanu</Nm></Cdtr><CdtrAcct><Id><PrtryAcct><Id>23008200377208</Id></PrtryAcct></Id></CdtrAcct><Prtry><Tp>2S3018204</Tp><Pty/></Prtry></RltdPties><RmtInf><Strd><AddtlRmtInf>NO REF</AddtlRmtInf></Strd><Strd><AddtlRmtInf>BACKOFFICE ONE LIM//2S3018204</AddtlRmtInf></Strd></RmtInf><RltdDts><TxDtTm>2018-09-20T14:28:35</TxDtTm></RltdDts><AddtlTxInf>00150469632BBZNKSJ4020180920826090222</AddtlTxInf></TxDtls><AddtlNtryInf>COMPLETE//0000//002//CREDIT</AddtlNtryInf></Ntry><Ntry><Amt Ccy="GBP">292.11</Amt><CdtDbtInd>CRDT</CdtDbtInd><Sts>BOOK</Sts><BookgDt><Dt>2018-09-20</Dt></BookgDt><BkTxCd><Prtry><Cd>FDP UKBA CR 40269</Cd></Prtry></BkTxCd><TxDtls><Refs><EndToEndId>00150469632BBZNKSL</EndToEndId><TxId>00150469632BBZNKSL</TxId></Refs><RltdPties><Dbtr><Nm>BACKOFFICE ONE LIMITED</Nm></Dbtr><DbtrAcct><Id><PrtryAcct><Id>09022210605642</Id></PrtryAcct></Id></DbtrAcct><Cdtr><Nm>R Bendik</Nm></Cdtr><CdtrAcct><Id><PrtryAcct><Id>23008200370059</Id></PrtryAcct></Id></CdtrAcct><Prtry><Tp>2S3010205</Tp><Pty/></Prtry></RltdPties><RmtInf><Strd><AddtlRmtInf>NO REF</AddtlRmtInf></Strd><Strd><AddtlRmtInf>BACKOFFICE ONE LIM//2S3010205</AddtlRmtInf></Strd></RmtInf><RltdDts><TxDtTm>2018-09-20T14:28:35</TxDtTm></RltdDts><AddtlTxInf>00150469632BBZNKSL4020180920826090222</AddtlTxInf></TxDtls><AddtlNtryInf>COMPLETE//0000//002//CREDIT</AddtlNtryInf></Ntry><Ntry><Amt Ccy="GBP">49.00</Amt><CdtDbtInd>CRDT</CdtDbtInd><Sts>BOOK</Sts><BookgDt><Dt>2018-09-20</Dt></BookgDt><BkTxCd><Prtry><Cd>SIP UKBA CR 40269</Cd></Prtry></BkTxCd><TxDtls><Refs><EndToEndId>PPWD00000000AOTFD6</EndToEndId><TxId>PPWD00000000AOTFD6</TxId></Refs><RltdPties><Dbtr><Nm>PayPal</Nm><PstlAdr><AdrLine>2211 N 1st Street San Jose CA 95131</AdrLine><Ctry/></PstlAdr></Dbtr><DbtrAcct><Id><PrtryAcct><Id>23526278959595</Id></PrtryAcct></Id></DbtrAcct><Cdtr><Nm>Richard Christopher McVitty</Nm><PstlAdr><AdrLine>20 Colburn Avenue</AdrLine><Ctry/></PstlAdr></Cdtr><CdtrAcct><Id><PrtryAcct><Id>23008200223901</Id></PrtryAcct></Id></CdtrAcct><Prtry><Tp>PPWDL4W7J2AL8LG8XS</Tp><Pty/></Prtry></RltdPties><RmtInf><Strd><RfrdDocInf><RfrdDocTp><Prtry>002</Prtry></RfrdDocTp></RfrdDocInf><AddtlRmtInf>NO REF</AddtlRmtInf></Strd><Strd><AddtlRmtInf>PayPal//PPWDL4W7J2AL8LG8XS</AddtlRmtInf></Strd></RmtInf><RltdDts><TxDtTm>2018-09-20T14:29:06</TxDtTm></RltdDts><AddtlTxInf>PPWD00000000AOTFD61020180920826235262</AddtlTxInf></TxDtls><AddtlNtryInf>COMPLETE//0000//002//CREDIT</AddtlNtryInf></Ntry></Ntfctn></BkToCstmrDbtCdtNtfctnV01></Document>