<?xml version="1.0" encoding="UTF-8"?><Document xmlns:xsi="http://www.w3.org/2001/XMLSchema-instance" xmlns="urn:iso:std:iso:20022:tech:xsd:camt.054.001.01"><BkToCstmrDbtCdtNtfctnV01><GrpHdr><MsgId>80309K//12746</MsgId><CreDtTm>2018-09-12T10:30:00</CreDtTm></GrpHdr><Ntfctn><Id>80309K//12746//1</Id><CreDtTm>2018-09-12T10:30:00</CreDtTm><Acct><Id><PrtryAcct><Id>20594233939774</Id></PrtryAcct></Id><Ccy>GBP</Ccy></Acct><TxsSummry><TtlNtries><NbOfNtries>6</NbOfNtries><Sum>3174.00</Sum></TtlNtries><TtlCdtNtries><NbOfNtries>6</NbOfNtries><Sum>3174.00</Sum></TtlCdtNtries><TtlDbtNtries><NbOfNtries>0</NbOfNtries><Sum>0.00</Sum></TtlDbtNtries></TxsSummry><Ntry><Amt Ccy="GBP">60.00</Amt><CdtDbtInd>CRDT</CdtDbtInd><Sts>BOOK</Sts><BookgDt><Dt>2018-09-12</Dt></BookgDt><BkTxCd><Prtry><Cd>SIP UKBA CR 40269</Cd></Prtry></BkTxCd><TxDtls><Refs><EndToEndId>NOREF</EndToEndId><TxId>500000000388061968</TxId></Refs><RltdPties><Dbtr><Nm>S Bishop</Nm></Dbtr><DbtrAcct><Id><PrtryAcct><Id>77130900002269</Id></PrtryAcct></Id></DbtrAcct><Cdtr><Nm>BAEMMS</Nm></Cdtr><CdtrAcct><Id><PrtryAcct><Id>23008200223303</Id></PrtryAcct></Id></CdtrAcct><Prtry><Tp>MR STEPHEN BISHOP</Tp><Pty/></Prtry></RltdPties><RmtInf><Strd><AddtlRmtInf>NO REF</AddtlRmtInf></Strd><Strd><AddtlRmtInf>S Bishop//MR STEPHEN BISHOP</AddtlRmtInf></Strd></RmtInf><RltdDts><TxDtTm>2018-09-12T10:02:41</TxDtTm></RltdDts><AddtlTxInf>5000000003880619681020180912826771309</AddtlTxInf></TxDtls><AddtlNtryInf>COMPLETE//0000//001//CREDIT</AddtlNtryInf></Ntry><Ntry><Amt Ccy="GBP">499.00</Amt><CdtDbtInd>CRDT</CdtDbtInd><Sts>BOOK</Sts><BookgDt><Dt>2018-09-12</Dt></BookgDt><BkTxCd><Prtry><Cd>SIP UKBA CR 40269</Cd></Prtry></BkTxCd><TxDtls><Refs><EndToEndId>NOREF</EndToEndId><TxId>500000000388062580</TxId></Refs><RltdPties><Dbtr><Nm>K Butt</Nm></Dbtr><DbtrAcct><Id><PrtryAcct><Id>11082701317076</Id></PrtryAcct></Id></DbtrAcct><Cdtr><Nm>KJR LINE</Nm></Cdtr><CdtrAcct><Id><PrtryAcct><Id>23008200223382</Id></PrtryAcct></Id></CdtrAcct><Prtry><Tp>12743</Tp><Pty/></Prtry></RltdPties><RmtInf><Strd><AddtlRmtInf>NO REF</AddtlRmtInf></Strd><Strd><AddtlRmtInf>K Butt//12743</AddtlRmtInf></Strd></RmtInf><RltdDts><TxDtTm>2018-09-12T10:05:14</TxDtTm></RltdDts><AddtlTxInf>5000000003880625801020180912826110827</AddtlTxInf></TxDtls><AddtlNtryInf>COMPLETE//0000//001//CREDIT</AddtlNtryInf></Ntry><Ntry><Amt Ccy="GBP">175.00</Amt><CdtDbtInd>CRDT</CdtDbtInd><Sts>BOOK</Sts><BookgDt><Dt>2018-09-12</Dt></BookgDt><BkTxCd><Prtry><Cd>DCA UKBA CR 40269</Cd></Prtry></BkTxCd><TxDtls><Refs><EndToEndId>NOREF</EndToEndId><TxId>000000013543355001</TxId><Prtry><Tp>STO REF</Tp><Ref>0000</Ref></Prtry></Refs><RltdPties><Dbtr><Nm>23327201561444</Nm></Dbtr><DbtrAcct><Id><PrtryAcct><Id>20594263428524</Id></PrtryAcct></Id></DbtrAcct><Cdtr><Nm>PATRIK DEMETER</Nm></Cdtr><CdtrAcct><Id><PrtryAcct><Id>23008200412094</Id></PrtryAcct></Id></CdtrAcct><Prtry><Tp>PATRIK DEMETER</Tp><Pty/></Prtry></RltdPties><RmtInf><Strd><AddtlRmtInf>NO REF</AddtlRmtInf></Strd><Strd><AddtlRmtInf>23327201561444//PATRIK DEMETER</AddtlRmtInf></Strd></RmtInf><RltdDts><TxDtTm>2018-09-12T10:17:08</TxDtTm></RltdDts><AddtlTxInf>0000000135433550015020180912826205942</AddtlTxInf></TxDtls><AddtlNtryInf>COMPLETE//0000//001//CREDIT</AddtlNtryInf></Ntry><Ntry><Amt Ccy="GBP">10.00</Amt><CdtDbtInd>CRDT</CdtDbtInd><Sts>BOOK</Sts><BookgDt><Dt>2018-09-12</Dt></BookgDt><BkTxCd><Prtry><Cd>SIP UKBA CR 40269</Cd></Prtry></BkTxCd><TxDtls><Refs><EndToEndId>NOREF</EndToEndId><TxId>RP4679961195175200</TxId></Refs><RltdPties><Dbtr><Nm>MURRAY A</Nm></Dbtr><DbtrAcct><Id><PrtryAcct><Id>20253650771422</Id></PrtryAcct></Id></DbtrAcct><Cdtr><Nm>AARON NEW</Nm></Cdtr><CdtrAcct><Id><PrtryAcct><Id>23008200313840</Id></PrtryAcct></Id></CdtrAcct><Prtry><Tp>ANNA</Tp><Pty/></Prtry></RltdPties><RmtInf><Strd><AddtlRmtInf>NO REF</AddtlRmtInf></Strd><Strd><AddtlRmtInf>MURRAY A//ANNA</AddtlRmtInf></Strd></RmtInf><RltdDts><TxDtTm>2018-09-12T10:23:08</TxDtTm></RltdDts><AddtlTxInf>RP46799611951752001020180912826200026</AddtlTxInf></TxDtls><AddtlNtryInf>COMPLETE//0000//001//CREDIT</AddtlNtryInf></Ntry><Ntry><Amt Ccy="GBP">2400.00</Amt><CdtDbtInd>CRDT</CdtDbtInd><Sts>BOOK</Sts><BookgDt><Dt>2018-09-12</Dt></BookgDt><BkTxCd><Prtry><Cd>SIP UKBA CR 40269</Cd></Prtry></BkTxCd><TxDtls><Refs><EndToEndId>NOREF</EndToEndId><TxId>500000000388067287</TxId></Refs><RltdPties><DbtrAcct><Id><PrtryAcct><Id>11046514293162</Id></PrtryAcct></Id></DbtrAcct><CdtrAcct><Id><PrtryAcct><Id>23008200040314</Id></PrtryAcct></Id></CdtrAcct><Prtry><Tp>OLA LIVERPOOL</Tp><Pty/></Prtry></RltdPties><RmtInf><Strd><AddtlRmtInf>NO REF</AddtlRmtInf></Strd><Strd><AddtlRmtInf>110465 14293162//OLA LIVERPOOL</AddtlRmtInf></Strd></RmtInf><RltdDts><TxDtTm>2018-09-12T10:23:42</TxDtTm></RltdDts><AddtlTxInf>5000000003880672871020180912826110465</AddtlTxInf></TxDtls><AddtlNtryInf>COMPLETE//0000//001//CREDIT</AddtlNtryInf></Ntry><Ntry><Amt Ccy="GBP">30.00</Amt><CdtDbtInd>CRDT</CdtDbtInd><Sts>BOOK</Sts><BookgDt><Dt>2018-09-12</Dt></BookgDt><BkTxCd><Prtry><Cd>SIP UKBA CR 40269</Cd></Prtry></BkTxCd><TxDtls><Refs><EndToEndId>NOREF</EndToEndId><TxId>FP18255O17537374</TxId></Refs><RltdPties><Dbtr><Nm>Goudman Alan</Nm></Dbtr><DbtrAcct><Id><PrtryAcct><Id>07043632065561</Id></PrtryAcct></Id></DbtrAcct><Cdtr><Nm>MR A V GOUDMAN</Nm></Cdtr><CdtrAcct><Id><PrtryAcct><Id>23008200387583</Id></PrtryAcct></Id></CdtrAcct><Prtry><Tp>DAD</Tp><Pty/></Prtry></RltdPties><RmtInf><Strd><AddtlRmtInf>NO REF</AddtlRmtInf></Strd><Strd><AddtlRmtInf>Goudman Alan//DAD</AddtlRmtInf></Strd></RmtInf><RltdDts><TxDtTm>2018-09-12T10:23:47</TxDtTm></RltdDts><AddtlTxInf>FP18255O17537374  1020180912826070436</AddtlTxInf></TxDtls><AddtlNtryInf>COMPLETE//0000//001//CREDIT</AddtlNtryInf></Ntry></Ntfctn></BkToCstmrDbtCdtNtfctnV01></Document>