<?xml version="1.0" encoding="UTF-8"?><Document xmlns:xsi="http://www.w3.org/2001/XMLSchema-instance" xmlns="urn:iso:std:iso:20022:tech:xsd:camt.054.001.01"><BkToCstmrDbtCdtNtfctnV01><GrpHdr><MsgId>80309K//13050</MsgId><CreDtTm>2018-09-19T11:30:00</CreDtTm></GrpHdr><Ntfctn><Id>80309K//13050//1</Id><CreDtTm>2018-09-19T11:30:00</CreDtTm><Acct><Id><PrtryAcct><Id>20594233939774</Id></PrtryAcct></Id><Ccy>GBP</Ccy></Acct><TxsSummry><TtlNtries><NbOfNtries>8</NbOfNtries><Sum>5443.89</Sum></TtlNtries><TtlCdtNtries><NbOfNtries>5</NbOfNtries><Sum>1333.00</Sum></TtlCdtNtries><TtlDbtNtries><NbOfNtries>3</NbOfNtries><Sum>4110.89</Sum></TtlDbtNtries></TxsSummry><Ntry><Amt Ccy="GBP">80.00</Amt><CdtDbtInd>CRDT</CdtDbtInd><Sts>BOOK</Sts><BookgDt><Dt>2018-09-19</Dt></BookgDt><BkTxCd><Prtry><Cd>SIP UKBA CR 40269</Cd></Prtry></BkTxCd><TxDtls><Refs><EndToEndId>MONEY OWED</EndToEndId><TxId>08110024073780000N</TxId><Prtry><Tp>STO REF</Tp><Ref>0000</Ref></Prtry></Refs><RltdPties><Dbtr><Nm>STOKES KS</Nm></Dbtr><DbtrAcct><Id><PrtryAcct><Id>60021061188271</Id></PrtryAcct></Id></DbtrAcct><Cdtr><Nm>EMMA</Nm></Cdtr><CdtrAcct><Id><PrtryAcct><Id>23008200312158</Id></PrtryAcct></Id></CdtrAcct><Prtry><Tp>MONEY OWED</Tp><Pty/></Prtry></RltdPties><RmtInf><Strd><AddtlRmtInf>STOKES KS         MONEY OWED        VIA MOBILE - LVP</AddtlRmtInf></Strd><Strd><AddtlRmtInf>STOKES KS//MONEY OWED</AddtlRmtInf></Strd></RmtInf><RltdDts><TxDtTm>2018-09-19T11:00:24</TxDtTm></RltdDts><AddtlTxInf>08110024073780000N1020180919826600210</AddtlTxInf></TxDtls><AddtlNtryInf>COMPLETE//0000//001//CREDIT</AddtlNtryInf></Ntry><Ntry><Amt Ccy="GBP">9.46</Amt><CdtDbtInd>DBIT</CdtDbtInd><Sts>BOOK</Sts><BookgDt><Dt>2018-09-19</Dt></BookgDt><BkTxCd><Prtry><Cd>AUT UKBA DR 30278</Cd></Prtry></BkTxCd><TxDtls><Refs><TxId>000000000337096600</TxId></Refs><RltdPties><DbtrAcct><Id><PrtryAcct><Id>20594233939774</Id></PrtryAcct></Id></DbtrAcct></RltdPties><RmtInf><Strd><AddtlRmtInf>NO REF</AddtlRmtInf></Strd><Strd><AddtlRmtInf>20180919A44639//7S      F123E4I906</AddtlRmtInf></Strd></RmtInf><RltdDts><TxDtTm>2018-09-19T11:01:40</TxDtTm></RltdDts><AddtlTxInf>0000000003370966000020180919826205942</AddtlTxInf></TxDtls><AddtlNtryInf>AUTHSENT//0000//001//DEBIT</AddtlNtryInf></Ntry><Ntry><Amt Ccy="GBP">2129.43</Amt><CdtDbtInd>DBIT</CdtDbtInd><Sts>BOOK</Sts><BookgDt><Dt>2018-09-19</Dt></BookgDt><BkTxCd><Prtry><Cd>AUT UKBA DR 30278</Cd></Prtry></BkTxCd><TxDtls><Refs><TxId>000000000337096700</TxId></Refs><RltdPties><DbtrAcct><Id><PrtryAcct><Id>20594233939774</Id></PrtryAcct></Id></DbtrAcct></RltdPties><RmtInf><Strd><AddtlRmtInf>NO REF</AddtlRmtInf></Strd><Strd><AddtlRmtInf>20180919A44639//7S      F123E15904</AddtlRmtInf></Strd></RmtInf><RltdDts><TxDtTm>2018-09-19T11:01:47</TxDtTm></RltdDts><AddtlTxInf>0000000003370967000020180919826205942</AddtlTxInf></TxDtls><AddtlNtryInf>AUTHSENT//0000//001//DEBIT</AddtlNtryInf></Ntry><Ntry><Amt Ccy="GBP">1972.00</Amt><CdtDbtInd>DBIT</CdtDbtInd><Sts>BOOK</Sts><BookgDt><Dt>2018-09-19</Dt></BookgDt><BkTxCd><Prtry><Cd>AUT UKBA DR 30278</Cd></Prtry></BkTxCd><TxDtls><Refs><TxId>000000000337096800</TxId></Refs><RltdPties><DbtrAcct><Id><PrtryAcct><Id>20594233939774</Id></PrtryAcct></Id></DbtrAcct></RltdPties><RmtInf><Strd><AddtlRmtInf>NO REF</AddtlRmtInf></Strd><Strd><AddtlRmtInf>20180919A44639//7S      F121J2H902</AddtlRmtInf></Strd></RmtInf><RltdDts><TxDtTm>2018-09-19T11:01:59</TxDtTm></RltdDts><AddtlTxInf>0000000003370968000020180919826205942</AddtlTxInf></TxDtls><AddtlNtryInf>AUTHSENT//0000//001//DEBIT</AddtlNtryInf></Ntry><Ntry><Amt Ccy="GBP">135.00</Amt><CdtDbtInd>CRDT</CdtDbtInd><Sts>BOOK</Sts><BookgDt><Dt>2018-09-19</Dt></BookgDt><BkTxCd><Prtry><Cd>DCA UKBA CR 40269</Cd></Prtry></BkTxCd><TxDtls><Refs><EndToEndId>NOREF</EndToEndId><TxId>000000013606584401</TxId><Prtry><Tp>STO REF</Tp><Ref>0000</Ref></Prtry></Refs><RltdPties><Dbtr><Nm>23630701306409</Nm></Dbtr><DbtrAcct><Id><PrtryAcct><Id>20594243523659</Id></PrtryAcct></Id></DbtrAcct><Cdtr><Nm>NICHOLAS BENTLEY</Nm></Cdtr><CdtrAcct><Id><PrtryAcct><Id>23008200293503</Id></PrtryAcct></Id></CdtrAcct><Prtry><Tp>UP</Tp><Pty/></Prtry></RltdPties><RmtInf><Strd><AddtlRmtInf>NO REF</AddtlRmtInf></Strd><Strd><AddtlRmtInf>23630701306409//UP</AddtlRmtInf></Strd></RmtInf><RltdDts><TxDtTm>2018-09-19T11:17:04</TxDtTm></RltdDts><AddtlTxInf>0000000136065844015020180919826205942</AddtlTxInf></TxDtls><AddtlNtryInf>COMPLETE//0000//001//CREDIT</AddtlNtryInf></Ntry><Ntry><Amt Ccy="GBP">117.00</Amt><CdtDbtInd>CRDT</CdtDbtInd><Sts>BOOK</Sts><BookgDt><Dt>2018-09-19</Dt></BookgDt><BkTxCd><Prtry><Cd>SIP UKBA CR 40269</Cd></Prtry></BkTxCd><TxDtls><Refs><EndToEndId>NOREF</EndToEndId><TxId>100000000388321374</TxId></Refs><RltdPties><Dbtr><Nm>U Ugochukwu</Nm></Dbtr><DbtrAcct><Id><PrtryAcct><Id>77912920110860</Id></PrtryAcct></Id></DbtrAcct><Cdtr><Nm>PHILOMILLION LTD</Nm></Cdtr><CdtrAcct><Id><PrtryAcct><Id>23008200033343</Id></PrtryAcct></Id></CdtrAcct><Prtry><Tp>GOODS</Tp><Pty/></Prtry></RltdPties><RmtInf><Strd><AddtlRmtInf>NO REF</AddtlRmtInf></Strd><Strd><AddtlRmtInf>U Ugochukwu//GOODS</AddtlRmtInf></Strd></RmtInf><RltdDts><TxDtTm>2018-09-19T11:20:29</TxDtTm></RltdDts><AddtlTxInf>1000000003883213741020180919826779129</AddtlTxInf></TxDtls><AddtlNtryInf>COMPLETE//0000//001//CREDIT</AddtlNtryInf></Ntry><Ntry><Amt Ccy="GBP">1000.00</Amt><CdtDbtInd>CRDT</CdtDbtInd><Sts>BOOK</Sts><BookgDt><Dt>2018-09-19</Dt></BookgDt><BkTxCd><Prtry><Cd>DCA UKBA CR 40269</Cd></Prtry></BkTxCd><TxDtls><Refs><EndToEndId>NOREF</EndToEndId><TxId>000000013606671801</TxId><Prtry><Tp>STO REF</Tp><Ref>8026</Ref></Prtry></Refs><RltdPties><Dbtr><Nm>V AUBUNUDJE</Nm></Dbtr><DbtrAcct><Id><PrtryAcct><Id>20035373152596</Id></PrtryAcct></Id></DbtrAcct><Cdtr><Nm>MAUREEN NWAOKOLO</Nm></Cdtr><CdtrAcct><Id><PrtryAcct><Id>23008200145329</Id></PrtryAcct></Id></CdtrAcct><Prtry><Tp>AVBUNUDJE</Tp><Pty/></Prtry></RltdPties><RmtInf><Strd><AddtlRmtInf>NO REF</AddtlRmtInf></Strd><Strd><AddtlRmtInf>V AUBUNUDJE//AVBUNUDJE</AddtlRmtInf></Strd></RmtInf><RltdDts><TxDtTm>2018-09-19T11:22:10</TxDtTm></RltdDts><AddtlTxInf>0000000136066718015020180919826200353</AddtlTxInf></TxDtls><AddtlNtryInf>COMPLETE//0000//001//CREDIT</AddtlNtryInf></Ntry><Ntry><Amt Ccy="GBP">1.00</Amt><CdtDbtInd>CRDT</CdtDbtInd><Sts>BOOK</Sts><BookgDt><Dt>2018-09-19</Dt></BookgDt><BkTxCd><Prtry><Cd>DCA UKBA CR 40269</Cd></Prtry></BkTxCd><TxDtls><Refs><EndToEndId>NOREF</EndToEndId><TxId>000000013606693501</TxId><Prtry><Tp>STO REF</Tp><Ref>0000</Ref></Prtry></Refs><RltdPties><Dbtr><Nm>AAAAAAA</Nm></Dbtr><DbtrAcct><Id><PrtryAcct><Id>20594233674975</Id></PrtryAcct></Id></DbtrAcct><Cdtr><Nm>INGRID CLEARY</Nm></Cdtr><CdtrAcct><Id><PrtryAcct><Id>23008200181069</Id></PrtryAcct></Id></CdtrAcct><Prtry><Tp>L022024</Tp><Pty/></Prtry></RltdPties><RmtInf><Strd><AddtlRmtInf>NO REF</AddtlRmtInf></Strd><Strd><AddtlRmtInf>AAAAAAA//L022024</AddtlRmtInf></Strd></RmtInf><RltdDts><TxDtTm>2018-09-19T11:22:35</TxDtTm></RltdDts><AddtlTxInf>0000000136066935015020180919826205942</AddtlTxInf></TxDtls><AddtlNtryInf>COMPLETE//0000//001//CREDIT</AddtlNtryInf></Ntry></Ntfctn></BkToCstmrDbtCdtNtfctnV01></Document>