<?xml version="1.0" encoding="UTF-8"?><Document xmlns:xsi="http://www.w3.org/2001/XMLSchema-instance" xmlns="urn:iso:std:iso:20022:tech:xsd:camt.054.001.01"><BkToCstmrDbtCdtNtfctnV01><GrpHdr><MsgId>80309K//12269</MsgId><CreDtTm>2018-09-01T09:30:00</CreDtTm></GrpHdr><Ntfctn><Id>80309K//12269//1</Id><CreDtTm>2018-09-01T09:30:00</CreDtTm><Acct><Id><PrtryAcct><Id>20594233939774</Id></PrtryAcct></Id><Ccy>GBP</Ccy></Acct><TxsSummry><TtlNtries><NbOfNtries>1</NbOfNtries><Sum>15.00</Sum></TtlNtries><TtlCdtNtries><NbOfNtries>1</NbOfNtries><Sum>15.00</Sum></TtlCdtNtries><TtlDbtNtries><NbOfNtries>0</NbOfNtries><Sum>0.00</Sum></TtlDbtNtries></TxsSummry><Ntry><Amt Ccy="GBP">15.00</Amt><CdtDbtInd>CRDT</CdtDbtInd><Sts>BOOK</Sts><BookgDt><Dt>2018-09-03</Dt></BookgDt><BkTxCd><Prtry><Cd>SIP UKBA CR 40269</Cd></Prtry></BkTxCd><TxDtls><Refs><EndToEndId>NOREF</EndToEndId><TxId>200000000382930276</TxId></Refs><RltdPties><Dbtr><Nm>O O&apos;Brien</Nm></Dbtr><DbtrAcct><Id><PrtryAcct><Id>11086610606669</Id></PrtryAcct></Id></DbtrAcct><Cdtr><Nm>JOSH LEONARD</Nm></Cdtr><CdtrAcct><Id><PrtryAcct><Id>23008200298291</Id></PrtryAcct></Id></CdtrAcct><Prtry><Tp>CAR</Tp><Pty/></Prtry></RltdPties><RmtInf><Strd><AddtlRmtInf>NO REF</AddtlRmtInf></Strd><Strd><AddtlRmtInf>O O&apos;Brien//CAR</AddtlRmtInf></Strd></RmtInf><RltdDts><TxDtTm>2018-09-01T09:19:14</TxDtTm></RltdDts><AddtlTxInf>2000000003829302761020180901826110866</AddtlTxInf></TxDtls><AddtlNtryInf>COMPLETE//0000//003//CREDIT</AddtlNtryInf></Ntry></Ntfctn></BkToCstmrDbtCdtNtfctnV01></Document>