<?xml version="1.0" encoding="UTF-8"?><Document xmlns:xsi="http://www.w3.org/2001/XMLSchema-instance" xmlns="urn:iso:std:iso:20022:tech:xsd:camt.054.001.01"><BkToCstmrDbtCdtNtfctnV01><GrpHdr><MsgId>80309K//13061</MsgId><CreDtTm>2018-09-19T17:00:00</CreDtTm></GrpHdr><Ntfctn><Id>80309K//13061//1</Id><CreDtTm>2018-09-19T17:00:00</CreDtTm><Acct><Id><PrtryAcct><Id>20594233939774</Id></PrtryAcct></Id><Ccy>GBP</Ccy></Acct><TxsSummry><TtlNtries><NbOfNtries>8</NbOfNtries><Sum>1417.51</Sum></TtlNtries><TtlCdtNtries><NbOfNtries>8</NbOfNtries><Sum>1417.51</Sum></TtlCdtNtries><TtlDbtNtries><NbOfNtries>0</NbOfNtries><Sum>0.00</Sum></TtlDbtNtries></TxsSummry><Ntry><Amt Ccy="GBP">20.00</Amt><CdtDbtInd>CRDT</CdtDbtInd><Sts>BOOK</Sts><BookgDt><Dt>2018-09-19</Dt></BookgDt><BkTxCd><Prtry><Cd>SIP UKBA CR 40269</Cd></Prtry></BkTxCd><TxDtls><Refs><EndToEndId>KERRY</EndToEndId><TxId>25163300861883000N</TxId><Prtry><Tp>STO REF</Tp><Ref>0000</Ref></Prtry></Refs><RltdPties><Dbtr><Nm>MORGAN K</Nm></Dbtr><DbtrAcct><Id><PrtryAcct><Id>56005934580840</Id></PrtryAcct></Id></DbtrAcct><Cdtr><Nm>ARRO</Nm></Cdtr><CdtrAcct><Id><PrtryAcct><Id>23008200321741</Id></PrtryAcct></Id></CdtrAcct><Prtry><Tp>KERRY</Tp><Pty/></Prtry></RltdPties><RmtInf><Strd><AddtlRmtInf>MORGAN K          KERRY             VIA ONLINE - PYMT</AddtlRmtInf></Strd><Strd><AddtlRmtInf>MORGAN K//KERRY</AddtlRmtInf></Strd></RmtInf><RltdDts><TxDtTm>2018-09-19T16:33:01</TxDtTm></RltdDts><AddtlTxInf>25163300861883000N1020180919826560059</AddtlTxInf></TxDtls><AddtlNtryInf>COMPLETE//0000//002//CREDIT</AddtlNtryInf></Ntry><Ntry><Amt Ccy="GBP">100.00</Amt><CdtDbtInd>CRDT</CdtDbtInd><Sts>BOOK</Sts><BookgDt><Dt>2018-09-19</Dt></BookgDt><BkTxCd><Prtry><Cd>SIP UKBA CR 40269</Cd></Prtry></BkTxCd><TxDtls><Refs><EndToEndId>PPWD00000000AOKXOG</EndToEndId><TxId>PPWD00000000AOKXOG</TxId></Refs><RltdPties><Dbtr><Nm>PayPal</Nm><PstlAdr><AdrLine>2211 N 1st Street San Jose CA 95131</AdrLine><Ctry/></PstlAdr></Dbtr><DbtrAcct><Id><PrtryAcct><Id>23526278959595</Id></PrtryAcct></Id></DbtrAcct><Cdtr><Nm>gurjeet kaur</Nm><PstlAdr><AdrLine>southall ladymargaret road</AdrLine><Ctry/></PstlAdr></Cdtr><CdtrAcct><Id><PrtryAcct><Id>23008200409220</Id></PrtryAcct></Id></CdtrAcct><Prtry><Tp>PPWDL5CR22AL7S8A7N</Tp><Pty/></Prtry></RltdPties><RmtInf><Strd><RfrdDocInf><RfrdDocTp><Prtry>002</Prtry></RfrdDocTp></RfrdDocInf><AddtlRmtInf>NO REF</AddtlRmtInf></Strd><Strd><AddtlRmtInf>PayPal//PPWDL5CR22AL7S8A7N</AddtlRmtInf></Strd></RmtInf><RltdDts><TxDtTm>2018-09-19T16:38:31</TxDtTm></RltdDts><AddtlTxInf>PPWD00000000AOKXOG1020180919826235262</AddtlTxInf></TxDtls><AddtlNtryInf>COMPLETE//0000//002//CREDIT</AddtlNtryInf></Ntry><Ntry><Amt Ccy="GBP">180.00</Amt><CdtDbtInd>CRDT</CdtDbtInd><Sts>BOOK</Sts><BookgDt><Dt>2018-09-19</Dt></BookgDt><BkTxCd><Prtry><Cd>SIP UKBA CR 40269</Cd></Prtry></BkTxCd><TxDtls><Refs><EndToEndId>NOREF</EndToEndId><TxId>200000000388392918</TxId></Refs><RltdPties><Dbtr><Nm>O Akanji-Olajide</Nm></Dbtr><DbtrAcct><Id><PrtryAcct><Id>30998851681668</Id></PrtryAcct></Id></DbtrAcct><Cdtr><Nm>M</Nm></Cdtr><CdtrAcct><Id><PrtryAcct><Id>23008200427128</Id></PrtryAcct></Id></CdtrAcct></RltdPties><RmtInf><Strd><AddtlRmtInf>NO REF</AddtlRmtInf></Strd><Strd><AddtlRmtInf>O Akanji-Olajide//</AddtlRmtInf></Strd></RmtInf><RltdDts><TxDtTm>2018-09-19T16:47:22</TxDtTm></RltdDts><AddtlTxInf>2000000003883929181020180919826309988</AddtlTxInf></TxDtls><AddtlNtryInf>COMPLETE//0000//002//CREDIT</AddtlNtryInf></Ntry><Ntry><Amt Ccy="GBP">498.00</Amt><CdtDbtInd>CRDT</CdtDbtInd><Sts>BOOK</Sts><BookgDt><Dt>2018-09-19</Dt></BookgDt><BkTxCd><Prtry><Cd>SIP UKBA CR 40269</Cd></Prtry></BkTxCd><TxDtls><Refs><EndToEndId>NOREF</EndToEndId><TxId>180919165030965565</TxId></Refs><RltdPties><Dbtr><Nm>Stanley Fosbeary</Nm></Dbtr><DbtrAcct><Id><PrtryAcct><Id>77300271080460</Id></PrtryAcct></Id></DbtrAcct><Cdtr><Nm>Credit</Nm></Cdtr><CdtrAcct><Id><PrtryAcct><Id>23008200163227</Id></PrtryAcct></Id></CdtrAcct><Prtry><Tp>BILL</Tp><Pty/></Prtry></RltdPties><RmtInf><Strd><AddtlRmtInf>NO REF</AddtlRmtInf></Strd><Strd><AddtlRmtInf>Stanley Fosbeary//BILL</AddtlRmtInf></Strd></RmtInf><RltdDts><TxDtTm>2018-09-19T16:50:28</TxDtTm></RltdDts><AddtlTxInf>1809191650309655651020180919826773002</AddtlTxInf></TxDtls><AddtlNtryInf>COMPLETE//0000//002//CREDIT</AddtlNtryInf></Ntry><Ntry><Amt Ccy="GBP">0.01</Amt><CdtDbtInd>CRDT</CdtDbtInd><Sts>BOOK</Sts><BookgDt><Dt>2018-09-19</Dt></BookgDt><BkTxCd><Prtry><Cd>SIP UKBA CR 40269</Cd></Prtry></BkTxCd><TxDtls><Refs><EndToEndId>PPRD00000000AOL26I</EndToEndId><TxId>PPRD00000000AOL26I</TxId></Refs><RltdPties><Dbtr><Nm>PAYPAL CODE 5008</Nm><PstlAdr><AdrLine>2211 N 1st Street San Jose CA 95131</AdrLine><Ctry/></PstlAdr></Dbtr><DbtrAcct><Id><PrtryAcct><Id>23526285010101</Id></PrtryAcct></Id></DbtrAcct><Cdtr><Nm>John Hicks</Nm><PstlAdr><AdrLine>29 Highfield Road</AdrLine><Ctry/></PstlAdr></Cdtr><CdtrAcct><Id><PrtryAcct><Id>23008200417488</Id></PrtryAcct></Id></CdtrAcct><Prtry><Tp>PAYPAL CODE 5008</Tp><Pty/></Prtry></RltdPties><RmtInf><Strd><RfrdDocInf><RfrdDocTp><Prtry>002</Prtry></RfrdDocTp></RfrdDocInf><AddtlRmtInf>NO REF</AddtlRmtInf></Strd><Strd><AddtlRmtInf>PAYPAL CODE 5008//PAYPAL CODE 5008</AddtlRmtInf></Strd></RmtInf><RltdDts><TxDtTm>2018-09-19T16:51:26</TxDtTm></RltdDts><AddtlTxInf>PPRD00000000AOL26I1020180919826235262</AddtlTxInf></TxDtls><AddtlNtryInf>COMPLETE//0000//002//CREDIT</AddtlNtryInf></Ntry><Ntry><Amt Ccy="GBP">21.50</Amt><CdtDbtInd>CRDT</CdtDbtInd><Sts>BOOK</Sts><BookgDt><Dt>2018-09-19</Dt></BookgDt><BkTxCd><Prtry><Cd>DCA UKBA CR 40269</Cd></Prtry></BkTxCd><TxDtls><Refs><EndToEndId>NOREF</EndToEndId><TxId>000000013612653501</TxId><Prtry><Tp>STO REF</Tp><Ref>8207</Ref></Prtry></Refs><RltdPties><Dbtr><Nm>EVA AMBER DONKER</Nm></Dbtr><DbtrAcct><Id><PrtryAcct><Id>20035373152596</Id></PrtryAcct></Id></DbtrAcct><Cdtr><Nm>IBRAHIM CHATA</Nm></Cdtr><CdtrAcct><Id><PrtryAcct><Id>23008200453901</Id></PrtryAcct></Id></CdtrAcct><Prtry><Tp>IBRAHIM  CHATA</Tp><Pty/></Prtry></RltdPties><RmtInf><Strd><AddtlRmtInf>NO REF</AddtlRmtInf></Strd><Strd><AddtlRmtInf>EVA AMBER DONKER//IBRAHIM  CHATA</AddtlRmtInf></Strd></RmtInf><RltdDts><TxDtTm>2018-09-19T16:52:33</TxDtTm></RltdDts><AddtlTxInf>0000000136126535015020180919826200353</AddtlTxInf></TxDtls><AddtlNtryInf>COMPLETE//0000//002//CREDIT</AddtlNtryInf></Ntry><Ntry><Amt Ccy="GBP">78.00</Amt><CdtDbtInd>CRDT</CdtDbtInd><Sts>BOOK</Sts><BookgDt><Dt>2018-09-19</Dt></BookgDt><BkTxCd><Prtry><Cd>SIP UKBA CR 40269</Cd></Prtry></BkTxCd><TxDtls><Refs><EndToEndId>PPWD00000000AOL44C</EndToEndId><TxId>PPWD00000000AOL44C</TxId></Refs><RltdPties><Dbtr><Nm>PayPal</Nm><PstlAdr><AdrLine>2211 N 1st Street San Jose CA 95131</AdrLine><Ctry/></PstlAdr></Dbtr><DbtrAcct><Id><PrtryAcct><Id>23526278959595</Id></PrtryAcct></Id></DbtrAcct><Cdtr><Nm>Ryan Pothecary</Nm><PstlAdr><AdrLine>31 Pretoria Road</AdrLine><Ctry/></PstlAdr></Cdtr><CdtrAcct><Id><PrtryAcct><Id>23008200395545</Id></PrtryAcct></Id></CdtrAcct><Prtry><Tp>PPWDL5ZPJ2AL7SLB5U</Tp><Pty/></Prtry></RltdPties><RmtInf><Strd><RfrdDocInf><RfrdDocTp><Prtry>002</Prtry></RfrdDocTp></RfrdDocInf><AddtlRmtInf>NO REF</AddtlRmtInf></Strd><Strd><AddtlRmtInf>PayPal//PPWDL5ZPJ2AL7SLB5U</AddtlRmtInf></Strd></RmtInf><RltdDts><TxDtTm>2018-09-19T16:56:55</TxDtTm></RltdDts><AddtlTxInf>PPWD00000000AOL44C1020180919826235262</AddtlTxInf></TxDtls><AddtlNtryInf>COMPLETE//0000//002//CREDIT</AddtlNtryInf></Ntry><Ntry><Amt Ccy="GBP">520.00</Amt><CdtDbtInd>CRDT</CdtDbtInd><Sts>BOOK</Sts><BookgDt><Dt>2018-09-19</Dt></BookgDt><BkTxCd><Prtry><Cd>SIP UKBA CR 40269</Cd></Prtry></BkTxCd><TxDtls><Refs><EndToEndId>NOREF</EndToEndId><TxId>200000000388395151</TxId></Refs><RltdPties><Dbtr><Nm>T Olanrewaju</Nm></Dbtr><DbtrAcct><Id><PrtryAcct><Id>11171300287465</Id></PrtryAcct></Id></DbtrAcct><Cdtr><Nm>TRAVEL SCANNERS</Nm></Cdtr><CdtrAcct><Id><PrtryAcct><Id>23008200449765</Id></PrtryAcct></Id></CdtrAcct><Prtry><Tp>TS 0920</Tp><Pty/></Prtry></RltdPties><RmtInf><Strd><AddtlRmtInf>NO REF</AddtlRmtInf></Strd><Strd><AddtlRmtInf>T Olanrewaju//TS 0920</AddtlRmtInf></Strd></RmtInf><RltdDts><TxDtTm>2018-09-19T16:57:09</TxDtTm></RltdDts><AddtlTxInf>2000000003883951511020180919826111713</AddtlTxInf></TxDtls><AddtlNtryInf>COMPLETE//0000//002//CREDIT</AddtlNtryInf></Ntry></Ntfctn></BkToCstmrDbtCdtNtfctnV01></Document>