<?xml version="1.0" encoding="UTF-8"?><Document xmlns:xsi="http://www.w3.org/2001/XMLSchema-instance" xmlns="urn:iso:std:iso:20022:tech:xsd:camt.054.001.01"><BkToCstmrDbtCdtNtfctnV01><GrpHdr><MsgId>80309K//12738</MsgId><CreDtTm>2018-09-12T06:30:00</CreDtTm></GrpHdr><Ntfctn><Id>80309K//12738//1</Id><CreDtTm>2018-09-12T06:30:00</CreDtTm><Acct><Id><PrtryAcct><Id>20594233939774</Id></PrtryAcct></Id><Ccy>GBP</Ccy></Acct><TxsSummry><TtlNtries><NbOfNtries>2</NbOfNtries><Sum>180.00</Sum></TtlNtries><TtlCdtNtries><NbOfNtries>2</NbOfNtries><Sum>180.00</Sum></TtlCdtNtries><TtlDbtNtries><NbOfNtries>0</NbOfNtries><Sum>0.00</Sum></TtlDbtNtries></TxsSummry><Ntry><Amt Ccy="GBP">160.00</Amt><CdtDbtInd>CRDT</CdtDbtInd><Sts>BOOK</Sts><BookgDt><Dt>2018-09-12</Dt></BookgDt><BkTxCd><Prtry><Cd>SIP UKBA CR 40269</Cd></Prtry></BkTxCd><TxDtls><Refs><EndToEndId>JENNY MOYES</EndToEndId><TxId>44060828408443000R</TxId><Prtry><Tp>STO REF</Tp><Ref>0000</Ref></Prtry></Refs><RltdPties><Dbtr><Nm>MOYES JJ</Nm></Dbtr><DbtrAcct><Id><PrtryAcct><Id>83284000613464</Id></PrtryAcct></Id></DbtrAcct><Cdtr><Nm>BAEMMS</Nm></Cdtr><CdtrAcct><Id><PrtryAcct><Id>23008200223303</Id></PrtryAcct></Id></CdtrAcct><Prtry><Tp>JENNY MOYES</Tp><Pty/></Prtry></RltdPties><RmtInf><Strd><AddtlRmtInf>MOYES JJ          JENNY MOYES       VIA MOBILE - LVP</AddtlRmtInf></Strd><Strd><AddtlRmtInf>MOYES JJ//JENNY MOYES</AddtlRmtInf></Strd></RmtInf><RltdDts><TxDtTm>2018-09-12T06:08:28</TxDtTm></RltdDts><AddtlTxInf>44060828408443000R1020180912826832840</AddtlTxInf></TxDtls><AddtlNtryInf>COMPLETE//0000//003//CREDIT</AddtlNtryInf></Ntry><Ntry><Amt Ccy="GBP">20.00</Amt><CdtDbtInd>CRDT</CdtDbtInd><Sts>BOOK</Sts><BookgDt><Dt>2018-09-12</Dt></BookgDt><BkTxCd><Prtry><Cd>DCA UKBA CR 40269</Cd></Prtry></BkTxCd><TxDtls><Refs><EndToEndId>NOREF</EndToEndId><TxId>000000013542343501</TxId><Prtry><Tp>STO REF</Tp><Ref>9391</Ref></Prtry></Refs><RltdPties><Dbtr><Nm>- TRIPLE  J  INT L</Nm></Dbtr><DbtrAcct><Id><PrtryAcct><Id>20035373152596</Id></PrtryAcct></Id></DbtrAcct><Cdtr><Nm>JAYDEN AROGUNDADE</Nm></Cdtr><CdtrAcct><Id><PrtryAcct><Id>23008200302537</Id></PrtryAcct></Id></CdtrAcct><Prtry><Tp>REFERENCE - TEE</Tp><Pty/></Prtry></RltdPties><RmtInf><Strd><AddtlRmtInf>NO REF</AddtlRmtInf></Strd><Strd><AddtlRmtInf>- TRIPLE  J  INT L//REFERENCE - TEE</AddtlRmtInf></Strd></RmtInf><RltdDts><TxDtTm>2018-09-12T06:21:49</TxDtTm></RltdDts><AddtlTxInf>0000000135423435015020180912826200353</AddtlTxInf></TxDtls><AddtlNtryInf>COMPLETE//0000//003//CREDIT</AddtlNtryInf></Ntry></Ntfctn></BkToCstmrDbtCdtNtfctnV01></Document>