<?xml version="1.0" encoding="UTF-8"?><Document xmlns:xsi="http://www.w3.org/2001/XMLSchema-instance" xmlns="urn:iso:std:iso:20022:tech:xsd:camt.054.001.01"><BkToCstmrDbtCdtNtfctnV01><GrpHdr><MsgId>80309K//12942</MsgId><CreDtTm>2018-09-16T23:00:00</CreDtTm></GrpHdr><Ntfctn><Id>80309K//12942//1</Id><CreDtTm>2018-09-16T23:00:00</CreDtTm><Acct><Id><PrtryAcct><Id>20594233939774</Id></PrtryAcct></Id><Ccy>GBP</Ccy></Acct><TxsSummry><TtlNtries><NbOfNtries>2</NbOfNtries><Sum>265.00</Sum></TtlNtries><TtlCdtNtries><NbOfNtries>2</NbOfNtries><Sum>265.00</Sum></TtlCdtNtries><TtlDbtNtries><NbOfNtries>0</NbOfNtries><Sum>0.00</Sum></TtlDbtNtries></TxsSummry><Ntry><Amt Ccy="GBP">80.00</Amt><CdtDbtInd>CRDT</CdtDbtInd><Sts>BOOK</Sts><BookgDt><Dt>2018-09-17</Dt></BookgDt><BkTxCd><Prtry><Cd>SIP UKBA CR 40269</Cd></Prtry></BkTxCd><TxDtls><Refs><EndToEndId>NOREF</EndToEndId><TxId>FP18259O00968009</TxId></Refs><RltdPties><Dbtr><Nm>Jennings Clare</Nm></Dbtr><DbtrAcct><Id><PrtryAcct><Id>07043642606498</Id></PrtryAcct></Id></DbtrAcct><Cdtr><Nm>BAEMMS</Nm></Cdtr><CdtrAcct><Id><PrtryAcct><Id>23008200223303</Id></PrtryAcct></Id></CdtrAcct><Prtry><Tp>CLARE JENNINGS</Tp><Pty/></Prtry></RltdPties><RmtInf><Strd><AddtlRmtInf>NO REF</AddtlRmtInf></Strd><Strd><AddtlRmtInf>Jennings Clare//CLARE JENNINGS</AddtlRmtInf></Strd></RmtInf><RltdDts><TxDtTm>2018-09-16T22:47:01</TxDtTm></RltdDts><AddtlTxInf>FP18259O00968009  1020180916826070436</AddtlTxInf></TxDtls><AddtlNtryInf>COMPLETE//0000//003//CREDIT</AddtlNtryInf></Ntry><Ntry><Amt Ccy="GBP">185.00</Amt><CdtDbtInd>CRDT</CdtDbtInd><Sts>BOOK</Sts><BookgDt><Dt>2018-09-17</Dt></BookgDt><BkTxCd><Prtry><Cd>SIP UKBA CR 40269</Cd></Prtry></BkTxCd><TxDtls><Refs><EndToEndId>NOREF</EndToEndId><TxId>300000000392878540</TxId></Refs><RltdPties><Dbtr><Nm>STAR GROUP (MIDLAN</Nm></Dbtr><DbtrAcct><Id><PrtryAcct><Id>30908822888068</Id></PrtryAcct></Id></DbtrAcct><Cdtr><Nm>MIKE DUTTON</Nm></Cdtr><CdtrAcct><Id><PrtryAcct><Id>23008200421264</Id></PrtryAcct></Id></CdtrAcct><Prtry><Tp>STAR GROUP MID LTD</Tp><Pty/></Prtry></RltdPties><RmtInf><Strd><AddtlRmtInf>NO REF</AddtlRmtInf></Strd><Strd><AddtlRmtInf>STAR GROUP (MIDLAN//STAR GROUP MID LTD</AddtlRmtInf></Strd></RmtInf><RltdDts><TxDtTm>2018-09-16T22:56:24</TxDtTm></RltdDts><AddtlTxInf>3000000003928785401020180916826309088</AddtlTxInf></TxDtls><AddtlNtryInf>COMPLETE//0000//003//CREDIT</AddtlNtryInf></Ntry></Ntfctn></BkToCstmrDbtCdtNtfctnV01></Document>