<?xml version="1.0" encoding="UTF-8"?><Document xmlns:xsi="http://www.w3.org/2001/XMLSchema-instance" xmlns="urn:iso:std:iso:20022:tech:xsd:camt.054.001.01"><BkToCstmrDbtCdtNtfctnV01><GrpHdr><MsgId>80309K//13341</MsgId><CreDtTm>2018-09-26T03:30:00</CreDtTm></GrpHdr><Ntfctn><Id>80309K//13341//1</Id><CreDtTm>2018-09-26T03:30:00</CreDtTm><Acct><Id><PrtryAcct><Id>20594233939774</Id></PrtryAcct></Id><Ccy>GBP</Ccy></Acct><TxsSummry><TtlNtries><NbOfNtries>2</NbOfNtries><Sum>5.01</Sum></TtlNtries><TtlCdtNtries><NbOfNtries>2</NbOfNtries><Sum>5.01</Sum></TtlCdtNtries><TtlDbtNtries><NbOfNtries>0</NbOfNtries><Sum>0.00</Sum></TtlDbtNtries></TxsSummry><Ntry><Amt Ccy="GBP">5.00</Amt><CdtDbtInd>CRDT</CdtDbtInd><Sts>BOOK</Sts><BookgDt><Dt>2018-09-26</Dt></BookgDt><BkTxCd><Prtry><Cd>FDP UKBA CR 40269</Cd></Prtry></BkTxCd><TxDtls><Refs><EndToEndId>hopkinson</EndToEndId><TxId>MF0006396136AA6600</TxId></Refs><RltdPties><Dbtr><Nm>TUXEDO MONEY SOL LTD</Nm></Dbtr><DbtrAcct><Id><PrtryAcct><Id>20829490556238</Id></PrtryAcct></Id></DbtrAcct><Cdtr><Nm>FRANK ADY</Nm></Cdtr><CdtrAcct><Id><PrtryAcct><Id>23008200158532</Id></PrtryAcct></Id></CdtrAcct><Prtry><Tp>hopkinson</Tp><Pty/></Prtry></RltdPties><RmtInf><Strd><RfrdDocInf><RfrdDocTp><Prtry>002</Prtry></RfrdDocTp></RfrdDocInf><AddtlRmtInf>NO REF</AddtlRmtInf></Strd><Strd><AddtlRmtInf>TUXEDO MONEY SOL L//hopkinson</AddtlRmtInf></Strd></RmtInf><RltdDts><TxDtTm>2018-09-26T03:04:11</TxDtTm></RltdDts><AddtlTxInf>MF0006396136AA66004020180926826200000</AddtlTxInf></TxDtls><AddtlNtryInf>COMPLETE//0000//003//CREDIT</AddtlNtryInf></Ntry><Ntry><Amt Ccy="GBP">0.01</Amt><CdtDbtInd>CRDT</CdtDbtInd><Sts>BOOK</Sts><BookgDt><Dt>2018-09-26</Dt></BookgDt><BkTxCd><Prtry><Cd>SIP UKBA CR 40269</Cd></Prtry></BkTxCd><TxDtls><Refs><EndToEndId>PPRD00000000AQ714Y</EndToEndId><TxId>PPRD00000000AQ714Y</TxId></Refs><RltdPties><Dbtr><Nm>PAYPAL CODE 3156</Nm><PstlAdr><AdrLine>2211 N 1st Street San Jose CA 95131</AdrLine><Ctry/></PstlAdr></Dbtr><DbtrAcct><Id><PrtryAcct><Id>23526285010101</Id></PrtryAcct></Id></DbtrAcct><Cdtr><Nm>Connor Maunder</Nm><PstlAdr><AdrLine>29 Hibbert Close</AdrLine><Ctry/></PstlAdr></Cdtr><CdtrAcct><Id><PrtryAcct><Id>23008200467380</Id></PrtryAcct></Id></CdtrAcct><Prtry><Tp>PAYPAL CODE 3156</Tp><Pty/></Prtry></RltdPties><RmtInf><Strd><RfrdDocInf><RfrdDocTp><Prtry>002</Prtry></RfrdDocTp></RfrdDocInf><AddtlRmtInf>NO REF</AddtlRmtInf></Strd><Strd><AddtlRmtInf>PAYPAL CODE 3156//PAYPAL CODE 3156</AddtlRmtInf></Strd></RmtInf><RltdDts><TxDtTm>2018-09-26T03:05:19</TxDtTm></RltdDts><AddtlTxInf>PPRD00000000AQ714Y1020180926826235262</AddtlTxInf></TxDtls><AddtlNtryInf>COMPLETE//0000//003//CREDIT</AddtlNtryInf></Ntry></Ntfctn></BkToCstmrDbtCdtNtfctnV01></Document>