<?xml version="1.0" encoding="UTF-8"?><Document xmlns:xsi="http://www.w3.org/2001/XMLSchema-instance" xmlns="urn:iso:std:iso:20022:tech:xsd:camt.054.001.01"><BkToCstmrDbtCdtNtfctnV01><GrpHdr><MsgId>80309K//12822</MsgId><CreDtTm>2018-09-14T02:00:00</CreDtTm></GrpHdr><Ntfctn><Id>80309K//12822//1</Id><CreDtTm>2018-09-14T02:00:00</CreDtTm><Acct><Id><PrtryAcct><Id>20594233939774</Id></PrtryAcct></Id><Ccy>GBP</Ccy></Acct><TxsSummry><TtlNtries><NbOfNtries>7</NbOfNtries><Sum>2237.11</Sum></TtlNtries><TtlCdtNtries><NbOfNtries>7</NbOfNtries><Sum>2237.11</Sum></TtlCdtNtries><TtlDbtNtries><NbOfNtries>0</NbOfNtries><Sum>0.00</Sum></TtlDbtNtries></TxsSummry><Ntry><Amt Ccy="GBP">113.60</Amt><CdtDbtInd>CRDT</CdtDbtInd><Sts>BOOK</Sts><BookgDt><Dt>2018-09-14</Dt></BookgDt><BkTxCd><Prtry><Cd>STO UKBA CR 40267</Cd></Prtry></BkTxCd><TxDtls><Refs><EndToEndId>NOREF</EndToEndId><TxId>500000000388571072</TxId></Refs><RltdPties><Dbtr><Nm>MPT EMPLOYMENT LTD</Nm></Dbtr><DbtrAcct><Id><PrtryAcct><Id>30989747532468</Id></PrtryAcct></Id></DbtrAcct><Cdtr><Nm>BRANWELL JORDAN</Nm></Cdtr><CdtrAcct><Id><PrtryAcct><Id>23008200192599</Id></PrtryAcct></Id></CdtrAcct><Prtry><Tp>JCMCMH</Tp><Pty/></Prtry></RltdPties><RmtInf><Strd><AddtlRmtInf>NO REF</AddtlRmtInf></Strd><Strd><AddtlRmtInf>MPT EMPLOYMENT LTD//JCMCMH</AddtlRmtInf></Strd></RmtInf><RltdDts><TxDtTm>2018-09-14T01:32:43</TxDtTm></RltdDts><AddtlTxInf>5000000003885710723020180914826309897</AddtlTxInf></TxDtls><AddtlNtryInf>COMPLETE//0000//003//CREDIT</AddtlNtryInf></Ntry><Ntry><Amt Ccy="GBP">604.50</Amt><CdtDbtInd>CRDT</CdtDbtInd><Sts>BOOK</Sts><BookgDt><Dt>2018-09-14</Dt></BookgDt><BkTxCd><Prtry><Cd>STO UKBA CR 40267</Cd></Prtry></BkTxCd><TxDtls><Refs><EndToEndId>NOREF</EndToEndId><TxId>200000000386907638</TxId></Refs><RltdPties><Dbtr><Nm>BESTSTAFF LIMITED</Nm></Dbtr><DbtrAcct><Id><PrtryAcct><Id>30995100529304</Id></PrtryAcct></Id></DbtrAcct><Cdtr><Nm>QUICKFIT &amp; RB LTD</Nm></Cdtr><CdtrAcct><Id><PrtryAcct><Id>23008200222230</Id></PrtryAcct></Id></CdtrAcct><Prtry><Tp>QUICKFIT 18/36</Tp><Pty/></Prtry></RltdPties><RmtInf><Strd><AddtlRmtInf>NO REF</AddtlRmtInf></Strd><Strd><AddtlRmtInf>BESTSTAFF LIMITED//QUICKFIT 18/36</AddtlRmtInf></Strd></RmtInf><RltdDts><TxDtTm>2018-09-14T01:33:06</TxDtTm></RltdDts><AddtlTxInf>2000000003869076383020180914826309951</AddtlTxInf></TxDtls><AddtlNtryInf>COMPLETE//0000//003//CREDIT</AddtlNtryInf></Ntry><Ntry><Amt Ccy="GBP">819.00</Amt><CdtDbtInd>CRDT</CdtDbtInd><Sts>BOOK</Sts><BookgDt><Dt>2018-09-14</Dt></BookgDt><BkTxCd><Prtry><Cd>STO UKBA CR 40267</Cd></Prtry></BkTxCd><TxDtls><Refs><EndToEndId>NOREF</EndToEndId><TxId>400000000393369915</TxId></Refs><RltdPties><Dbtr><Nm>BESTSTAFF LIMITED</Nm></Dbtr><DbtrAcct><Id><PrtryAcct><Id>30995100529304</Id></PrtryAcct></Id></DbtrAcct><Cdtr><Nm>ZAVACZKI SMART REP</Nm></Cdtr><CdtrAcct><Id><PrtryAcct><Id>23008200037468</Id></PrtryAcct></Id></CdtrAcct><Prtry><Tp>18/36</Tp><Pty/></Prtry></RltdPties><RmtInf><Strd><AddtlRmtInf>NO REF</AddtlRmtInf></Strd><Strd><AddtlRmtInf>BESTSTAFF LIMITED//18/36</AddtlRmtInf></Strd></RmtInf><RltdDts><TxDtTm>2018-09-14T01:33:09</TxDtTm></RltdDts><AddtlTxInf>4000000003933699153020180914826309951</AddtlTxInf></TxDtls><AddtlNtryInf>COMPLETE//0000//003//CREDIT</AddtlNtryInf></Ntry><Ntry><Amt Ccy="GBP">180.00</Amt><CdtDbtInd>CRDT</CdtDbtInd><Sts>BOOK</Sts><BookgDt><Dt>2018-09-14</Dt></BookgDt><BkTxCd><Prtry><Cd>STO UKBA CR 40267</Cd></Prtry></BkTxCd><TxDtls><Refs><EndToEndId>NOREF</EndToEndId><TxId>YBSOX0139332227830</TxId></Refs><RltdPties><Dbtr><Nm>KAREN CALVERT</Nm></Dbtr><DbtrAcct><Id><PrtryAcct><Id>05070214077175</Id></PrtryAcct></Id></DbtrAcct><Cdtr><Nm>CAMERON CALVERT</Nm></Cdtr><CdtrAcct><Id><PrtryAcct><Id>23008200137682</Id></PrtryAcct></Id></CdtrAcct><Prtry><Tp>WAGE</Tp><Pty/></Prtry></RltdPties><RmtInf><Strd><RfrdDocInf><RfrdDocTp><Prtry>003</Prtry></RfrdDocTp></RfrdDocInf><AddtlRmtInf>NO REF</AddtlRmtInf></Strd><Strd><AddtlRmtInf>KAREN CALVERT//WAGE</AddtlRmtInf></Strd></RmtInf><RltdDts><TxDtTm>2018-09-14T01:39:34</TxDtTm></RltdDts><AddtlTxInf>YBSOX01393322278303020180914826050702</AddtlTxInf></TxDtls><AddtlNtryInf>COMPLETE//0000//003//CREDIT</AddtlNtryInf></Ntry><Ntry><Amt Ccy="GBP">0.01</Amt><CdtDbtInd>CRDT</CdtDbtInd><Sts>BOOK</Sts><BookgDt><Dt>2018-09-14</Dt></BookgDt><BkTxCd><Prtry><Cd>SIP UKBA CR 40269</Cd></Prtry></BkTxCd><TxDtls><Refs><EndToEndId>PPRD00000000AN6BI8</EndToEndId><TxId>PPRD00000000AN6BI8</TxId></Refs><RltdPties><Dbtr><Nm>PAYPAL CODE 8758</Nm><PstlAdr><AdrLine>2211 N 1st Street San Jose CA 95131</AdrLine><Ctry/></PstlAdr></Dbtr><DbtrAcct><Id><PrtryAcct><Id>23526285010101</Id></PrtryAcct></Id></DbtrAcct><Cdtr><Nm>Samuel Swain</Nm><PstlAdr><AdrLine>Tennent street</AdrLine><Ctry/></PstlAdr></Cdtr><CdtrAcct><Id><PrtryAcct><Id>23008200321849</Id></PrtryAcct></Id></CdtrAcct><Prtry><Tp>PAYPAL CODE 8758</Tp><Pty/></Prtry></RltdPties><RmtInf><Strd><RfrdDocInf><RfrdDocTp><Prtry>002</Prtry></RfrdDocTp></RfrdDocInf><AddtlRmtInf>NO REF</AddtlRmtInf></Strd><Strd><AddtlRmtInf>PAYPAL CODE 8758//PAYPAL CODE 8758</AddtlRmtInf></Strd></RmtInf><RltdDts><TxDtTm>2018-09-14T01:46:18</TxDtTm></RltdDts><AddtlTxInf>PPRD00000000AN6BI81020180914826235262</AddtlTxInf></TxDtls><AddtlNtryInf>COMPLETE//0000//003//CREDIT</AddtlNtryInf></Ntry><Ntry><Amt Ccy="GBP">20.00</Amt><CdtDbtInd>CRDT</CdtDbtInd><Sts>BOOK</Sts><BookgDt><Dt>2018-09-14</Dt></BookgDt><BkTxCd><Prtry><Cd>SIP UKBA CR 40269</Cd></Prtry></BkTxCd><TxDtls><Refs><EndToEndId>NOREF</EndToEndId><TxId>400000000393371851</TxId></Refs><RltdPties><Dbtr><Nm>A Jafari</Nm></Dbtr><DbtrAcct><Id><PrtryAcct><Id>11025611936865</Id></PrtryAcct></Id></DbtrAcct><Cdtr><Nm>WEST 5 KITCHEN</Nm></Cdtr><CdtrAcct><Id><PrtryAcct><Id>23008200223485</Id></PrtryAcct></Id></CdtrAcct><Prtry><Tp>AZIZ</Tp><Pty/></Prtry></RltdPties><RmtInf><Strd><AddtlRmtInf>NO REF</AddtlRmtInf></Strd><Strd><AddtlRmtInf>A Jafari//AZIZ</AddtlRmtInf></Strd></RmtInf><RltdDts><TxDtTm>2018-09-14T01:46:23</TxDtTm></RltdDts><AddtlTxInf>4000000003933718511020180914826110256</AddtlTxInf></TxDtls><AddtlNtryInf>COMPLETE//0000//003//CREDIT</AddtlNtryInf></Ntry><Ntry><Amt Ccy="GBP">500.00</Amt><CdtDbtInd>CRDT</CdtDbtInd><Sts>BOOK</Sts><BookgDt><Dt>2018-09-14</Dt></BookgDt><BkTxCd><Prtry><Cd>SIP UKBA CR 40269</Cd></Prtry></BkTxCd><TxDtls><Refs><EndToEndId>NOREF</EndToEndId><TxId>RP4659984492439700</TxId></Refs><RltdPties><Dbtr><Nm>ASHRAF G M</Nm></Dbtr><DbtrAcct><Id><PrtryAcct><Id>20027783756009</Id></PrtryAcct></Id></DbtrAcct><Cdtr><Nm>ILONA LAPIUK</Nm></Cdtr><CdtrAcct><Id><PrtryAcct><Id>23008200444813</Id></PrtryAcct></Id></CdtrAcct><Prtry><Tp>CONCERT TICKETS</Tp><Pty/></Prtry></RltdPties><RmtInf><Strd><AddtlRmtInf>NO REF</AddtlRmtInf></Strd><Strd><AddtlRmtInf>ASHRAF G M//CONCERT TICKETS</AddtlRmtInf></Strd></RmtInf><RltdDts><TxDtTm>2018-09-14T01:57:10</TxDtTm></RltdDts><AddtlTxInf>RP46599844924397001020180914826200026</AddtlTxInf></TxDtls><AddtlNtryInf>COMPLETE//0000//003//CREDIT</AddtlNtryInf></Ntry></Ntfctn></BkToCstmrDbtCdtNtfctnV01></Document>