<?xml version="1.0" encoding="UTF-8"?><Document xmlns:xsi="http://www.w3.org/2001/XMLSchema-instance" xmlns="urn:iso:std:iso:20022:tech:xsd:camt.054.001.01"><BkToCstmrDbtCdtNtfctnV01><GrpHdr><MsgId>80309K//12343</MsgId><CreDtTm>2018-09-03T01:30:00</CreDtTm></GrpHdr><Ntfctn><Id>80309K//12343//1</Id><CreDtTm>2018-09-03T01:30:00</CreDtTm><Acct><Id><PrtryAcct><Id>20594233939774</Id></PrtryAcct></Id><Ccy>GBP</Ccy></Acct><TxsSummry><TtlNtries><NbOfNtries>4</NbOfNtries><Sum>309.00</Sum></TtlNtries><TtlCdtNtries><NbOfNtries>4</NbOfNtries><Sum>309.00</Sum></TtlCdtNtries><TtlDbtNtries><NbOfNtries>0</NbOfNtries><Sum>0.00</Sum></TtlDbtNtries></TxsSummry><Ntry><Amt Ccy="GBP">111.00</Amt><CdtDbtInd>CRDT</CdtDbtInd><Sts>BOOK</Sts><BookgDt><Dt>2018-09-03</Dt></BookgDt><BkTxCd><Prtry><Cd>SIP UKBA CR 40269</Cd></Prtry></BkTxCd><TxDtls><Refs><EndToEndId>NOREF</EndToEndId><TxId>400000000389852169</TxId></Refs><RltdPties><Dbtr><Nm>A Perring</Nm></Dbtr><DbtrAcct><Id><PrtryAcct><Id>11022700910158</Id></PrtryAcct></Id></DbtrAcct><Cdtr><Nm>ANDREW PERRING</Nm></Cdtr><CdtrAcct><Id><PrtryAcct><Id>23008200135301</Id></PrtryAcct></Id></CdtrAcct><Prtry><Tp>KIT</Tp><Pty/></Prtry></RltdPties><RmtInf><Strd><AddtlRmtInf>NO REF</AddtlRmtInf></Strd><Strd><AddtlRmtInf>A Perring//KIT</AddtlRmtInf></Strd></RmtInf><RltdDts><TxDtTm>2018-09-03T01:03:44</TxDtTm></RltdDts><AddtlTxInf>4000000003898521691020180903826110227</AddtlTxInf></TxDtls><AddtlNtryInf>COMPLETE//0000//003//CREDIT</AddtlNtryInf></Ntry><Ntry><Amt Ccy="GBP">18.00</Amt><CdtDbtInd>CRDT</CdtDbtInd><Sts>BOOK</Sts><BookgDt><Dt>2018-09-03</Dt></BookgDt><BkTxCd><Prtry><Cd>SIP UKBA CR 40269</Cd></Prtry></BkTxCd><TxDtls><Refs><EndToEndId>NOREF</EndToEndId><TxId>FP18246O09269789</TxId></Refs><RltdPties><Dbtr><Nm>Krajewski Andrzaj</Nm></Dbtr><DbtrAcct><Id><PrtryAcct><Id>07024605664201</Id></PrtryAcct></Id></DbtrAcct><Cdtr><Nm>ANDRZEJ KRAJEWSKI</Nm></Cdtr><CdtrAcct><Id><PrtryAcct><Id>23008200202530</Id></PrtryAcct></Id></CdtrAcct><Prtry><Tp>5574220114763187</Tp><Pty/></Prtry></RltdPties><RmtInf><Strd><AddtlRmtInf>NO REF</AddtlRmtInf></Strd><Strd><AddtlRmtInf>Krajewski Andrzaj//5574220114763187</AddtlRmtInf></Strd></RmtInf><RltdDts><TxDtTm>2018-09-03T01:09:20</TxDtTm></RltdDts><AddtlTxInf>FP18246O09269789  1020180903826070246</AddtlTxInf></TxDtls><AddtlNtryInf>COMPLETE//0000//003//CREDIT</AddtlNtryInf></Ntry><Ntry><Amt Ccy="GBP">100.00</Amt><CdtDbtInd>CRDT</CdtDbtInd><Sts>BOOK</Sts><BookgDt><Dt>2018-09-03</Dt></BookgDt><BkTxCd><Prtry><Cd>STO UKBA CR 40267</Cd></Prtry></BkTxCd><TxDtls><Refs><EndToEndId>NOREF</EndToEndId><TxId>100000000383383510</TxId></Refs><RltdPties><Dbtr><Nm>L FORSE</Nm></Dbtr><DbtrAcct><Id><PrtryAcct><Id>11886000040738</Id></PrtryAcct></Id></DbtrAcct><Cdtr><Nm>LLOYD FORSE</Nm></Cdtr><CdtrAcct><Id><PrtryAcct><Id>23008200331640</Id></PrtryAcct></Id></CdtrAcct></RltdPties><RmtInf><Strd><AddtlRmtInf>NO REF</AddtlRmtInf></Strd><Strd><AddtlRmtInf>L FORSE//</AddtlRmtInf></Strd></RmtInf><RltdDts><TxDtTm>2018-09-03T01:16:12</TxDtTm></RltdDts><AddtlTxInf>1000000003833835103020180903826118860</AddtlTxInf></TxDtls><AddtlNtryInf>COMPLETE//0000//003//CREDIT</AddtlNtryInf></Ntry><Ntry><Amt Ccy="GBP">80.00</Amt><CdtDbtInd>CRDT</CdtDbtInd><Sts>BOOK</Sts><BookgDt><Dt>2018-09-03</Dt></BookgDt><BkTxCd><Prtry><Cd>STO UKBA CR 40267</Cd></Prtry></BkTxCd><TxDtls><Refs><EndToEndId>NOREF</EndToEndId><TxId>100000000383395237</TxId></Refs><RltdPties><Dbtr><Nm>G CANNON</Nm></Dbtr><DbtrAcct><Id><PrtryAcct><Id>11013512346368</Id></PrtryAcct></Id></DbtrAcct><Cdtr><Nm>GEOFFREY CANNON</Nm></Cdtr><CdtrAcct><Id><PrtryAcct><Id>23008200143228</Id></PrtryAcct></Id></CdtrAcct><Prtry><Tp>ARRO</Tp><Pty/></Prtry></RltdPties><RmtInf><Strd><AddtlRmtInf>NO REF</AddtlRmtInf></Strd><Strd><AddtlRmtInf>G CANNON//ARRO</AddtlRmtInf></Strd></RmtInf><RltdDts><TxDtTm>2018-09-03T01:21:08</TxDtTm></RltdDts><AddtlTxInf>1000000003833952373020180903826110135</AddtlTxInf></TxDtls><AddtlNtryInf>COMPLETE//0000//003//CREDIT</AddtlNtryInf></Ntry></Ntfctn></BkToCstmrDbtCdtNtfctnV01></Document>