<?xml version="1.0" encoding="UTF-8"?><Document xmlns:xsi="http://www.w3.org/2001/XMLSchema-instance" xmlns="urn:iso:std:iso:20022:tech:xsd:camt.054.001.01"><BkToCstmrDbtCdtNtfctnV01><GrpHdr><MsgId>80309K//12788</MsgId><CreDtTm>2018-09-13T09:00:00</CreDtTm></GrpHdr><Ntfctn><Id>80309K//12788//1</Id><CreDtTm>2018-09-13T09:00:00</CreDtTm><Acct><Id><PrtryAcct><Id>20594233939774</Id></PrtryAcct></Id><Ccy>GBP</Ccy></Acct><TxsSummry><TtlNtries><NbOfNtries>5</NbOfNtries><Sum>393.10</Sum></TtlNtries><TtlCdtNtries><NbOfNtries>5</NbOfNtries><Sum>393.10</Sum></TtlCdtNtries><TtlDbtNtries><NbOfNtries>0</NbOfNtries><Sum>0.00</Sum></TtlDbtNtries></TxsSummry><Ntry><Amt Ccy="GBP">300.00</Amt><CdtDbtInd>CRDT</CdtDbtInd><Sts>BOOK</Sts><BookgDt><Dt>2018-09-13</Dt></BookgDt><BkTxCd><Prtry><Cd>SIP UKBA CR 40269</Cd></Prtry></BkTxCd><TxDtls><Refs><EndToEndId>00151071632BBKZKMK</EndToEndId><TxId>00151071632BBKZKMK</TxId></Refs><RltdPties><Dbtr><Nm>DADA AJAYI</Nm></Dbtr><DbtrAcct><Id><PrtryAcct><Id>09012837032462</Id></PrtryAcct></Id></DbtrAcct><Cdtr><Nm>SOLID EGDE</Nm></Cdtr><CdtrAcct><Id><PrtryAcct><Id>23008200043083</Id></PrtryAcct></Id></CdtrAcct><Prtry><Tp>Ebenezer</Tp><Pty/></Prtry></RltdPties><RmtInf><Strd><AddtlRmtInf>NO REF</AddtlRmtInf></Strd><Strd><AddtlRmtInf>DADA AJAYI//Ebenezer</AddtlRmtInf></Strd></RmtInf><RltdDts><TxDtTm>2018-09-13T08:30:33</TxDtTm></RltdDts><AddtlTxInf>00151071632BBKZKMK1020180913826090128</AddtlTxInf></TxDtls><AddtlNtryInf>COMPLETE//0000//001//CREDIT</AddtlNtryInf></Ntry><Ntry><Amt Ccy="GBP">0.10</Amt><CdtDbtInd>CRDT</CdtDbtInd><Sts>BOOK</Sts><BookgDt><Dt>2018-09-13</Dt></BookgDt><BkTxCd><Prtry><Cd>SIP UKBA CR 40269</Cd></Prtry></BkTxCd><TxDtls><Refs><EndToEndId>000000FT1825615YTG</EndToEndId><TxId>000000FT1825615YTG</TxId></Refs><RltdPties><Dbtr><Nm>METIN HILMI PAUL</Nm><PstlAdr><AdrLine>52 WOOLACOMBE WAY;MIDDLESEX</AdrLine><Ctry/></PstlAdr></Dbtr><DbtrAcct><Id><PrtryAcct><Id>23058017298194</Id></PrtryAcct></Id></DbtrAcct><Cdtr><Nm>iti insurance</Nm><PstlAdr><AdrLine>WIRECARD;WIRECARD CARD SOLUTIONS</AdrLine><Ctry/></PstlAdr></Cdtr><CdtrAcct><Id><PrtryAcct><Id>23008200224357</Id></PrtryAcct></Id></CdtrAcct><Prtry><Tp>iti55</Tp><Pty/></Prtry></RltdPties><RmtInf><Strd><AddtlRmtInf>NO REF</AddtlRmtInf></Strd><Strd><AddtlRmtInf>METIN HILMI PAUL//iti55</AddtlRmtInf></Strd></RmtInf><RltdDts><TxDtTm>2018-09-13T08:30:43</TxDtTm></RltdDts><AddtlTxInf>000000FT1825615YTG1020180913826230580</AddtlTxInf></TxDtls><AddtlNtryInf>COMPLETE//0000//001//CREDIT</AddtlNtryInf></Ntry><Ntry><Amt Ccy="GBP">80.00</Amt><CdtDbtInd>CRDT</CdtDbtInd><Sts>BOOK</Sts><BookgDt><Dt>2018-09-13</Dt></BookgDt><BkTxCd><Prtry><Cd>SIP UKBA CR 40269</Cd></Prtry></BkTxCd><TxDtls><Refs><EndToEndId>NOREF</EndToEndId><TxId>RP4659984429835600</TxId></Refs><RltdPties><Dbtr><Nm>SOTANDE E O</Nm></Dbtr><DbtrAcct><Id><PrtryAcct><Id>20489503123243</Id></PrtryAcct></Id></DbtrAcct><Cdtr><Nm>EXPORT SOLUTION</Nm></Cdtr><CdtrAcct><Id><PrtryAcct><Id>23008200044254</Id></PrtryAcct></Id></CdtrAcct><Prtry><Tp>E SOTANDE</Tp><Pty/></Prtry></RltdPties><RmtInf><Strd><AddtlRmtInf>NO REF</AddtlRmtInf></Strd><Strd><AddtlRmtInf>SOTANDE E O//E SOTANDE</AddtlRmtInf></Strd></RmtInf><RltdDts><TxDtTm>2018-09-13T08:35:48</TxDtTm></RltdDts><AddtlTxInf>RP46599844298356001020180913826200026</AddtlTxInf></TxDtls><AddtlNtryInf>COMPLETE//0000//001//CREDIT</AddtlNtryInf></Ntry><Ntry><Amt Ccy="GBP">10.00</Amt><CdtDbtInd>CRDT</CdtDbtInd><Sts>BOOK</Sts><BookgDt><Dt>2018-09-13</Dt></BookgDt><BkTxCd><Prtry><Cd>SIP UKBA CR 40269</Cd></Prtry></BkTxCd><TxDtls><Refs><EndToEndId>NOREF</EndToEndId><TxId>18083624058739000N</TxId><Prtry><Tp>STO REF</Tp><Ref>0000</Ref></Prtry></Refs><RltdPties><Dbtr><Nm>BABALOLA JOHN</Nm><PstlAdr><AdrLine>APS COTTONS CENTRE SE1 2QG</AdrLine><Ctry/></PstlAdr></Dbtr><DbtrAcct><Id><PrtryAcct><Id>08719923515362</Id></PrtryAcct></Id></DbtrAcct><Cdtr><Nm>BABALOLA JOHN</Nm></Cdtr><CdtrAcct><Id><PrtryAcct><Id>23008200076372</Id></PrtryAcct></Id></CdtrAcct><Prtry><Tp>SAVING</Tp><Pty/></Prtry></RltdPties><RmtInf><Strd><AddtlRmtInf>SAVING</AddtlRmtInf></Strd><Strd><AddtlRmtInf>BABALOLA JOHN//SAVING</AddtlRmtInf></Strd></RmtInf><RltdDts><TxDtTm>2018-09-13T08:36:24</TxDtTm></RltdDts><AddtlTxInf>18083624058739000N1020180913826087199</AddtlTxInf></TxDtls><AddtlNtryInf>COMPLETE//0000//001//CREDIT</AddtlNtryInf></Ntry><Ntry><Amt Ccy="GBP">3.00</Amt><CdtDbtInd>CRDT</CdtDbtInd><Sts>BOOK</Sts><BookgDt><Dt>2018-09-13</Dt></BookgDt><BkTxCd><Prtry><Cd>SIP UKBA CR 40269</Cd></Prtry></BkTxCd><TxDtls><Refs><EndToEndId>NOREF</EndToEndId><TxId>706696023480319001</TxId><Prtry><Tp>STO REF</Tp><Ref>0000</Ref></Prtry></Refs><RltdPties><Dbtr><Nm>SAHOTA N</Nm></Dbtr><DbtrAcct><Id><PrtryAcct><Id>40090004632397</Id></PrtryAcct></Id></DbtrAcct><Cdtr><Nm>T T SENEGE</Nm></Cdtr><CdtrAcct><Id><PrtryAcct><Id>23008200297504</Id></PrtryAcct></Id></CdtrAcct><Prtry><Tp>REF</Tp><Pty/></Prtry></RltdPties><RmtInf><Strd><AddtlRmtInf>NO REF</AddtlRmtInf></Strd><Strd><AddtlRmtInf>SAHOTA N//REF</AddtlRmtInf></Strd></RmtInf><RltdDts><TxDtTm>2018-09-13T08:43:21</TxDtTm></RltdDts><AddtlTxInf>7066960234803190011020180913826400900</AddtlTxInf></TxDtls><AddtlNtryInf>COMPLETE//0000//001//CREDIT</AddtlNtryInf></Ntry></Ntfctn></BkToCstmrDbtCdtNtfctnV01></Document>