<?xml version="1.0" encoding="UTF-8"?><Document xmlns:xsi="http://www.w3.org/2001/XMLSchema-instance" xmlns="urn:iso:std:iso:20022:tech:xsd:camt.054.001.01"><BkToCstmrDbtCdtNtfctnV01><GrpHdr><MsgId>80309K//12576</MsgId><CreDtTm>2018-09-08T06:30:00</CreDtTm></GrpHdr><Ntfctn><Id>80309K//12576//1</Id><CreDtTm>2018-09-08T06:30:00</CreDtTm><Acct><Id><PrtryAcct><Id>20594233939774</Id></PrtryAcct></Id><Ccy>GBP</Ccy></Acct><TxsSummry><TtlNtries><NbOfNtries>1</NbOfNtries><Sum>19.21</Sum></TtlNtries><TtlCdtNtries><NbOfNtries>1</NbOfNtries><Sum>19.21</Sum></TtlCdtNtries><TtlDbtNtries><NbOfNtries>0</NbOfNtries><Sum>0.00</Sum></TtlDbtNtries></TxsSummry><Ntry><Amt Ccy="GBP">19.21</Amt><CdtDbtInd>CRDT</CdtDbtInd><Sts>BOOK</Sts><BookgDt><Dt>2018-09-10</Dt></BookgDt><BkTxCd><Prtry><Cd>SIP UKBA CR 40269</Cd></Prtry></BkTxCd><TxDtls><Refs><EndToEndId>NOREF</EndToEndId><TxId>500000000387041296</TxId></Refs><RltdPties><Dbtr><Nm>A Aziz</Nm></Dbtr><DbtrAcct><Id><PrtryAcct><Id>30929040300760</Id></PrtryAcct></Id></DbtrAcct><Cdtr><Nm>A ROB ARRO</Nm></Cdtr><CdtrAcct><Id><PrtryAcct><Id>23008200195107</Id></PrtryAcct></Id></CdtrAcct><Prtry><Tp>ARRO</Tp><Pty/></Prtry></RltdPties><RmtInf><Strd><AddtlRmtInf>NO REF</AddtlRmtInf></Strd><Strd><AddtlRmtInf>A Aziz//ARRO</AddtlRmtInf></Strd></RmtInf><RltdDts><TxDtTm>2018-09-08T06:23:29</TxDtTm></RltdDts><AddtlTxInf>5000000003870412961020180908826309290</AddtlTxInf></TxDtls><AddtlNtryInf>COMPLETE//0000//003//CREDIT</AddtlNtryInf></Ntry></Ntfctn></BkToCstmrDbtCdtNtfctnV01></Document>