<?xml version="1.0" encoding="UTF-8"?><Document xmlns:xsi="http://www.w3.org/2001/XMLSchema-instance" xmlns="urn:iso:std:iso:20022:tech:xsd:camt.054.001.01"><BkToCstmrDbtCdtNtfctnV01><GrpHdr><MsgId>80309K//13230</MsgId><CreDtTm>2018-09-23T15:30:00</CreDtTm></GrpHdr><Ntfctn><Id>80309K//13230//1</Id><CreDtTm>2018-09-23T15:30:00</CreDtTm><Acct><Id><PrtryAcct><Id>20594233939774</Id></PrtryAcct></Id><Ccy>GBP</Ccy></Acct><TxsSummry><TtlNtries><NbOfNtries>7</NbOfNtries><Sum>2986.14</Sum></TtlNtries><TtlCdtNtries><NbOfNtries>4</NbOfNtries><Sum>169.50</Sum></TtlCdtNtries><TtlDbtNtries><NbOfNtries>3</NbOfNtries><Sum>2816.64</Sum></TtlDbtNtries></TxsSummry><Ntry><Amt Ccy="GBP">2474.64</Amt><CdtDbtInd>DBIT</CdtDbtInd><Sts>BOOK</Sts><BookgDt><Dt>2018-09-24</Dt></BookgDt><BkTxCd><Prtry><Cd>AUT UKBA DR 30278</Cd></Prtry></BkTxCd><TxDtls><Refs><TxId>000000000337618400</TxId></Refs><RltdPties><DbtrAcct><Id><PrtryAcct><Id>20594233939774</Id></PrtryAcct></Id></DbtrAcct></RltdPties><RmtInf><Strd><AddtlRmtInf>NO REF</AddtlRmtInf></Strd><Strd><AddtlRmtInf>20180923A44639//7S      F1FQSMH457</AddtlRmtInf></Strd></RmtInf><RltdDts><TxDtTm>2018-09-23T15:01:38</TxDtTm></RltdDts><AddtlTxInf>0000000003376184000020180923826205942</AddtlTxInf></TxDtls><AddtlNtryInf>AUTHSENT//0000//003//DEBIT</AddtlNtryInf></Ntry><Ntry><Amt Ccy="GBP">30.00</Amt><CdtDbtInd>CRDT</CdtDbtInd><Sts>BOOK</Sts><BookgDt><Dt>2018-09-24</Dt></BookgDt><BkTxCd><Prtry><Cd>DCA UKBA CR 40269</Cd></Prtry></BkTxCd><TxDtls><Refs><EndToEndId>NOREF</EndToEndId><TxId>000000013642393501</TxId><Prtry><Tp>STO REF</Tp><Ref>0000</Ref></Prtry></Refs><RltdPties><Dbtr><Nm>23008200439583</Nm></Dbtr><DbtrAcct><Id><PrtryAcct><Id>20594233939774</Id></PrtryAcct></Id></DbtrAcct><Cdtr><Nm>JOSEPH GEORGESON</Nm></Cdtr><CdtrAcct><Id><PrtryAcct><Id>23008200460456</Id></PrtryAcct></Id></CdtrAcct></RltdPties><RmtInf><Strd><AddtlRmtInf>NO REF</AddtlRmtInf></Strd><Strd><AddtlRmtInf>23008200439583//</AddtlRmtInf></Strd></RmtInf><RltdDts><TxDtTm>2018-09-23T15:01:40</TxDtTm></RltdDts><AddtlTxInf>0000000136423935015020180923826205942</AddtlTxInf></TxDtls><AddtlNtryInf>COMPLETE//0000//003//CREDIT</AddtlNtryInf></Ntry><Ntry><Amt Ccy="GBP">2.00</Amt><CdtDbtInd>DBIT</CdtDbtInd><Sts>BOOK</Sts><BookgDt><Dt>2018-09-24</Dt></BookgDt><BkTxCd><Prtry><Cd>AUT UKBA DR 30278</Cd></Prtry></BkTxCd><TxDtls><Refs><TxId>000000000337618500</TxId></Refs><RltdPties><DbtrAcct><Id><PrtryAcct><Id>20594233939774</Id></PrtryAcct></Id></DbtrAcct></RltdPties><RmtInf><Strd><AddtlRmtInf>NO REF</AddtlRmtInf></Strd><Strd><AddtlRmtInf>20180923A44639//7S      F1FQS1I455</AddtlRmtInf></Strd></RmtInf><RltdDts><TxDtTm>2018-09-23T15:01:50</TxDtTm></RltdDts><AddtlTxInf>0000000003376185000020180923826205942</AddtlTxInf></TxDtls><AddtlNtryInf>AUTHSENT//0000//003//DEBIT</AddtlNtryInf></Ntry><Ntry><Amt Ccy="GBP">340.00</Amt><CdtDbtInd>DBIT</CdtDbtInd><Sts>BOOK</Sts><BookgDt><Dt>2018-09-24</Dt></BookgDt><BkTxCd><Prtry><Cd>AUT UKBA DR 30278</Cd></Prtry></BkTxCd><TxDtls><Refs><TxId>000000000337618600</TxId></Refs><RltdPties><DbtrAcct><Id><PrtryAcct><Id>20594233939774</Id></PrtryAcct></Id></DbtrAcct></RltdPties><RmtInf><Strd><AddtlRmtInf>NO REF</AddtlRmtInf></Strd><Strd><AddtlRmtInf>20180923A44639//7S      F1FP1RQ453</AddtlRmtInf></Strd></RmtInf><RltdDts><TxDtTm>2018-09-23T15:02:01</TxDtTm></RltdDts><AddtlTxInf>0000000003376186000020180923826205942</AddtlTxInf></TxDtls><AddtlNtryInf>AUTHSENT//0000//003//DEBIT</AddtlNtryInf></Ntry><Ntry><Amt Ccy="GBP">20.00</Amt><CdtDbtInd>CRDT</CdtDbtInd><Sts>BOOK</Sts><BookgDt><Dt>2018-09-24</Dt></BookgDt><BkTxCd><Prtry><Cd>SIP UKBA CR 40269</Cd></Prtry></BkTxCd><TxDtls><Refs><EndToEndId>NOREF</EndToEndId><TxId>400000000395901624</TxId></Refs><RltdPties><Dbtr><Nm>S Parker</Nm></Dbtr><DbtrAcct><Id><PrtryAcct><Id>11032011067366</Id></PrtryAcct></Id></DbtrAcct><Cdtr><Nm>BEN</Nm></Cdtr><CdtrAcct><Id><PrtryAcct><Id>23008200117342</Id></PrtryAcct></Id></CdtrAcct></RltdPties><RmtInf><Strd><AddtlRmtInf>NO REF</AddtlRmtInf></Strd><Strd><AddtlRmtInf>S Parker//</AddtlRmtInf></Strd></RmtInf><RltdDts><TxDtTm>2018-09-23T15:02:51</TxDtTm></RltdDts><AddtlTxInf>4000000003959016241020180923826110320</AddtlTxInf></TxDtls><AddtlNtryInf>COMPLETE//0000//003//CREDIT</AddtlNtryInf></Ntry><Ntry><Amt Ccy="GBP">107.00</Amt><CdtDbtInd>CRDT</CdtDbtInd><Sts>BOOK</Sts><BookgDt><Dt>2018-09-24</Dt></BookgDt><BkTxCd><Prtry><Cd>SIP UKBA CR 40269</Cd></Prtry></BkTxCd><TxDtls><Refs><EndToEndId>NOREF</EndToEndId><TxId>300000000394754183</TxId></Refs><RltdPties><Dbtr><Nm>M Brennan</Nm></Dbtr><DbtrAcct><Id><PrtryAcct><Id>11645723220468</Id></PrtryAcct></Id></DbtrAcct><Cdtr><Nm>MARK BRENNAN</Nm></Cdtr><CdtrAcct><Id><PrtryAcct><Id>23008200403768</Id></PrtryAcct></Id></CdtrAcct></RltdPties><RmtInf><Strd><AddtlRmtInf>NO REF</AddtlRmtInf></Strd><Strd><AddtlRmtInf>M Brennan//</AddtlRmtInf></Strd></RmtInf><RltdDts><TxDtTm>2018-09-23T15:21:45</TxDtTm></RltdDts><AddtlTxInf>3000000003947541831020180923826116457</AddtlTxInf></TxDtls><AddtlNtryInf>COMPLETE//0000//003//CREDIT</AddtlNtryInf></Ntry><Ntry><Amt Ccy="GBP">12.50</Amt><CdtDbtInd>CRDT</CdtDbtInd><Sts>BOOK</Sts><BookgDt><Dt>2018-09-24</Dt></BookgDt><BkTxCd><Prtry><Cd>SIP UKBA CR 40269</Cd></Prtry></BkTxCd><TxDtls><Refs><EndToEndId>NOREF</EndToEndId><TxId>400000000395905717</TxId></Refs><RltdPties><Dbtr><Nm>A Hanson</Nm></Dbtr><DbtrAcct><Id><PrtryAcct><Id>11015212068960</Id></PrtryAcct></Id></DbtrAcct><Cdtr><Nm>JOHN SULLIVAN</Nm></Cdtr><CdtrAcct><Id><PrtryAcct><Id>23008200413048</Id></PrtryAcct></Id></CdtrAcct><Prtry><Tp>OPENER</Tp><Pty/></Prtry></RltdPties><RmtInf><Strd><AddtlRmtInf>NO REF</AddtlRmtInf></Strd><Strd><AddtlRmtInf>A Hanson//OPENER</AddtlRmtInf></Strd></RmtInf><RltdDts><TxDtTm>2018-09-23T15:27:52</TxDtTm></RltdDts><AddtlTxInf>4000000003959057171020180923826110152</AddtlTxInf></TxDtls><AddtlNtryInf>COMPLETE//0000//003//CREDIT</AddtlNtryInf></Ntry></Ntfctn></BkToCstmrDbtCdtNtfctnV01></Document>