<?xml version="1.0" encoding="UTF-8"?><Document xmlns:xsi="http://www.w3.org/2001/XMLSchema-instance" xmlns="urn:iso:std:iso:20022:tech:xsd:camt.054.001.01"><BkToCstmrDbtCdtNtfctnV01><GrpHdr><MsgId>80309K//13189</MsgId><CreDtTm>2018-09-22T15:00:00</CreDtTm></GrpHdr><Ntfctn><Id>80309K//13189//1</Id><CreDtTm>2018-09-22T15:00:00</CreDtTm><Acct><Id><PrtryAcct><Id>20594233939774</Id></PrtryAcct></Id><Ccy>GBP</Ccy></Acct><TxsSummry><TtlNtries><NbOfNtries>9</NbOfNtries><Sum>1705.14</Sum></TtlNtries><TtlCdtNtries><NbOfNtries>9</NbOfNtries><Sum>1705.14</Sum></TtlCdtNtries><TtlDbtNtries><NbOfNtries>0</NbOfNtries><Sum>0.00</Sum></TtlDbtNtries></TxsSummry><Ntry><Amt Ccy="GBP">1.00</Amt><CdtDbtInd>CRDT</CdtDbtInd><Sts>BOOK</Sts><BookgDt><Dt>2018-09-24</Dt></BookgDt><BkTxCd><Prtry><Cd>SIP UKBA CR 40269</Cd></Prtry></BkTxCd><TxDtls><Refs><EndToEndId>NOREF</EndToEndId><TxId>RP4659985101343000</TxId></Refs><RltdPties><Dbtr><Nm>M L SMITH</Nm></Dbtr><DbtrAcct><Id><PrtryAcct><Id>20931530916420</Id></PrtryAcct></Id></DbtrAcct><Cdtr><Nm>C.L.CLEARY</Nm></Cdtr><CdtrAcct><Id><PrtryAcct><Id>23008200205169</Id></PrtryAcct></Id></CdtrAcct><Prtry><Tp>C.L.CLEARY</Tp><Pty/></Prtry></RltdPties><RmtInf><Strd><AddtlRmtInf>NO REF</AddtlRmtInf></Strd><Strd><AddtlRmtInf>M L SMITH//C.L.CLEARY</AddtlRmtInf></Strd></RmtInf><RltdDts><TxDtTm>2018-09-22T14:31:10</TxDtTm></RltdDts><AddtlTxInf>RP46599851013430001020180922826200026</AddtlTxInf></TxDtls><AddtlNtryInf>COMPLETE//0000//003//CREDIT</AddtlNtryInf></Ntry><Ntry><Amt Ccy="GBP">10.00</Amt><CdtDbtInd>CRDT</CdtDbtInd><Sts>BOOK</Sts><BookgDt><Dt>2018-09-24</Dt></BookgDt><BkTxCd><Prtry><Cd>SIP UKBA CR 40269</Cd></Prtry></BkTxCd><TxDtls><Refs><EndToEndId>00151092632BBJKCRP</EndToEndId><TxId>00151092632BBJKCRP</TxId></Refs><RltdPties><Dbtr><Nm>CHARLOTTE PEARSON</Nm></Dbtr><DbtrAcct><Id><PrtryAcct><Id>09012915846680</Id></PrtryAcct></Id></DbtrAcct><Cdtr><Nm>MR K PEARSON</Nm></Cdtr><CdtrAcct><Id><PrtryAcct><Id>23008200395561</Id></PrtryAcct></Id></CdtrAcct><Prtry><Tp>char</Tp><Pty/></Prtry></RltdPties><RmtInf><Strd><AddtlRmtInf>NO REF</AddtlRmtInf></Strd><Strd><AddtlRmtInf>CHARLOTTE PEARSON//char</AddtlRmtInf></Strd></RmtInf><RltdDts><TxDtTm>2018-09-22T14:45:00</TxDtTm></RltdDts><AddtlTxInf>00151092632BBJKCRP1020180922826090129</AddtlTxInf></TxDtls><AddtlNtryInf>COMPLETE//0000//003//CREDIT</AddtlNtryInf></Ntry><Ntry><Amt Ccy="GBP">4.25</Amt><CdtDbtInd>CRDT</CdtDbtInd><Sts>BOOK</Sts><BookgDt><Dt>2018-09-24</Dt></BookgDt><BkTxCd><Prtry><Cd>SIP UKBA CR 40269</Cd></Prtry></BkTxCd><TxDtls><Refs><EndToEndId>PPWD00000000APBIM8</EndToEndId><TxId>PPWD00000000APBIM8</TxId></Refs><RltdPties><Dbtr><Nm>PayPal</Nm><PstlAdr><AdrLine>2211 N 1st Street San Jose CA 95131</AdrLine><Ctry/></PstlAdr></Dbtr><DbtrAcct><Id><PrtryAcct><Id>23526278959595</Id></PrtryAcct></Id></DbtrAcct><Cdtr><Nm>Great Wazzy Pet Wear</Nm><PstlAdr><AdrLine>100 Surbiton Hill Park</AdrLine><Ctry/></PstlAdr></Cdtr><CdtrAcct><Id><PrtryAcct><Id>23008200454553</Id></PrtryAcct></Id></CdtrAcct><Prtry><Tp>PPWDL4ER22AL7NT3U6</Tp><Pty/></Prtry></RltdPties><RmtInf><Strd><RfrdDocInf><RfrdDocTp><Prtry>002</Prtry></RfrdDocTp></RfrdDocInf><AddtlRmtInf>NO REF</AddtlRmtInf></Strd><Strd><AddtlRmtInf>PayPal//PPWDL4ER22AL7NT3U6</AddtlRmtInf></Strd></RmtInf><RltdDts><TxDtTm>2018-09-22T14:51:39</TxDtTm></RltdDts><AddtlTxInf>PPWD00000000APBIM81020180922826235262</AddtlTxInf></TxDtls><AddtlNtryInf>COMPLETE//0000//003//CREDIT</AddtlNtryInf></Ntry><Ntry><Amt Ccy="GBP">90.00</Amt><CdtDbtInd>CRDT</CdtDbtInd><Sts>BOOK</Sts><BookgDt><Dt>2018-09-24</Dt></BookgDt><BkTxCd><Prtry><Cd>SIP UKBA CR 40269</Cd></Prtry></BkTxCd><TxDtls><Refs><EndToEndId>PPWD00000000APBIUU</EndToEndId><TxId>PPWD00000000APBIUU</TxId></Refs><RltdPties><Dbtr><Nm>PayPal</Nm><PstlAdr><AdrLine>2211 N 1st Street San Jose CA 95131</AdrLine><Ctry/></PstlAdr></Dbtr><DbtrAcct><Id><PrtryAcct><Id>23526278959595</Id></PrtryAcct></Id></DbtrAcct><Cdtr><Nm>Great Wazzy Pet Wear</Nm><PstlAdr><AdrLine>100 Surbiton Hill Park</AdrLine><Ctry/></PstlAdr></Cdtr><CdtrAcct><Id><PrtryAcct><Id>23008200454553</Id></PrtryAcct></Id></CdtrAcct><Prtry><Tp>PPWDL4ER22AL7NUMEE</Tp><Pty/></Prtry></RltdPties><RmtInf><Strd><RfrdDocInf><RfrdDocTp><Prtry>002</Prtry></RfrdDocTp></RfrdDocInf><AddtlRmtInf>NO REF</AddtlRmtInf></Strd><Strd><AddtlRmtInf>PayPal//PPWDL4ER22AL7NUMEE</AddtlRmtInf></Strd></RmtInf><RltdDts><TxDtTm>2018-09-22T14:52:27</TxDtTm></RltdDts><AddtlTxInf>PPWD00000000APBIUU1020180922826235262</AddtlTxInf></TxDtls><AddtlNtryInf>COMPLETE//0000//003//CREDIT</AddtlNtryInf></Ntry><Ntry><Amt Ccy="GBP">962.00</Amt><CdtDbtInd>CRDT</CdtDbtInd><Sts>BOOK</Sts><BookgDt><Dt>2018-09-24</Dt></BookgDt><BkTxCd><Prtry><Cd>SIP UKBA CR 40269</Cd></Prtry></BkTxCd><TxDtls><Refs><EndToEndId>D ROBINSON</EndToEndId><TxId>16145245810997000N</TxId><Prtry><Tp>STO REF</Tp><Ref>0000</Ref></Prtry></Refs><RltdPties><Dbtr><Nm>ROBINSOND/CP</Nm></Dbtr><DbtrAcct><Id><PrtryAcct><Id>60103513010220</Id></PrtryAcct></Id></DbtrAcct><Cdtr><Nm>FLIGHT SCANNERS</Nm></Cdtr><CdtrAcct><Id><PrtryAcct><Id>23008200459865</Id></PrtryAcct></Id></CdtrAcct><Prtry><Tp>D ROBINSON</Tp><Pty/></Prtry></RltdPties><RmtInf><Strd><AddtlRmtInf>ROBINSOND/CP      D ROBINSON        VIA ONLINE - PYMT</AddtlRmtInf></Strd><Strd><AddtlRmtInf>ROBINSOND/CP//D ROBINSON</AddtlRmtInf></Strd></RmtInf><RltdDts><TxDtTm>2018-09-22T14:52:46</TxDtTm></RltdDts><AddtlTxInf>16145245810997000N1020180922826601035</AddtlTxInf></TxDtls><AddtlNtryInf>COMPLETE//0000//003//CREDIT</AddtlNtryInf></Ntry><Ntry><Amt Ccy="GBP">317.89</Amt><CdtDbtInd>CRDT</CdtDbtInd><Sts>BOOK</Sts><BookgDt><Dt>2018-09-24</Dt></BookgDt><BkTxCd><Prtry><Cd>SIP UKBA CR 40269</Cd></Prtry></BkTxCd><TxDtls><Refs><EndToEndId>RICKY HIGGS EBAY</EndToEndId><TxId>34145258421572000N</TxId><Prtry><Tp>STO REF</Tp><Ref>0000</Ref></Prtry></Refs><RltdPties><Dbtr><Nm>HIGGS E A G T/A</Nm></Dbtr><DbtrAcct><Id><PrtryAcct><Id>51610213217011</Id></PrtryAcct></Id></DbtrAcct><Cdtr><Nm>MR PAUL CUMMINGS</Nm></Cdtr><CdtrAcct><Id><PrtryAcct><Id>23008200368493</Id></PrtryAcct></Id></CdtrAcct><Prtry><Tp>RICKY HIGGS EBAY</Tp><Pty/></Prtry></RltdPties><RmtInf><Strd><AddtlRmtInf>HIGGS E A G T/A   RICKY HIGGS EBAY  VIA ONLINE - PYMT</AddtlRmtInf></Strd><Strd><AddtlRmtInf>HIGGS E A G T/A//RICKY HIGGS EBAY</AddtlRmtInf></Strd></RmtInf><RltdDts><TxDtTm>2018-09-22T14:52:58</TxDtTm></RltdDts><AddtlTxInf>34145258421572000N1020180922826516102</AddtlTxInf></TxDtls><AddtlNtryInf>COMPLETE//0000//003//CREDIT</AddtlNtryInf></Ntry><Ntry><Amt Ccy="GBP">200.00</Amt><CdtDbtInd>CRDT</CdtDbtInd><Sts>BOOK</Sts><BookgDt><Dt>2018-09-24</Dt></BookgDt><BkTxCd><Prtry><Cd>SIP UKBA CR 40269</Cd></Prtry></BkTxCd><TxDtls><Refs><EndToEndId>NOREF</EndToEndId><TxId>PRIDBT0MCA9KN5NAXH</TxId></Refs><RltdPties><Dbtr><Nm>Bledar Cerri</Nm><PstlAdr><AdrLine>15 Victor Villas, N9 9UP</AdrLine><Ctry/></PstlAdr></Dbtr><DbtrAcct><Id><PrtryAcct><Id>04000481943894</Id></PrtryAcct></Id></DbtrAcct><Cdtr><Nm>Alberto Bonneta</Nm></Cdtr><CdtrAcct><Id><PrtryAcct><Id>23008200398375</Id></PrtryAcct></Id></CdtrAcct></RltdPties><RmtInf><Strd><AddtlRmtInf>NO REF</AddtlRmtInf></Strd><Strd><AddtlRmtInf>Bledar Cerri//</AddtlRmtInf></Strd></RmtInf><RltdDts><TxDtTm>2018-09-22T14:56:44</TxDtTm></RltdDts><AddtlTxInf>PRIDBT0MCA9KN5NAXH1020180922826040004</AddtlTxInf></TxDtls><AddtlNtryInf>COMPLETE//0000//003//CREDIT</AddtlNtryInf></Ntry><Ntry><Amt Ccy="GBP">100.00</Amt><CdtDbtInd>CRDT</CdtDbtInd><Sts>BOOK</Sts><BookgDt><Dt>2018-09-24</Dt></BookgDt><BkTxCd><Prtry><Cd>SIP UKBA CR 40269</Cd></Prtry></BkTxCd><TxDtls><Refs><EndToEndId>00157771632BBKJKFV</EndToEndId><TxId>00157771632BBKJKFV</TxId></Refs><RltdPties><Dbtr><Nm>MICHAEL DAVIES</Nm></Dbtr><DbtrAcct><Id><PrtryAcct><Id>09012832591885</Id></PrtryAcct></Id></DbtrAcct><Cdtr><Nm>MICHAEL DAVIES</Nm></Cdtr><CdtrAcct><Id><PrtryAcct><Id>23008200185621</Id></PrtryAcct></Id></CdtrAcct><Prtry><Tp>CREDIT</Tp><Pty/></Prtry></RltdPties><RmtInf><Strd><AddtlRmtInf>NO REF</AddtlRmtInf></Strd><Strd><AddtlRmtInf>MICHAEL DAVIES//CREDIT</AddtlRmtInf></Strd></RmtInf><RltdDts><TxDtTm>2018-09-22T14:57:53</TxDtTm></RltdDts><AddtlTxInf>00157771632BBKJKFV1020180922826090128</AddtlTxInf></TxDtls><AddtlNtryInf>COMPLETE//0000//003//CREDIT</AddtlNtryInf></Ntry><Ntry><Amt Ccy="GBP">20.00</Amt><CdtDbtInd>CRDT</CdtDbtInd><Sts>BOOK</Sts><BookgDt><Dt>2018-09-24</Dt></BookgDt><BkTxCd><Prtry><Cd>SIP UKBA CR 40269</Cd></Prtry></BkTxCd><TxDtls><Refs><EndToEndId>NOREF</EndToEndId><TxId>500000000390953607</TxId></Refs><RltdPties><Dbtr><Nm>C Mumford</Nm></Dbtr><DbtrAcct><Id><PrtryAcct><Id>11082200138064</Id></PrtryAcct></Id></DbtrAcct><Cdtr><Nm>daniel cooper</Nm></Cdtr><CdtrAcct><Id><PrtryAcct><Id>23008200369288</Id></PrtryAcct></Id></CdtrAcct><Prtry><Tp>mum</Tp><Pty/></Prtry></RltdPties><RmtInf><Strd><AddtlRmtInf>NO REF</AddtlRmtInf></Strd><Strd><AddtlRmtInf>C Mumford//mum</AddtlRmtInf></Strd></RmtInf><RltdDts><TxDtTm>2018-09-22T14:58:45</TxDtTm></RltdDts><AddtlTxInf>5000000003909536071020180922826110822</AddtlTxInf></TxDtls><AddtlNtryInf>COMPLETE//0000//003//CREDIT</AddtlNtryInf></Ntry></Ntfctn></BkToCstmrDbtCdtNtfctnV01></Document>