<?xml version="1.0" encoding="UTF-8"?><Document xmlns:xsi="http://www.w3.org/2001/XMLSchema-instance" xmlns="urn:iso:std:iso:20022:tech:xsd:camt.054.001.01"><BkToCstmrDbtCdtNtfctnV01><GrpHdr><MsgId>80309K//13292</MsgId><CreDtTm>2018-09-25T01:30:00</CreDtTm></GrpHdr><Ntfctn><Id>80309K//13292//1</Id><CreDtTm>2018-09-25T01:30:00</CreDtTm><Acct><Id><PrtryAcct><Id>20594233939774</Id></PrtryAcct></Id><Ccy>GBP</Ccy></Acct><TxsSummry><TtlNtries><NbOfNtries>3</NbOfNtries><Sum>549.20</Sum></TtlNtries><TtlCdtNtries><NbOfNtries>3</NbOfNtries><Sum>549.20</Sum></TtlCdtNtries><TtlDbtNtries><NbOfNtries>0</NbOfNtries><Sum>0.00</Sum></TtlDbtNtries></TxsSummry><Ntry><Amt Ccy="GBP">25.00</Amt><CdtDbtInd>CRDT</CdtDbtInd><Sts>BOOK</Sts><BookgDt><Dt>2018-09-25</Dt></BookgDt><BkTxCd><Prtry><Cd>SIP UKBA CR 40269</Cd></Prtry></BkTxCd><TxDtls><Refs><EndToEndId>NOREF</EndToEndId><TxId>PEWWK6J035XPX87963</TxId></Refs><RltdPties><Dbtr><Nm>Jamal Trimmer</Nm><PstlAdr><AdrLine>75 Blegborough Road, SW16 6DL</AdrLine><Ctry/></PstlAdr></Dbtr><DbtrAcct><Id><PrtryAcct><Id>04000458163418</Id></PrtryAcct></Id></DbtrAcct><Cdtr><Nm>Gracs Daniel Thomas</Nm></Cdtr><CdtrAcct><Id><PrtryAcct><Id>23008200409127</Id></PrtryAcct></Id></CdtrAcct><Prtry><Tp>Friend</Tp><Pty/></Prtry></RltdPties><RmtInf><Strd><AddtlRmtInf>NO REF</AddtlRmtInf></Strd><Strd><AddtlRmtInf>Jamal Trimmer//Friend</AddtlRmtInf></Strd></RmtInf><RltdDts><TxDtTm>2018-09-25T01:07:47</TxDtTm></RltdDts><AddtlTxInf>PEWWK6J035XPX879631020180925826040004</AddtlTxInf></TxDtls><AddtlNtryInf>COMPLETE//0000//003//CREDIT</AddtlNtryInf></Ntry><Ntry><Amt Ccy="GBP">519.20</Amt><CdtDbtInd>CRDT</CdtDbtInd><Sts>BOOK</Sts><BookgDt><Dt>2018-09-25</Dt></BookgDt><BkTxCd><Prtry><Cd>FDP UKBA CR 40269</Cd></Prtry></BkTxCd><TxDtls><Refs><EndToEndId>NOREF</EndToEndId><TxId>RP4673562638815800</TxId></Refs><RltdPties><Dbtr><Nm>ALLFIEL CON LTD</Nm></Dbtr><DbtrAcct><Id><PrtryAcct><Id>20691583361748</Id></PrtryAcct></Id></DbtrAcct><Cdtr><Nm>JURIJ KOLIATO</Nm></Cdtr><CdtrAcct><Id><PrtryAcct><Id>23008200152218</Id></PrtryAcct></Id></CdtrAcct><Prtry><Tp>B120818</Tp><Pty/></Prtry></RltdPties><RmtInf><Strd><AddtlRmtInf>NO REF</AddtlRmtInf></Strd><Strd><AddtlRmtInf>ALLFIEL CON LTD//B120818</AddtlRmtInf></Strd></RmtInf><RltdDts><TxDtTm>2018-09-25T01:15:24</TxDtTm></RltdDts><AddtlTxInf>RP46735626388158004020180925826200026</AddtlTxInf></TxDtls><AddtlNtryInf>COMPLETE//0000//003//CREDIT</AddtlNtryInf></Ntry><Ntry><Amt Ccy="GBP">5.00</Amt><CdtDbtInd>CRDT</CdtDbtInd><Sts>BOOK</Sts><BookgDt><Dt>2018-09-25</Dt></BookgDt><BkTxCd><Prtry><Cd>STO UKBA CR 40267</Cd></Prtry></BkTxCd><TxDtls><Refs><EndToEndId>NOREF</EndToEndId><TxId>RP4652284842585200</TxId></Refs><RltdPties><Dbtr><Nm>BOYLE L BPO</Nm></Dbtr><DbtrAcct><Id><PrtryAcct><Id>20615170078514</Id></PrtryAcct></Id></DbtrAcct><Cdtr><Nm>BLANK CANVAS MISS</Nm></Cdtr><CdtrAcct><Id><PrtryAcct><Id>23008200037066</Id></PrtryAcct></Id></CdtrAcct><Prtry><Tp>BREAKFAST</Tp><Pty/></Prtry></RltdPties><RmtInf><Strd><AddtlRmtInf>NO REF</AddtlRmtInf></Strd><Strd><AddtlRmtInf>BOYLE L BPO//BREAKFAST</AddtlRmtInf></Strd></RmtInf><RltdDts><TxDtTm>2018-09-25T01:26:33</TxDtTm></RltdDts><AddtlTxInf>RP46522848425852003020180925826200026</AddtlTxInf></TxDtls><AddtlNtryInf>COMPLETE//0000//003//CREDIT</AddtlNtryInf></Ntry></Ntfctn></BkToCstmrDbtCdtNtfctnV01></Document>