<?xml version="1.0" encoding="UTF-8"?><Document xmlns:xsi="http://www.w3.org/2001/XMLSchema-instance" xmlns="urn:iso:std:iso:20022:tech:xsd:camt.054.001.01"><BkToCstmrDbtCdtNtfctnV01><GrpHdr><MsgId>80309K//13372</MsgId><CreDtTm>2018-09-26T21:30:00</CreDtTm></GrpHdr><Ntfctn><Id>80309K//13372//1</Id><CreDtTm>2018-09-26T21:30:00</CreDtTm><Acct><Id><PrtryAcct><Id>20594233939774</Id></PrtryAcct></Id><Ccy>GBP</Ccy></Acct><TxsSummry><TtlNtries><NbOfNtries>6</NbOfNtries><Sum>2876.12</Sum></TtlNtries><TtlCdtNtries><NbOfNtries>6</NbOfNtries><Sum>2876.12</Sum></TtlCdtNtries><TtlDbtNtries><NbOfNtries>0</NbOfNtries><Sum>0.00</Sum></TtlDbtNtries></TxsSummry><Ntry><Amt Ccy="GBP">2500.00</Amt><CdtDbtInd>CRDT</CdtDbtInd><Sts>BOOK</Sts><BookgDt><Dt>2018-09-27</Dt></BookgDt><BkTxCd><Prtry><Cd>FDP UKBA CR 40269</Cd></Prtry></BkTxCd><TxDtls><Refs><EndToEndId>NOREF</EndToEndId><TxId>251616104151629001</TxId><Prtry><Tp>STO REF</Tp><Ref>0000</Ref></Prtry></Refs><RltdPties><Dbtr><Nm>BROWN D M</Nm></Dbtr><DbtrAcct><Id><PrtryAcct><Id>40434411523767</Id></PrtryAcct></Id></DbtrAcct><Cdtr><Nm>Ciprian suciu</Nm></Cdtr><CdtrAcct><Id><PrtryAcct><Id>23008200025003</Id></PrtryAcct></Id></CdtrAcct><Prtry><Tp>insurance</Tp><Pty/></Prtry></RltdPties><RmtInf><Strd><AddtlRmtInf>NO REF</AddtlRmtInf></Strd><Strd><AddtlRmtInf>BROWN D M//insurance</AddtlRmtInf></Strd></RmtInf><RltdDts><TxDtTm>2018-09-26T21:00:08</TxDtTm></RltdDts><AddtlTxInf>2516161041516290014020180926826404344</AddtlTxInf></TxDtls><AddtlNtryInf>COMPLETE//0000//003//CREDIT</AddtlNtryInf></Ntry><Ntry><Amt Ccy="GBP">11.00</Amt><CdtDbtInd>CRDT</CdtDbtInd><Sts>BOOK</Sts><BookgDt><Dt>2018-09-27</Dt></BookgDt><BkTxCd><Prtry><Cd>SIP UKBA CR 40269</Cd></Prtry></BkTxCd><TxDtls><Refs><EndToEndId>000000FT182690R0J1</EndToEndId><TxId>000000FT182690R0J1</TxId></Refs><RltdPties><Dbtr><Nm>VIVIEN EVELYN PAP</Nm><PstlAdr><AdrLine>APARTMENT 49, STATION HOUSE;LONDON</AdrLine><Ctry/></PstlAdr></Dbtr><DbtrAcct><Id><PrtryAcct><Id>23058020270039</Id></PrtryAcct></Id></DbtrAcct><Cdtr><Nm>O Kushimo</Nm><PstlAdr><AdrLine>NA</AdrLine><Ctry/></PstlAdr></Cdtr><CdtrAcct><Id><PrtryAcct><Id>23008200304117</Id></PrtryAcct></Id></CdtrAcct><Prtry><Tp>ARRO LND</Tp><Pty/></Prtry></RltdPties><RmtInf><Strd><AddtlRmtInf>NO REF</AddtlRmtInf></Strd><Strd><AddtlRmtInf>VIVIEN EVELYN PAP//ARRO LND</AddtlRmtInf></Strd></RmtInf><RltdDts><TxDtTm>2018-09-26T21:08:12</TxDtTm></RltdDts><AddtlTxInf>000000FT182690R0J11020180926826230580</AddtlTxInf></TxDtls><AddtlNtryInf>COMPLETE//0000//003//CREDIT</AddtlNtryInf></Ntry><Ntry><Amt Ccy="GBP">2.00</Amt><CdtDbtInd>CRDT</CdtDbtInd><Sts>BOOK</Sts><BookgDt><Dt>2018-09-27</Dt></BookgDt><BkTxCd><Prtry><Cd>SIP UKBA CR 40269</Cd></Prtry></BkTxCd><TxDtls><Refs><EndToEndId>NOREF</EndToEndId><TxId>300000000395800902</TxId></Refs><RltdPties><Dbtr><Nm>W Raymond</Nm></Dbtr><DbtrAcct><Id><PrtryAcct><Id>11113100399694</Id></PrtryAcct></Id></DbtrAcct><Cdtr><Nm>WINWIN ARRO</Nm></Cdtr><CdtrAcct><Id><PrtryAcct><Id>23008200439025</Id></PrtryAcct></Id></CdtrAcct><Prtry><Tp>BAGS</Tp><Pty/></Prtry></RltdPties><RmtInf><Strd><AddtlRmtInf>NO REF</AddtlRmtInf></Strd><Strd><AddtlRmtInf>W Raymond//BAGS</AddtlRmtInf></Strd></RmtInf><RltdDts><TxDtTm>2018-09-26T21:11:40</TxDtTm></RltdDts><AddtlTxInf>3000000003958009021020180926826111131</AddtlTxInf></TxDtls><AddtlNtryInf>COMPLETE//0000//003//CREDIT</AddtlNtryInf></Ntry><Ntry><Amt Ccy="GBP">100.00</Amt><CdtDbtInd>CRDT</CdtDbtInd><Sts>BOOK</Sts><BookgDt><Dt>2018-09-27</Dt></BookgDt><BkTxCd><Prtry><Cd>SIP UKBA CR 40269</Cd></Prtry></BkTxCd><TxDtls><Refs><EndToEndId>NOREF</EndToEndId><TxId>400000000396952084</TxId></Refs><RltdPties><Dbtr><Nm>H Poulter</Nm></Dbtr><DbtrAcct><Id><PrtryAcct><Id>30996116428760</Id></PrtryAcct></Id></DbtrAcct><Cdtr><Nm>JOHN GOW</Nm></Cdtr><CdtrAcct><Id><PrtryAcct><Id>23008200451162</Id></PrtryAcct></Id></CdtrAcct><Prtry><Tp>GARRETT AT PRO-1ST</Tp><Pty/></Prtry></RltdPties><RmtInf><Strd><AddtlRmtInf>NO REF</AddtlRmtInf></Strd><Strd><AddtlRmtInf>H Poulter//GARRETT AT PRO-1ST</AddtlRmtInf></Strd></RmtInf><RltdDts><TxDtTm>2018-09-26T21:15:01</TxDtTm></RltdDts><AddtlTxInf>4000000003969520841020180926826309961</AddtlTxInf></TxDtls><AddtlNtryInf>COMPLETE//0000//003//CREDIT</AddtlNtryInf></Ntry><Ntry><Amt Ccy="GBP">10.00</Amt><CdtDbtInd>CRDT</CdtDbtInd><Sts>BOOK</Sts><BookgDt><Dt>2018-09-27</Dt></BookgDt><BkTxCd><Prtry><Cd>SIP UKBA CR 40269</Cd></Prtry></BkTxCd><TxDtls><Refs><EndToEndId>DAD</EndToEndId><TxId>07211833836892000N</TxId><Prtry><Tp>STO REF</Tp><Ref>0000</Ref></Prtry></Refs><RltdPties><Dbtr><Nm>LARNDER-SMITH SA</Nm></Dbtr><DbtrAcct><Id><PrtryAcct><Id>55502864581667</Id></PrtryAcct></Id></DbtrAcct><Cdtr><Nm>CORY LARNDER-SMITH</Nm></Cdtr><CdtrAcct><Id><PrtryAcct><Id>23008200246431</Id></PrtryAcct></Id></CdtrAcct><Prtry><Tp>DAD</Tp><Pty/></Prtry></RltdPties><RmtInf><Strd><AddtlRmtInf>LARNDER-SMITH SA  DAD               VIA MOBILE - PYMT</AddtlRmtInf></Strd><Strd><AddtlRmtInf>LARNDER-SMITH SA//DAD</AddtlRmtInf></Strd></RmtInf><RltdDts><TxDtTm>2018-09-26T21:18:34</TxDtTm></RltdDts><AddtlTxInf>07211833836892000N1020180926826555028</AddtlTxInf></TxDtls><AddtlNtryInf>COMPLETE//0000//003//CREDIT</AddtlNtryInf></Ntry><Ntry><Amt Ccy="GBP">253.12</Amt><CdtDbtInd>CRDT</CdtDbtInd><Sts>BOOK</Sts><BookgDt><Dt>2018-09-27</Dt></BookgDt><BkTxCd><Prtry><Cd>SIP UKBA CR 40269</Cd></Prtry></BkTxCd><TxDtls><Refs><EndToEndId>NOREF</EndToEndId><TxId>FP18269O09303176</TxId></Refs><RltdPties><Dbtr><Nm>Hunter Mark</Nm></Dbtr><DbtrAcct><Id><PrtryAcct><Id>07024622224126</Id></PrtryAcct></Id></DbtrAcct><Cdtr><Nm>D KHAREL</Nm></Cdtr><CdtrAcct><Id><PrtryAcct><Id>23008200469047</Id></PrtryAcct></Id></CdtrAcct><Prtry><Tp>00469047</Tp><Pty/></Prtry></RltdPties><RmtInf><Strd><AddtlRmtInf>NO REF</AddtlRmtInf></Strd><Strd><AddtlRmtInf>Hunter Mark//00469047</AddtlRmtInf></Strd></RmtInf><RltdDts><TxDtTm>2018-09-26T21:26:59</TxDtTm></RltdDts><AddtlTxInf>FP18269O09303176  1020180926826070246</AddtlTxInf></TxDtls><AddtlNtryInf>COMPLETE//0000//003//CREDIT</AddtlNtryInf></Ntry></Ntfctn></BkToCstmrDbtCdtNtfctnV01></Document>