<?xml version="1.0" encoding="UTF-8"?><Document xmlns:xsi="http://www.w3.org/2001/XMLSchema-instance" xmlns="urn:iso:std:iso:20022:tech:xsd:camt.054.001.01"><BkToCstmrDbtCdtNtfctnV01><GrpHdr><MsgId>80309K//12574</MsgId><CreDtTm>2018-09-08T05:30:00</CreDtTm></GrpHdr><Ntfctn><Id>80309K//12574//1</Id><CreDtTm>2018-09-08T05:30:00</CreDtTm><Acct><Id><PrtryAcct><Id>20594233939774</Id></PrtryAcct></Id><Ccy>GBP</Ccy></Acct><TxsSummry><TtlNtries><NbOfNtries>1</NbOfNtries><Sum>20.00</Sum></TtlNtries><TtlCdtNtries><NbOfNtries>1</NbOfNtries><Sum>20.00</Sum></TtlCdtNtries><TtlDbtNtries><NbOfNtries>0</NbOfNtries><Sum>0.00</Sum></TtlDbtNtries></TxsSummry><Ntry><Amt Ccy="GBP">20.00</Amt><CdtDbtInd>CRDT</CdtDbtInd><Sts>BOOK</Sts><BookgDt><Dt>2018-09-10</Dt></BookgDt><BkTxCd><Prtry><Cd>SIP UKBA CR 40269</Cd></Prtry></BkTxCd><TxDtls><Refs><EndToEndId>TERRI</EndToEndId><TxId>21051544696322000N</TxId><Prtry><Tp>STO REF</Tp><Ref>0000</Ref></Prtry></Refs><RltdPties><Dbtr><Nm>SMITH T</Nm></Dbtr><DbtrAcct><Id><PrtryAcct><Id>60053323463694</Id></PrtryAcct></Id></DbtrAcct><Cdtr><Nm>ARRO ACCOUNT</Nm></Cdtr><CdtrAcct><Id><PrtryAcct><Id>23008200361543</Id></PrtryAcct></Id></CdtrAcct><Prtry><Tp>TERRI</Tp><Pty/></Prtry></RltdPties><RmtInf><Strd><AddtlRmtInf>SMITH T           TERRI             VIA MOBILE - LVP</AddtlRmtInf></Strd><Strd><AddtlRmtInf>SMITH T//TERRI</AddtlRmtInf></Strd></RmtInf><RltdDts><TxDtTm>2018-09-08T05:15:45</TxDtTm></RltdDts><AddtlTxInf>21051544696322000N1020180908826600533</AddtlTxInf></TxDtls><AddtlNtryInf>COMPLETE//0000//003//CREDIT</AddtlNtryInf></Ntry></Ntfctn></BkToCstmrDbtCdtNtfctnV01></Document>