<?xml version="1.0" encoding="UTF-8"?><Document xmlns:xsi="http://www.w3.org/2001/XMLSchema-instance" xmlns="urn:iso:std:iso:20022:tech:xsd:camt.054.001.01"><BkToCstmrDbtCdtNtfctnV01><GrpHdr><MsgId>80309K//12875</MsgId><CreDtTm>2018-09-15T09:00:00</CreDtTm></GrpHdr><Ntfctn><Id>80309K//12875//1</Id><CreDtTm>2018-09-15T09:00:00</CreDtTm><Acct><Id><PrtryAcct><Id>20594233939774</Id></PrtryAcct></Id><Ccy>GBP</Ccy></Acct><TxsSummry><TtlNtries><NbOfNtries>3</NbOfNtries><Sum>360.78</Sum></TtlNtries><TtlCdtNtries><NbOfNtries>3</NbOfNtries><Sum>360.78</Sum></TtlCdtNtries><TtlDbtNtries><NbOfNtries>0</NbOfNtries><Sum>0.00</Sum></TtlDbtNtries></TxsSummry><Ntry><Amt Ccy="GBP">0.78</Amt><CdtDbtInd>CRDT</CdtDbtInd><Sts>BOOK</Sts><BookgDt><Dt>2018-09-17</Dt></BookgDt><BkTxCd><Prtry><Cd>SIP UKBA CR 40269</Cd></Prtry></BkTxCd><TxDtls><Refs><EndToEndId>NOREF</EndToEndId><TxId>RP4679961435888900</TxId></Refs><RltdPties><Dbtr><Nm>LUCAS L</Nm></Dbtr><DbtrAcct><Id><PrtryAcct><Id>20709420597066</Id></PrtryAcct></Id></DbtrAcct><Cdtr><Nm>MRS LUCY LUCAS</Nm></Cdtr><CdtrAcct><Id><PrtryAcct><Id>23008200426931</Id></PrtryAcct></Id></CdtrAcct><Prtry><Tp>..</Tp><Pty/></Prtry></RltdPties><RmtInf><Strd><AddtlRmtInf>NO REF</AddtlRmtInf></Strd><Strd><AddtlRmtInf>LUCAS L//..</AddtlRmtInf></Strd></RmtInf><RltdDts><TxDtTm>2018-09-15T08:39:46</TxDtTm></RltdDts><AddtlTxInf>RP46799614358889001020180915826200026</AddtlTxInf></TxDtls><AddtlNtryInf>COMPLETE//0000//003//CREDIT</AddtlNtryInf></Ntry><Ntry><Amt Ccy="GBP">60.00</Amt><CdtDbtInd>CRDT</CdtDbtInd><Sts>BOOK</Sts><BookgDt><Dt>2018-09-17</Dt></BookgDt><BkTxCd><Prtry><Cd>SIP UKBA CR 40269</Cd></Prtry></BkTxCd><TxDtls><Refs><EndToEndId>NOREF</EndToEndId><TxId>967070357480519001</TxId><Prtry><Tp>STO REF</Tp><Ref>0000</Ref></Prtry></Refs><RltdPties><Dbtr><Nm>OPRIS</Nm></Dbtr><DbtrAcct><Id><PrtryAcct><Id>40160854355199</Id></PrtryAcct></Id></DbtrAcct><Cdtr><Nm>VALLCARE</Nm></Cdtr><CdtrAcct><Id><PrtryAcct><Id>23008200037344</Id></PrtryAcct></Id></CdtrAcct><Prtry><Tp>Rent</Tp><Pty/></Prtry></RltdPties><RmtInf><Strd><AddtlRmtInf>NO REF</AddtlRmtInf></Strd><Strd><AddtlRmtInf>OPRIS//Rent</AddtlRmtInf></Strd></RmtInf><RltdDts><TxDtTm>2018-09-15T08:47:53</TxDtTm></RltdDts><AddtlTxInf>9670703574805190011020180915826401608</AddtlTxInf></TxDtls><AddtlNtryInf>COMPLETE//0000//003//CREDIT</AddtlNtryInf></Ntry><Ntry><Amt Ccy="GBP">300.00</Amt><CdtDbtInd>CRDT</CdtDbtInd><Sts>BOOK</Sts><BookgDt><Dt>2018-09-17</Dt></BookgDt><BkTxCd><Prtry><Cd>SIP UKBA CR 40269</Cd></Prtry></BkTxCd><TxDtls><Refs><EndToEndId>STARLING-YE78126590XLVJ06M3</EndToEndId><TxId>YE78126590XLVJ06M3</TxId></Refs><RltdPties><Dbtr><Nm>Ragul Ltd</Nm></Dbtr><DbtrAcct><Id><PrtryAcct><Id>60837180234100</Id></PrtryAcct></Id></DbtrAcct><Cdtr><Nm>ragul</Nm></Cdtr><CdtrAcct><Id><PrtryAcct><Id>23008200320059</Id></PrtryAcct></Id></CdtrAcct><Prtry><Tp>arro</Tp><Pty/></Prtry></RltdPties><RmtInf><Strd><AddtlRmtInf>NO REF</AddtlRmtInf></Strd><Strd><AddtlRmtInf>Ragul Ltd//arro</AddtlRmtInf></Strd></RmtInf><RltdDts><TxDtTm>2018-09-15T08:47:57</TxDtTm></RltdDts><AddtlTxInf>YE78126590XLVJ06M31020180915826608371</AddtlTxInf></TxDtls><AddtlNtryInf>COMPLETE//0000//003//CREDIT</AddtlNtryInf></Ntry></Ntfctn></BkToCstmrDbtCdtNtfctnV01></Document>