<?xml version="1.0" encoding="UTF-8"?><Document xmlns:xsi="http://www.w3.org/2001/XMLSchema-instance" xmlns="urn:iso:std:iso:20022:tech:xsd:camt.054.001.01"><BkToCstmrDbtCdtNtfctnV01><GrpHdr><MsgId>80309K//13342</MsgId><CreDtTm>2018-09-26T06:30:00</CreDtTm></GrpHdr><Ntfctn><Id>80309K//13342//1</Id><CreDtTm>2018-09-26T06:30:00</CreDtTm><Acct><Id><PrtryAcct><Id>20594233939774</Id></PrtryAcct></Id><Ccy>GBP</Ccy></Acct><TxsSummry><TtlNtries><NbOfNtries>2</NbOfNtries><Sum>441.00</Sum></TtlNtries><TtlCdtNtries><NbOfNtries>2</NbOfNtries><Sum>441.00</Sum></TtlCdtNtries><TtlDbtNtries><NbOfNtries>0</NbOfNtries><Sum>0.00</Sum></TtlDbtNtries></TxsSummry><Ntry><Amt Ccy="GBP">300.00</Amt><CdtDbtInd>CRDT</CdtDbtInd><Sts>BOOK</Sts><BookgDt><Dt>2018-09-26</Dt></BookgDt><BkTxCd><Prtry><Cd>SIP UKBA CR 40269</Cd></Prtry></BkTxCd><TxDtls><Refs><EndToEndId>ANETA</EndToEndId><TxId>39060848455078000N</TxId><Prtry><Tp>STO REF</Tp><Ref>0000</Ref></Prtry></Refs><RltdPties><Dbtr><Nm>ROMANSKA AH</Nm></Dbtr><DbtrAcct><Id><PrtryAcct><Id>60053323522011</Id></PrtryAcct></Id></DbtrAcct><Cdtr><Nm>ANETA ROMANSKA</Nm></Cdtr><CdtrAcct><Id><PrtryAcct><Id>23008200010458</Id></PrtryAcct></Id></CdtrAcct><Prtry><Tp>ANETA</Tp><Pty/></Prtry></RltdPties><RmtInf><Strd><AddtlRmtInf>ROMANSKA AH       ANETA             VIA ONLINE - PYMT</AddtlRmtInf></Strd><Strd><AddtlRmtInf>ROMANSKA AH//ANETA</AddtlRmtInf></Strd></RmtInf><RltdDts><TxDtTm>2018-09-26T06:08:48</TxDtTm></RltdDts><AddtlTxInf>39060848455078000N1020180926826600533</AddtlTxInf></TxDtls><AddtlNtryInf>COMPLETE//0000//003//CREDIT</AddtlNtryInf></Ntry><Ntry><Amt Ccy="GBP">141.00</Amt><CdtDbtInd>CRDT</CdtDbtInd><Sts>BOOK</Sts><BookgDt><Dt>2018-09-26</Dt></BookgDt><BkTxCd><Prtry><Cd>SIP UKBA CR 40269</Cd></Prtry></BkTxCd><TxDtls><Refs><EndToEndId>00156498632BBDCQTF</EndToEndId><TxId>00156498632BBDCQTF</TxId></Refs><RltdPties><Dbtr><Nm>GERALDINE HOBBS</Nm></Dbtr><DbtrAcct><Id><PrtryAcct><Id>09012888156892</Id></PrtryAcct></Id></DbtrAcct><Cdtr><Nm>MISS G HOBBS</Nm></Cdtr><CdtrAcct><Id><PrtryAcct><Id>23008200403200</Id></PrtryAcct></Id></CdtrAcct><Prtry><Tp>me</Tp><Pty/></Prtry></RltdPties><RmtInf><Strd><AddtlRmtInf>NO REF</AddtlRmtInf></Strd><Strd><AddtlRmtInf>GERALDINE HOBBS//me</AddtlRmtInf></Strd></RmtInf><RltdDts><TxDtTm>2018-09-26T06:28:59</TxDtTm></RltdDts><AddtlTxInf>00156498632BBDCQTF1020180926826090128</AddtlTxInf></TxDtls><AddtlNtryInf>COMPLETE//0000//003//CREDIT</AddtlNtryInf></Ntry></Ntfctn></BkToCstmrDbtCdtNtfctnV01></Document>