<?xml version="1.0" encoding="UTF-8"?><Document xmlns:xsi="http://www.w3.org/2001/XMLSchema-instance" xmlns="urn:iso:std:iso:20022:tech:xsd:camt.054.001.01"><BkToCstmrDbtCdtNtfctnV01><GrpHdr><MsgId>80309K//13001</MsgId><CreDtTm>2018-09-18T08:00:00</CreDtTm></GrpHdr><Ntfctn><Id>80309K//13001//1</Id><CreDtTm>2018-09-18T08:00:00</CreDtTm><Acct><Id><PrtryAcct><Id>20594233939774</Id></PrtryAcct></Id><Ccy>GBP</Ccy></Acct><TxsSummry><TtlNtries><NbOfNtries>7</NbOfNtries><Sum>1555.00</Sum></TtlNtries><TtlCdtNtries><NbOfNtries>7</NbOfNtries><Sum>1555.00</Sum></TtlCdtNtries><TtlDbtNtries><NbOfNtries>0</NbOfNtries><Sum>0.00</Sum></TtlDbtNtries></TxsSummry><Ntry><Amt Ccy="GBP">10.00</Amt><CdtDbtInd>CRDT</CdtDbtInd><Sts>BOOK</Sts><BookgDt><Dt>2018-09-18</Dt></BookgDt><BkTxCd><Prtry><Cd>SIP UKBA CR 40269</Cd></Prtry></BkTxCd><TxDtls><Refs><EndToEndId>NOREF</EndToEndId><TxId>200000000388004752</TxId></Refs><RltdPties><Dbtr><Nm>D Jones</Nm></Dbtr><DbtrAcct><Id><PrtryAcct><Id>11181132796104</Id></PrtryAcct></Id></DbtrAcct><Cdtr><Nm>DARRAN JONES</Nm></Cdtr><CdtrAcct><Id><PrtryAcct><Id>23008200125402</Id></PrtryAcct></Id></CdtrAcct><Prtry><Tp>ARRO</Tp><Pty/></Prtry></RltdPties><RmtInf><Strd><AddtlRmtInf>NO REF</AddtlRmtInf></Strd><Strd><AddtlRmtInf>D Jones//ARRO</AddtlRmtInf></Strd></RmtInf><RltdDts><TxDtTm>2018-09-18T07:37:44</TxDtTm></RltdDts><AddtlTxInf>2000000003880047521020180918826111811</AddtlTxInf></TxDtls><AddtlNtryInf>COMPLETE//0000//001//CREDIT</AddtlNtryInf></Ntry><Ntry><Amt Ccy="GBP">11.00</Amt><CdtDbtInd>CRDT</CdtDbtInd><Sts>BOOK</Sts><BookgDt><Dt>2018-09-18</Dt></BookgDt><BkTxCd><Prtry><Cd>SIP UKBA CR 40269</Cd></Prtry></BkTxCd><TxDtls><Refs><EndToEndId>N</EndToEndId><TxId>55074101163412000N</TxId><Prtry><Tp>STO REF</Tp><Ref>0000</Ref></Prtry></Refs><RltdPties><Dbtr><Nm>KHAN A</Nm></Dbtr><DbtrAcct><Id><PrtryAcct><Id>60214158096086</Id></PrtryAcct></Id></DbtrAcct><Cdtr><Nm>A KHAN</Nm></Cdtr><CdtrAcct><Id><PrtryAcct><Id>23008200451723</Id></PrtryAcct></Id></CdtrAcct><Prtry><Tp>N</Tp><Pty/></Prtry></RltdPties><RmtInf><Strd><AddtlRmtInf>KHAN A            N                 VIA MOBILE - LVP</AddtlRmtInf></Strd><Strd><AddtlRmtInf>KHAN A//N</AddtlRmtInf></Strd></RmtInf><RltdDts><TxDtTm>2018-09-18T07:41:01</TxDtTm></RltdDts><AddtlTxInf>55074101163412000N1020180918826602141</AddtlTxInf></TxDtls><AddtlNtryInf>COMPLETE//0000//001//CREDIT</AddtlNtryInf></Ntry><Ntry><Amt Ccy="GBP">25.00</Amt><CdtDbtInd>CRDT</CdtDbtInd><Sts>BOOK</Sts><BookgDt><Dt>2018-09-18</Dt></BookgDt><BkTxCd><Prtry><Cd>SIP UKBA CR 40269</Cd></Prtry></BkTxCd><TxDtls><Refs><EndToEndId>NOREF</EndToEndId><TxId>400000000394468890</TxId></Refs><RltdPties><Dbtr><Nm>I Bolam</Nm></Dbtr><DbtrAcct><Id><PrtryAcct><Id>30961501484850</Id></PrtryAcct></Id></DbtrAcct><Cdtr><Nm>WILL</Nm></Cdtr><CdtrAcct><Id><PrtryAcct><Id>23008200433862</Id></PrtryAcct></Id></CdtrAcct><Prtry><Tp>SYNDICATE</Tp><Pty/></Prtry></RltdPties><RmtInf><Strd><AddtlRmtInf>NO REF</AddtlRmtInf></Strd><Strd><AddtlRmtInf>I Bolam//SYNDICATE</AddtlRmtInf></Strd></RmtInf><RltdDts><TxDtTm>2018-09-18T07:45:12</TxDtTm></RltdDts><AddtlTxInf>4000000003944688901020180918826309615</AddtlTxInf></TxDtls><AddtlNtryInf>COMPLETE//0000//001//CREDIT</AddtlNtryInf></Ntry><Ntry><Amt Ccy="GBP">20.00</Amt><CdtDbtInd>CRDT</CdtDbtInd><Sts>BOOK</Sts><BookgDt><Dt>2018-09-18</Dt></BookgDt><BkTxCd><Prtry><Cd>SIP UKBA CR 40269</Cd></Prtry></BkTxCd><TxDtls><Refs><EndToEndId>NOREF</EndToEndId><TxId>500000000389671456</TxId></Refs><RltdPties><Dbtr><Nm>P Clarke</Nm></Dbtr><DbtrAcct><Id><PrtryAcct><Id>30976612489360</Id></PrtryAcct></Id></DbtrAcct><Cdtr><Nm>ARRO</Nm></Cdtr><CdtrAcct><Id><PrtryAcct><Id>23008200295821</Id></PrtryAcct></Id></CdtrAcct><Prtry><Tp>123</Tp><Pty/></Prtry></RltdPties><RmtInf><Strd><AddtlRmtInf>NO REF</AddtlRmtInf></Strd><Strd><AddtlRmtInf>P Clarke//123</AddtlRmtInf></Strd></RmtInf><RltdDts><TxDtTm>2018-09-18T07:46:08</TxDtTm></RltdDts><AddtlTxInf>5000000003896714561020180918826309766</AddtlTxInf></TxDtls><AddtlNtryInf>COMPLETE//0000//001//CREDIT</AddtlNtryInf></Ntry><Ntry><Amt Ccy="GBP">180.00</Amt><CdtDbtInd>CRDT</CdtDbtInd><Sts>BOOK</Sts><BookgDt><Dt>2018-09-18</Dt></BookgDt><BkTxCd><Prtry><Cd>SIP UKBA CR 40269</Cd></Prtry></BkTxCd><TxDtls><Refs><EndToEndId>NOREF</EndToEndId><TxId>100000000388014388</TxId></Refs><RltdPties><Dbtr><Nm>R Marshall-Vernon</Nm></Dbtr><DbtrAcct><Id><PrtryAcct><Id>11000108759229</Id></PrtryAcct></Id></DbtrAcct><Cdtr><Nm>NICOLE MARSHALL</Nm></Cdtr><CdtrAcct><Id><PrtryAcct><Id>23008200198932</Id></PrtryAcct></Id></CdtrAcct></RltdPties><RmtInf><Strd><AddtlRmtInf>NO REF</AddtlRmtInf></Strd><Strd><AddtlRmtInf>R Marshall-Vernon//</AddtlRmtInf></Strd></RmtInf><RltdDts><TxDtTm>2018-09-18T07:48:14</TxDtTm></RltdDts><AddtlTxInf>1000000003880143881020180918826110001</AddtlTxInf></TxDtls><AddtlNtryInf>COMPLETE//0000//001//CREDIT</AddtlNtryInf></Ntry><Ntry><Amt Ccy="GBP">9.00</Amt><CdtDbtInd>CRDT</CdtDbtInd><Sts>BOOK</Sts><BookgDt><Dt>2018-09-18</Dt></BookgDt><BkTxCd><Prtry><Cd>SIP UKBA CR 40269</Cd></Prtry></BkTxCd><TxDtls><Refs><EndToEndId>NOREF</EndToEndId><TxId>FP18261O02055393</TxId></Refs><RltdPties><Dbtr><Nm>Clark Andrew</Nm></Dbtr><DbtrAcct><Id><PrtryAcct><Id>07043640295428</Id></PrtryAcct></Id></DbtrAcct><Cdtr><Nm>AERO MONEY</Nm></Cdtr><CdtrAcct><Id><PrtryAcct><Id>23008200067366</Id></PrtryAcct></Id></CdtrAcct><Prtry><Tp>MASTERCARD</Tp><Pty/></Prtry></RltdPties><RmtInf><Strd><AddtlRmtInf>NO REF</AddtlRmtInf></Strd><Strd><AddtlRmtInf>Clark Andrew//MASTERCARD</AddtlRmtInf></Strd></RmtInf><RltdDts><TxDtTm>2018-09-18T07:55:30</TxDtTm></RltdDts><AddtlTxInf>FP18261O02055393  1020180918826070436</AddtlTxInf></TxDtls><AddtlNtryInf>COMPLETE//0000//001//CREDIT</AddtlNtryInf></Ntry><Ntry><Amt Ccy="GBP">1300.00</Amt><CdtDbtInd>CRDT</CdtDbtInd><Sts>BOOK</Sts><BookgDt><Dt>2018-09-18</Dt></BookgDt><BkTxCd><Prtry><Cd>SIP UKBA CR 40269</Cd></Prtry></BkTxCd><TxDtls><Refs><EndToEndId>NOREF</EndToEndId><TxId>200000000388008461</TxId></Refs><RltdPties><Dbtr><Nm>W Darlington</Nm></Dbtr><DbtrAcct><Id><PrtryAcct><Id>11045701390427</Id></PrtryAcct></Id></DbtrAcct><Cdtr><Nm>MALCOM LUCAS BTC</Nm></Cdtr><CdtrAcct><Id><PrtryAcct><Id>23008200439181</Id></PrtryAcct></Id></CdtrAcct><Prtry><Tp>WILL DARLINGTON S9</Tp><Pty/></Prtry></RltdPties><RmtInf><Strd><AddtlRmtInf>NO REF</AddtlRmtInf></Strd><Strd><AddtlRmtInf>W Darlington//WILL DARLINGTON S9</AddtlRmtInf></Strd></RmtInf><RltdDts><TxDtTm>2018-09-18T07:57:54</TxDtTm></RltdDts><AddtlTxInf>2000000003880084611020180918826110457</AddtlTxInf></TxDtls><AddtlNtryInf>COMPLETE//0000//001//CREDIT</AddtlNtryInf></Ntry></Ntfctn></BkToCstmrDbtCdtNtfctnV01></Document>