<?xml version="1.0" encoding="UTF-8"?><Document xmlns:xsi="http://www.w3.org/2001/XMLSchema-instance" xmlns="urn:iso:std:iso:20022:tech:xsd:camt.054.001.01"><BkToCstmrDbtCdtNtfctnV01><GrpHdr><MsgId>80309K//13205</MsgId><CreDtTm>2018-09-22T23:00:00</CreDtTm></GrpHdr><Ntfctn><Id>80309K//13205//1</Id><CreDtTm>2018-09-22T23:00:00</CreDtTm><Acct><Id><PrtryAcct><Id>20594233939774</Id></PrtryAcct></Id><Ccy>GBP</Ccy></Acct><TxsSummry><TtlNtries><NbOfNtries>2</NbOfNtries><Sum>40.00</Sum></TtlNtries><TtlCdtNtries><NbOfNtries>2</NbOfNtries><Sum>40.00</Sum></TtlCdtNtries><TtlDbtNtries><NbOfNtries>0</NbOfNtries><Sum>0.00</Sum></TtlDbtNtries></TxsSummry><Ntry><Amt Ccy="GBP">30.00</Amt><CdtDbtInd>CRDT</CdtDbtInd><Sts>BOOK</Sts><BookgDt><Dt>2018-09-24</Dt></BookgDt><BkTxCd><Prtry><Cd>SIP UKBA CR 40269</Cd></Prtry></BkTxCd><TxDtls><Refs><EndToEndId>NOREF</EndToEndId><TxId>200000000389362511</TxId></Refs><RltdPties><Dbtr><Nm>R Marshall-Vernon</Nm></Dbtr><DbtrAcct><Id><PrtryAcct><Id>11000108759229</Id></PrtryAcct></Id></DbtrAcct><Cdtr><Nm>NICOLE MARSHALL</Nm></Cdtr><CdtrAcct><Id><PrtryAcct><Id>23008200198932</Id></PrtryAcct></Id></CdtrAcct></RltdPties><RmtInf><Strd><AddtlRmtInf>NO REF</AddtlRmtInf></Strd><Strd><AddtlRmtInf>R Marshall-Vernon//</AddtlRmtInf></Strd></RmtInf><RltdDts><TxDtTm>2018-09-22T22:36:12</TxDtTm></RltdDts><AddtlTxInf>2000000003893625111020180922826110001</AddtlTxInf></TxDtls><AddtlNtryInf>COMPLETE//0000//003//CREDIT</AddtlNtryInf></Ntry><Ntry><Amt Ccy="GBP">10.00</Amt><CdtDbtInd>CRDT</CdtDbtInd><Sts>BOOK</Sts><BookgDt><Dt>2018-09-24</Dt></BookgDt><BkTxCd><Prtry><Cd>SIP UKBA CR 40269</Cd></Prtry></BkTxCd><TxDtls><Refs><EndToEndId>X</EndToEndId><TxId>61224547378568000N</TxId><Prtry><Tp>STO REF</Tp><Ref>0000</Ref></Prtry></Refs><RltdPties><Dbtr><Nm>BRIODY L</Nm></Dbtr><DbtrAcct><Id><PrtryAcct><Id>60302134888802</Id></PrtryAcct></Id></DbtrAcct><Cdtr><Nm>ME</Nm></Cdtr><CdtrAcct><Id><PrtryAcct><Id>23008200170994</Id></PrtryAcct></Id></CdtrAcct><Prtry><Tp>X</Tp><Pty/></Prtry></RltdPties><RmtInf><Strd><AddtlRmtInf>BRIODY L          X                 VIA MOBILE - LVP</AddtlRmtInf></Strd><Strd><AddtlRmtInf>BRIODY L//X</AddtlRmtInf></Strd></RmtInf><RltdDts><TxDtTm>2018-09-22T22:45:47</TxDtTm></RltdDts><AddtlTxInf>61224547378568000N1020180922826603021</AddtlTxInf></TxDtls><AddtlNtryInf>COMPLETE//0000//003//CREDIT</AddtlNtryInf></Ntry></Ntfctn></BkToCstmrDbtCdtNtfctnV01></Document>