<?xml version="1.0" encoding="UTF-8"?><Document xmlns:xsi="http://www.w3.org/2001/XMLSchema-instance" xmlns="urn:iso:std:iso:20022:tech:xsd:camt.054.001.01"><BkToCstmrDbtCdtNtfctnV01><GrpHdr><MsgId>80309K//12385</MsgId><CreDtTm>2018-09-04T00:00:00</CreDtTm></GrpHdr><Ntfctn><Id>80309K//12385//1</Id><CreDtTm>2018-09-04T00:00:00</CreDtTm><Acct><Id><PrtryAcct><Id>20594233939774</Id></PrtryAcct></Id><Ccy>GBP</Ccy></Acct><TxsSummry><TtlNtries><NbOfNtries>2</NbOfNtries><Sum>105.00</Sum></TtlNtries><TtlCdtNtries><NbOfNtries>2</NbOfNtries><Sum>105.00</Sum></TtlCdtNtries><TtlDbtNtries><NbOfNtries>0</NbOfNtries><Sum>0.00</Sum></TtlDbtNtries></TxsSummry><Ntry><Amt Ccy="GBP">30.00</Amt><CdtDbtInd>CRDT</CdtDbtInd><Sts>BOOK</Sts><BookgDt><Dt>2018-09-04</Dt></BookgDt><BkTxCd><Prtry><Cd>SIP UKBA CR 40269</Cd></Prtry></BkTxCd><TxDtls><Refs><EndToEndId>NOREF</EndToEndId><TxId>RP4679960531944500</TxId></Refs><RltdPties><Dbtr><Nm>OBIZAJEVA K</Nm></Dbtr><DbtrAcct><Id><PrtryAcct><Id>20701523062767</Id></PrtryAcct></Id></DbtrAcct><Cdtr><Nm>MS A M JAKOVLEVA</Nm></Cdtr><CdtrAcct><Id><PrtryAcct><Id>23008200209289</Id></PrtryAcct></Id></CdtrAcct><Prtry><Tp>ANYA</Tp><Pty/></Prtry></RltdPties><RmtInf><Strd><AddtlRmtInf>NO REF</AddtlRmtInf></Strd><Strd><AddtlRmtInf>OBIZAJEVA K//ANYA</AddtlRmtInf></Strd></RmtInf><RltdDts><TxDtTm>2018-09-03T23:34:06</TxDtTm></RltdDts><AddtlTxInf>RP46799605319445001020180903826200026</AddtlTxInf></TxDtls><AddtlNtryInf>COMPLETE//0000//003//CREDIT</AddtlNtryInf></Ntry><Ntry><Amt Ccy="GBP">75.00</Amt><CdtDbtInd>CRDT</CdtDbtInd><Sts>BOOK</Sts><BookgDt><Dt>2018-09-04</Dt></BookgDt><BkTxCd><Prtry><Cd>SIP UKBA CR 40269</Cd></Prtry></BkTxCd><TxDtls><Refs><EndToEndId>NOREF</EndToEndId><TxId>RP4679960532143300</TxId></Refs><RltdPties><Dbtr><Nm>ALALI AC</Nm></Dbtr><DbtrAcct><Id><PrtryAcct><Id>20498103268845</Id></PrtryAcct></Id></DbtrAcct><Cdtr><Nm>JEDIDIAH GLOBAL LO</Nm></Cdtr><CdtrAcct><Id><PrtryAcct><Id>23008200032558</Id></PrtryAcct></Id></CdtrAcct><Prtry><Tp>AC ALALI</Tp><Pty/></Prtry></RltdPties><RmtInf><Strd><AddtlRmtInf>NO REF</AddtlRmtInf></Strd><Strd><AddtlRmtInf>ALALI AC//AC ALALI</AddtlRmtInf></Strd></RmtInf><RltdDts><TxDtTm>2018-09-03T23:41:46</TxDtTm></RltdDts><AddtlTxInf>RP46799605321433001020180903826200026</AddtlTxInf></TxDtls><AddtlNtryInf>COMPLETE//0000//003//CREDIT</AddtlNtryInf></Ntry></Ntfctn></BkToCstmrDbtCdtNtfctnV01></Document>