<?xml version="1.0" encoding="UTF-8"?><Document xmlns:xsi="http://www.w3.org/2001/XMLSchema-instance" xmlns="urn:iso:std:iso:20022:tech:xsd:camt.054.001.01"><BkToCstmrDbtCdtNtfctnV01><GrpHdr><MsgId>80309K//12567</MsgId><CreDtTm>2018-09-08T00:00:00</CreDtTm></GrpHdr><Ntfctn><Id>80309K//12567//1</Id><CreDtTm>2018-09-08T00:00:00</CreDtTm><Acct><Id><PrtryAcct><Id>20594233939774</Id></PrtryAcct></Id><Ccy>GBP</Ccy></Acct><TxsSummry><TtlNtries><NbOfNtries>1</NbOfNtries><Sum>230.00</Sum></TtlNtries><TtlCdtNtries><NbOfNtries>1</NbOfNtries><Sum>230.00</Sum></TtlCdtNtries><TtlDbtNtries><NbOfNtries>0</NbOfNtries><Sum>0.00</Sum></TtlDbtNtries></TxsSummry><Ntry><Amt Ccy="GBP">230.00</Amt><CdtDbtInd>CRDT</CdtDbtInd><Sts>BOOK</Sts><BookgDt><Dt>2018-09-10</Dt></BookgDt><BkTxCd><Prtry><Cd>SIP UKBA CR 40269</Cd></Prtry></BkTxCd><TxDtls><Refs><EndToEndId>NOREF</EndToEndId><TxId>100000000385371500</TxId></Refs><RltdPties><Dbtr><Nm>A Mensah</Nm></Dbtr><DbtrAcct><Id><PrtryAcct><Id>11000109256753</Id></PrtryAcct></Id></DbtrAcct><Cdtr><Nm>NATHANS FRIEND</Nm></Cdtr><CdtrAcct><Id><PrtryAcct><Id>23008200112990</Id></PrtryAcct></Id></CdtrAcct><Prtry><Tp>LF</Tp><Pty/></Prtry></RltdPties><RmtInf><Strd><AddtlRmtInf>NO REF</AddtlRmtInf></Strd><Strd><AddtlRmtInf>A Mensah//LF</AddtlRmtInf></Strd></RmtInf><RltdDts><TxDtTm>2018-09-07T23:56:24</TxDtTm></RltdDts><AddtlTxInf>1000000003853715001020180907826110001</AddtlTxInf></TxDtls><AddtlNtryInf>COMPLETE//0000//003//CREDIT</AddtlNtryInf></Ntry></Ntfctn></BkToCstmrDbtCdtNtfctnV01></Document>