<?xml version="1.0" encoding="UTF-8"?><Document xmlns:xsi="http://www.w3.org/2001/XMLSchema-instance" xmlns="urn:iso:std:iso:20022:tech:xsd:camt.054.001.01"><BkToCstmrDbtCdtNtfctnV01><GrpHdr><MsgId>80309K//13183</MsgId><CreDtTm>2018-09-22T12:00:00</CreDtTm></GrpHdr><Ntfctn><Id>80309K//13183//1</Id><CreDtTm>2018-09-22T12:00:00</CreDtTm><Acct><Id><PrtryAcct><Id>20594233939774</Id></PrtryAcct></Id><Ccy>GBP</Ccy></Acct><TxsSummry><TtlNtries><NbOfNtries>12</NbOfNtries><Sum>1647.39</Sum></TtlNtries><TtlCdtNtries><NbOfNtries>12</NbOfNtries><Sum>1647.39</Sum></TtlCdtNtries><TtlDbtNtries><NbOfNtries>0</NbOfNtries><Sum>0.00</Sum></TtlDbtNtries></TxsSummry><Ntry><Amt Ccy="GBP">335.88</Amt><CdtDbtInd>CRDT</CdtDbtInd><Sts>BOOK</Sts><BookgDt><Dt>2018-09-24</Dt></BookgDt><BkTxCd><Prtry><Cd>SIP UKBA CR 40269</Cd></Prtry></BkTxCd><TxDtls><Refs><EndToEndId>PPWD00000000AP9XQ0</EndToEndId><TxId>PPWD00000000AP9XQ0</TxId></Refs><RltdPties><Dbtr><Nm>PayPal</Nm><PstlAdr><AdrLine>2211 N 1st Street San Jose CA 95131</AdrLine><Ctry/></PstlAdr></Dbtr><DbtrAcct><Id><PrtryAcct><Id>23526278959595</Id></PrtryAcct></Id></DbtrAcct><Cdtr><Nm>Drew Thomas</Nm><PstlAdr><AdrLine>42 Gloucester Road</AdrLine><Ctry/></PstlAdr></Cdtr><CdtrAcct><Id><PrtryAcct><Id>23008200393547</Id></PrtryAcct></Id></CdtrAcct><Prtry><Tp>PPWDL53Q22AL9DR5HQ</Tp><Pty/></Prtry></RltdPties><RmtInf><Strd><RfrdDocInf><RfrdDocTp><Prtry>002</Prtry></RfrdDocTp></RfrdDocInf><AddtlRmtInf>NO REF</AddtlRmtInf></Strd><Strd><AddtlRmtInf>PayPal//PPWDL53Q22AL9DR5HQ</AddtlRmtInf></Strd></RmtInf><RltdDts><TxDtTm>2018-09-22T11:32:49</TxDtTm></RltdDts><AddtlTxInf>PPWD00000000AP9XQ01020180922826235262</AddtlTxInf></TxDtls><AddtlNtryInf>COMPLETE//0000//003//CREDIT</AddtlNtryInf></Ntry><Ntry><Amt Ccy="GBP">50.00</Amt><CdtDbtInd>CRDT</CdtDbtInd><Sts>BOOK</Sts><BookgDt><Dt>2018-09-24</Dt></BookgDt><BkTxCd><Prtry><Cd>SIP UKBA CR 40269</Cd></Prtry></BkTxCd><TxDtls><Refs><EndToEndId>NOREF</EndToEndId><TxId>200000000389243942</TxId></Refs><RltdPties><Dbtr><Nm>M Murray</Nm></Dbtr><DbtrAcct><Id><PrtryAcct><Id>11086711240160</Id></PrtryAcct></Id></DbtrAcct><Cdtr><Nm>MALACHI CJ MURRAY</Nm></Cdtr><CdtrAcct><Id><PrtryAcct><Id>23008200429208</Id></PrtryAcct></Id></CdtrAcct><Prtry><Tp>TRANSFER</Tp><Pty/></Prtry></RltdPties><RmtInf><Strd><AddtlRmtInf>NO REF</AddtlRmtInf></Strd><Strd><AddtlRmtInf>M Murray//TRANSFER</AddtlRmtInf></Strd></RmtInf><RltdDts><TxDtTm>2018-09-22T11:36:42</TxDtTm></RltdDts><AddtlTxInf>2000000003892439421020180922826110867</AddtlTxInf></TxDtls><AddtlNtryInf>COMPLETE//0000//003//CREDIT</AddtlNtryInf></Ntry><Ntry><Amt Ccy="GBP">110.00</Amt><CdtDbtInd>CRDT</CdtDbtInd><Sts>BOOK</Sts><BookgDt><Dt>2018-09-24</Dt></BookgDt><BkTxCd><Prtry><Cd>SIP UKBA CR 40269</Cd></Prtry></BkTxCd><TxDtls><Refs><EndToEndId>NOREF</EndToEndId><TxId>RP4679961981613100</TxId></Refs><RltdPties><Dbtr><Nm>ADEMEKINWA M</Nm></Dbtr><DbtrAcct><Id><PrtryAcct><Id>20926320967351</Id></PrtryAcct></Id></DbtrAcct><Cdtr><Nm>ABIMS EMPIRE</Nm></Cdtr><CdtrAcct><Id><PrtryAcct><Id>23008200034334</Id></PrtryAcct></Id></CdtrAcct><Prtry><Tp>M ADEMAKINWA</Tp><Pty/></Prtry></RltdPties><RmtInf><Strd><AddtlRmtInf>NO REF</AddtlRmtInf></Strd><Strd><AddtlRmtInf>ADEMEKINWA M//M ADEMAKINWA</AddtlRmtInf></Strd></RmtInf><RltdDts><TxDtTm>2018-09-22T11:37:59</TxDtTm></RltdDts><AddtlTxInf>RP46799619816131001020180922826200026</AddtlTxInf></TxDtls><AddtlNtryInf>COMPLETE//0000//003//CREDIT</AddtlNtryInf></Ntry><Ntry><Amt Ccy="GBP">50.00</Amt><CdtDbtInd>CRDT</CdtDbtInd><Sts>BOOK</Sts><BookgDt><Dt>2018-09-24</Dt></BookgDt><BkTxCd><Prtry><Cd>SIP UKBA CR 40269</Cd></Prtry></BkTxCd><TxDtls><Refs><EndToEndId>NOREF</EndToEndId><TxId>600000000390626620</TxId></Refs><RltdPties><Dbtr><Nm>M Kassam</Nm></Dbtr><DbtrAcct><Id><PrtryAcct><Id>30635553357560</Id></PrtryAcct></Id></DbtrAcct><Cdtr><Nm>YAQOOB BHIKHA</Nm></Cdtr><CdtrAcct><Id><PrtryAcct><Id>23008200288215</Id></PrtryAcct></Id></CdtrAcct></RltdPties><RmtInf><Strd><AddtlRmtInf>NO REF</AddtlRmtInf></Strd><Strd><AddtlRmtInf>M Kassam//</AddtlRmtInf></Strd></RmtInf><RltdDts><TxDtTm>2018-09-22T11:40:13</TxDtTm></RltdDts><AddtlTxInf>6000000003906266201020180922826306355</AddtlTxInf></TxDtls><AddtlNtryInf>COMPLETE//0000//003//CREDIT</AddtlNtryInf></Ntry><Ntry><Amt Ccy="GBP">15.00</Amt><CdtDbtInd>CRDT</CdtDbtInd><Sts>BOOK</Sts><BookgDt><Dt>2018-09-24</Dt></BookgDt><BkTxCd><Prtry><Cd>SIP UKBA CR 40269</Cd></Prtry></BkTxCd><TxDtls><Refs><EndToEndId>00151923632BBHVYHS</EndToEndId><TxId>00151923632BBHVYHS</TxId></Refs><RltdPties><Dbtr><Nm>MUTALE CHISASHI</Nm></Dbtr><DbtrAcct><Id><PrtryAcct><Id>09012715651402</Id></PrtryAcct></Id></DbtrAcct><Cdtr><Nm>DRAGON &amp; EAGLE</Nm></Cdtr><CdtrAcct><Id><PrtryAcct><Id>23008200044151</Id></PrtryAcct></Id></CdtrAcct><Prtry><Tp>company</Tp><Pty/></Prtry></RltdPties><RmtInf><Strd><AddtlRmtInf>NO REF</AddtlRmtInf></Strd><Strd><AddtlRmtInf>MUTALE CHISASHI//company</AddtlRmtInf></Strd></RmtInf><RltdDts><TxDtTm>2018-09-22T11:41:30</TxDtTm></RltdDts><AddtlTxInf>00151923632BBHVYHS1020180922826090127</AddtlTxInf></TxDtls><AddtlNtryInf>COMPLETE//0000//003//CREDIT</AddtlNtryInf></Ntry><Ntry><Amt Ccy="GBP">468.00</Amt><CdtDbtInd>CRDT</CdtDbtInd><Sts>BOOK</Sts><BookgDt><Dt>2018-09-24</Dt></BookgDt><BkTxCd><Prtry><Cd>SIP UKBA CR 40269</Cd></Prtry></BkTxCd><TxDtls><Refs><EndToEndId>NOREF</EndToEndId><TxId>RP4679961982228400</TxId></Refs><RltdPties><Dbtr><Nm>CHEEMA BROTH LTD</Nm></Dbtr><DbtrAcct><Id><PrtryAcct><Id>20427313789225</Id></PrtryAcct></Id></DbtrAcct><Cdtr><Nm>INDERJEET SINGH</Nm></Cdtr><CdtrAcct><Id><PrtryAcct><Id>23008200342051</Id></PrtryAcct></Id></CdtrAcct><Prtry><Tp>PAY</Tp><Pty/></Prtry></RltdPties><RmtInf><Strd><AddtlRmtInf>NO REF</AddtlRmtInf></Strd><Strd><AddtlRmtInf>CHEEMA BROTH LTD//PAY</AddtlRmtInf></Strd></RmtInf><RltdDts><TxDtTm>2018-09-22T11:45:12</TxDtTm></RltdDts><AddtlTxInf>RP46799619822284001020180922826200026</AddtlTxInf></TxDtls><AddtlNtryInf>COMPLETE//0000//003//CREDIT</AddtlNtryInf></Ntry><Ntry><Amt Ccy="GBP">500.00</Amt><CdtDbtInd>CRDT</CdtDbtInd><Sts>BOOK</Sts><BookgDt><Dt>2018-09-24</Dt></BookgDt><BkTxCd><Prtry><Cd>SIP UKBA CR 40269</Cd></Prtry></BkTxCd><TxDtls><Refs><EndToEndId>NOREF</EndToEndId><TxId>RP4679961982453500</TxId></Refs><RltdPties><Dbtr><Nm>SUBTAWEEPOLLER N</Nm></Dbtr><DbtrAcct><Id><PrtryAcct><Id>20128003544702</Id></PrtryAcct></Id></DbtrAcct><Cdtr><Nm>ALAN PATEL</Nm></Cdtr><CdtrAcct><Id><PrtryAcct><Id>23008200451347</Id></PrtryAcct></Id></CdtrAcct><Prtry><Tp>DEPOSIT</Tp><Pty/></Prtry></RltdPties><RmtInf><Strd><AddtlRmtInf>NO REF</AddtlRmtInf></Strd><Strd><AddtlRmtInf>SUBTAWEEPOLLER N//DEPOSIT</AddtlRmtInf></Strd></RmtInf><RltdDts><TxDtTm>2018-09-22T11:47:38</TxDtTm></RltdDts><AddtlTxInf>RP46799619824535001020180922826200026</AddtlTxInf></TxDtls><AddtlNtryInf>COMPLETE//0000//003//CREDIT</AddtlNtryInf></Ntry><Ntry><Amt Ccy="GBP">10.00</Amt><CdtDbtInd>CRDT</CdtDbtInd><Sts>BOOK</Sts><BookgDt><Dt>2018-09-24</Dt></BookgDt><BkTxCd><Prtry><Cd>SIP UKBA CR 40269</Cd></Prtry></BkTxCd><TxDtls><Refs><EndToEndId>NOREF</EndToEndId><TxId>RP4679961982476100</TxId></Refs><RltdPties><Dbtr><Nm>HILL J</Nm></Dbtr><DbtrAcct><Id><PrtryAcct><Id>20709420683817</Id></PrtryAcct></Id></DbtrAcct><Cdtr><Nm>JOHN HILL</Nm></Cdtr><CdtrAcct><Id><PrtryAcct><Id>23008200333328</Id></PrtryAcct></Id></CdtrAcct><Prtry><Tp>NEW</Tp><Pty/></Prtry></RltdPties><RmtInf><Strd><AddtlRmtInf>NO REF</AddtlRmtInf></Strd><Strd><AddtlRmtInf>HILL J//NEW</AddtlRmtInf></Strd></RmtInf><RltdDts><TxDtTm>2018-09-22T11:47:54</TxDtTm></RltdDts><AddtlTxInf>RP46799619824761001020180922826200026</AddtlTxInf></TxDtls><AddtlNtryInf>COMPLETE//0000//003//CREDIT</AddtlNtryInf></Ntry><Ntry><Amt Ccy="GBP">10.00</Amt><CdtDbtInd>CRDT</CdtDbtInd><Sts>BOOK</Sts><BookgDt><Dt>2018-09-24</Dt></BookgDt><BkTxCd><Prtry><Cd>SIP UKBA CR 40269</Cd></Prtry></BkTxCd><TxDtls><Refs><EndToEndId>NOREF</EndToEndId><TxId>RP4679961982506900</TxId></Refs><RltdPties><Dbtr><Nm>HILL J</Nm></Dbtr><DbtrAcct><Id><PrtryAcct><Id>20709420683817</Id></PrtryAcct></Id></DbtrAcct><Cdtr><Nm>JOHN HILL</Nm></Cdtr><CdtrAcct><Id><PrtryAcct><Id>23008200333328</Id></PrtryAcct></Id></CdtrAcct><Prtry><Tp>NEW</Tp><Pty/></Prtry></RltdPties><RmtInf><Strd><AddtlRmtInf>NO REF</AddtlRmtInf></Strd><Strd><AddtlRmtInf>HILL J//NEW</AddtlRmtInf></Strd></RmtInf><RltdDts><TxDtTm>2018-09-22T11:48:15</TxDtTm></RltdDts><AddtlTxInf>RP46799619825069001020180922826200026</AddtlTxInf></TxDtls><AddtlNtryInf>COMPLETE//0000//003//CREDIT</AddtlNtryInf></Ntry><Ntry><Amt Ccy="GBP">31.00</Amt><CdtDbtInd>CRDT</CdtDbtInd><Sts>BOOK</Sts><BookgDt><Dt>2018-09-24</Dt></BookgDt><BkTxCd><Prtry><Cd>SIP UKBA CR 40269</Cd></Prtry></BkTxCd><TxDtls><Refs><EndToEndId>PPWD00000000APA4EQ</EndToEndId><TxId>PPWD00000000APA4EQ</TxId></Refs><RltdPties><Dbtr><Nm>PayPal</Nm><PstlAdr><AdrLine>2211 N 1st Street San Jose CA 95131</AdrLine><Ctry/></PstlAdr></Dbtr><DbtrAcct><Id><PrtryAcct><Id>23526278959595</Id></PrtryAcct></Id></DbtrAcct><Cdtr><Nm>Jorgia Darling</Nm><PstlAdr><AdrLine>Fernieside Avenue</AdrLine><Ctry/></PstlAdr></Cdtr><CdtrAcct><Id><PrtryAcct><Id>23008200407222</Id></PrtryAcct></Id></CdtrAcct><Prtry><Tp>PPWDL5DDJ2ALA8SM3E</Tp><Pty/></Prtry></RltdPties><RmtInf><Strd><RfrdDocInf><RfrdDocTp><Prtry>002</Prtry></RfrdDocTp></RfrdDocInf><AddtlRmtInf>NO REF</AddtlRmtInf></Strd><Strd><AddtlRmtInf>PayPal//PPWDL5DDJ2ALA8SM3E</AddtlRmtInf></Strd></RmtInf><RltdDts><TxDtTm>2018-09-22T11:48:38</TxDtTm></RltdDts><AddtlTxInf>PPWD00000000APA4EQ1020180922826235262</AddtlTxInf></TxDtls><AddtlNtryInf>COMPLETE//0000//003//CREDIT</AddtlNtryInf></Ntry><Ntry><Amt Ccy="GBP">20.00</Amt><CdtDbtInd>CRDT</CdtDbtInd><Sts>BOOK</Sts><BookgDt><Dt>2018-09-24</Dt></BookgDt><BkTxCd><Prtry><Cd>SIP UKBA CR 40269</Cd></Prtry></BkTxCd><TxDtls><Refs><EndToEndId>NOREF</EndToEndId><TxId>RP4679961983290500</TxId></Refs><RltdPties><Dbtr><Nm>WHITE CHRISTOPHE</Nm></Dbtr><DbtrAcct><Id><PrtryAcct><Id>20709483520781</Id></PrtryAcct></Id></DbtrAcct><Cdtr><Nm>CHRISTOPHER WHITE</Nm></Cdtr><CdtrAcct><Id><PrtryAcct><Id>23008200292739</Id></PrtryAcct></Id></CdtrAcct><Prtry><Tp>MONEY</Tp><Pty/></Prtry></RltdPties><RmtInf><Strd><AddtlRmtInf>NO REF</AddtlRmtInf></Strd><Strd><AddtlRmtInf>WHITE CHRISTOPHE//MONEY</AddtlRmtInf></Strd></RmtInf><RltdDts><TxDtTm>2018-09-22T11:57:09</TxDtTm></RltdDts><AddtlTxInf>RP46799619832905001020180922826200026</AddtlTxInf></TxDtls><AddtlNtryInf>COMPLETE//0000//003//CREDIT</AddtlNtryInf></Ntry><Ntry><Amt Ccy="GBP">47.51</Amt><CdtDbtInd>CRDT</CdtDbtInd><Sts>BOOK</Sts><BookgDt><Dt>2018-09-24</Dt></BookgDt><BkTxCd><Prtry><Cd>SIP UKBA CR 40269</Cd></Prtry></BkTxCd><TxDtls><Refs><EndToEndId>00153425632BWDNXLC</EndToEndId><TxId>00153425632BWDNXLC</TxId></Refs><RltdPties><Dbtr><Nm>VASILE NESTERIUC</Nm></Dbtr><DbtrAcct><Id><PrtryAcct><Id>09012913961295</Id></PrtryAcct></Id></DbtrAcct><Cdtr><Nm>VASILE NESTERIUC</Nm></Cdtr><CdtrAcct><Id><PrtryAcct><Id>23008200101687</Id></PrtryAcct></Id></CdtrAcct><Prtry><Tp>ARRO</Tp><Pty/></Prtry></RltdPties><RmtInf><Strd><AddtlRmtInf>NO REF</AddtlRmtInf></Strd><Strd><AddtlRmtInf>VASILE NESTERIUC//ARRO</AddtlRmtInf></Strd></RmtInf><RltdDts><TxDtTm>2018-09-22T11:59:28</TxDtTm></RltdDts><AddtlTxInf>00153425632BWDNXLC1020180922826090129</AddtlTxInf></TxDtls><AddtlNtryInf>COMPLETE//0000//003//CREDIT</AddtlNtryInf></Ntry></Ntfctn></BkToCstmrDbtCdtNtfctnV01></Document>