<?xml version="1.0" encoding="UTF-8"?><Document xmlns:xsi="http://www.w3.org/2001/XMLSchema-instance" xmlns="urn:iso:std:iso:20022:tech:xsd:camt.054.001.01"><BkToCstmrDbtCdtNtfctnV01><GrpHdr><MsgId>80309K//13165</MsgId><CreDtTm>2018-09-21T23:30:00</CreDtTm></GrpHdr><Ntfctn><Id>80309K//13165//1</Id><CreDtTm>2018-09-21T23:30:00</CreDtTm><Acct><Id><PrtryAcct><Id>20594233939774</Id></PrtryAcct></Id><Ccy>GBP</Ccy></Acct><TxsSummry><TtlNtries><NbOfNtries>8</NbOfNtries><Sum>5603.72</Sum></TtlNtries><TtlCdtNtries><NbOfNtries>6</NbOfNtries><Sum>126.00</Sum></TtlCdtNtries><TtlDbtNtries><NbOfNtries>2</NbOfNtries><Sum>5477.72</Sum></TtlDbtNtries></TxsSummry><Ntry><Amt Ccy="GBP">5402.72</Amt><CdtDbtInd>DBIT</CdtDbtInd><Sts>BOOK</Sts><BookgDt><Dt>2018-09-24</Dt></BookgDt><BkTxCd><Prtry><Cd>AUT UKBA DR 30278</Cd></Prtry></BkTxCd><TxDtls><Refs><TxId>000000000337491800</TxId></Refs><RltdPties><DbtrAcct><Id><PrtryAcct><Id>20594233939774</Id></PrtryAcct></Id></DbtrAcct></RltdPties><RmtInf><Strd><AddtlRmtInf>NO REF</AddtlRmtInf></Strd><Strd><AddtlRmtInf>20180921A44639//7S      F2B9PQL275</AddtlRmtInf></Strd></RmtInf><RltdDts><TxDtTm>2018-09-21T23:01:47</TxDtTm></RltdDts><AddtlTxInf>0000000003374918000020180921826205942</AddtlTxInf></TxDtls><AddtlNtryInf>AUTHSENT//0000//003//DEBIT</AddtlNtryInf></Ntry><Ntry><Amt Ccy="GBP">10.00</Amt><CdtDbtInd>CRDT</CdtDbtInd><Sts>BOOK</Sts><BookgDt><Dt>2018-09-24</Dt></BookgDt><BkTxCd><Prtry><Cd>DCA UKBA CR 40269</Cd></Prtry></BkTxCd><TxDtls><Refs><EndToEndId>NOREF</EndToEndId><TxId>000000013638731101</TxId><Prtry><Tp>STO REF</Tp><Ref>0000</Ref></Prtry></Refs><RltdPties><Dbtr><Nm>23008200456794</Nm></Dbtr><DbtrAcct><Id><PrtryAcct><Id>20594233939774</Id></PrtryAcct></Id></DbtrAcct><Cdtr><Nm>KEVIN WHELAN</Nm></Cdtr><CdtrAcct><Id><PrtryAcct><Id>23008200457000</Id></PrtryAcct></Id></CdtrAcct></RltdPties><RmtInf><Strd><AddtlRmtInf>NO REF</AddtlRmtInf></Strd><Strd><AddtlRmtInf>23008200456794//</AddtlRmtInf></Strd></RmtInf><RltdDts><TxDtTm>2018-09-21T23:01:49</TxDtTm></RltdDts><AddtlTxInf>0000000136387311015020180921826205942</AddtlTxInf></TxDtls><AddtlNtryInf>COMPLETE//0000//003//CREDIT</AddtlNtryInf></Ntry><Ntry><Amt Ccy="GBP">2.50</Amt><CdtDbtInd>CRDT</CdtDbtInd><Sts>BOOK</Sts><BookgDt><Dt>2018-09-24</Dt></BookgDt><BkTxCd><Prtry><Cd>DCA UKBA CR 40269</Cd></Prtry></BkTxCd><TxDtls><Refs><EndToEndId>NOREF</EndToEndId><TxId>000000013638731401</TxId><Prtry><Tp>STO REF</Tp><Ref>0000</Ref></Prtry></Refs><RltdPties><Dbtr><Nm>23008200456794</Nm></Dbtr><DbtrAcct><Id><PrtryAcct><Id>20594233939774</Id></PrtryAcct></Id></DbtrAcct><Cdtr><Nm>MARC EASTER</Nm></Cdtr><CdtrAcct><Id><PrtryAcct><Id>23008200459061</Id></PrtryAcct></Id></CdtrAcct></RltdPties><RmtInf><Strd><AddtlRmtInf>NO REF</AddtlRmtInf></Strd><Strd><AddtlRmtInf>23008200456794//</AddtlRmtInf></Strd></RmtInf><RltdDts><TxDtTm>2018-09-21T23:01:49</TxDtTm></RltdDts><AddtlTxInf>0000000136387314015020180921826205942</AddtlTxInf></TxDtls><AddtlNtryInf>COMPLETE//0000//003//CREDIT</AddtlNtryInf></Ntry><Ntry><Amt Ccy="GBP">80.00</Amt><CdtDbtInd>CRDT</CdtDbtInd><Sts>BOOK</Sts><BookgDt><Dt>2018-09-24</Dt></BookgDt><BkTxCd><Prtry><Cd>AUA UKBA CR 40278</Cd></Prtry></BkTxCd><TxDtls><Refs><TxId>000000000337491800</TxId></Refs><RltdPties><DbtrAcct><Id><PrtryAcct><Id>20594233939774</Id></PrtryAcct></Id></DbtrAcct></RltdPties><RmtInf><Strd><AddtlRmtInf>NO REF</AddtlRmtInf></Strd><Strd><AddtlRmtInf>20180921A44639//7S      F2B9PQL275</AddtlRmtInf></Strd></RmtInf><RltdDts><TxDtTm>2018-09-21T23:01:54</TxDtTm></RltdDts><AddtlTxInf>0000000003374918000020180921826205942</AddtlTxInf></TxDtls><AddtlNtryInf>AUTHADJUSTED//0000//003//CREDIT</AddtlNtryInf></Ntry><Ntry><Amt Ccy="GBP">75.00</Amt><CdtDbtInd>DBIT</CdtDbtInd><Sts>BOOK</Sts><BookgDt><Dt>2018-09-24</Dt></BookgDt><BkTxCd><Prtry><Cd>AUT UKBA DR 30278</Cd></Prtry></BkTxCd><TxDtls><Refs><TxId>000000000337492000</TxId></Refs><RltdPties><DbtrAcct><Id><PrtryAcct><Id>20594233939774</Id></PrtryAcct></Id></DbtrAcct></RltdPties><RmtInf><Strd><AddtlRmtInf>NO REF</AddtlRmtInf></Strd><Strd><AddtlRmtInf>20180921A44639//7S      F2B9PEV273</AddtlRmtInf></Strd></RmtInf><RltdDts><TxDtTm>2018-09-21T23:01:59</TxDtTm></RltdDts><AddtlTxInf>0000000003374920000020180921826205942</AddtlTxInf></TxDtls><AddtlNtryInf>AUTHSENT//0000//003//DEBIT</AddtlNtryInf></Ntry><Ntry><Amt Ccy="GBP">12.50</Amt><CdtDbtInd>CRDT</CdtDbtInd><Sts>BOOK</Sts><BookgDt><Dt>2018-09-24</Dt></BookgDt><BkTxCd><Prtry><Cd>SIP UKBA CR 40269</Cd></Prtry></BkTxCd><TxDtls><Refs><EndToEndId>NOREF</EndToEndId><TxId>600000000390566890</TxId></Refs><RltdPties><Dbtr><Nm>D Boothroyd</Nm></Dbtr><DbtrAcct><Id><PrtryAcct><Id>30968554871968</Id></PrtryAcct></Id></DbtrAcct><Cdtr><Nm>DAVID BOOTHROYD</Nm></Cdtr><CdtrAcct><Id><PrtryAcct><Id>23008200451363</Id></PrtryAcct></Id></CdtrAcct><Prtry><Tp>ARRO</Tp><Pty/></Prtry></RltdPties><RmtInf><Strd><AddtlRmtInf>NO REF</AddtlRmtInf></Strd><Strd><AddtlRmtInf>D Boothroyd//ARRO</AddtlRmtInf></Strd></RmtInf><RltdDts><TxDtTm>2018-09-21T23:03:58</TxDtTm></RltdDts><AddtlTxInf>6000000003905668901020180921826309685</AddtlTxInf></TxDtls><AddtlNtryInf>COMPLETE//0000//003//CREDIT</AddtlNtryInf></Ntry><Ntry><Amt Ccy="GBP">20.00</Amt><CdtDbtInd>CRDT</CdtDbtInd><Sts>BOOK</Sts><BookgDt><Dt>2018-09-24</Dt></BookgDt><BkTxCd><Prtry><Cd>SIP UKBA CR 40269</Cd></Prtry></BkTxCd><TxDtls><Refs><EndToEndId>MEEEE</EndToEndId><TxId>03232135960765000N</TxId><Prtry><Tp>STO REF</Tp><Ref>0000</Ref></Prtry></Refs><RltdPties><Dbtr><Nm>ROBINSON VL</Nm></Dbtr><DbtrAcct><Id><PrtryAcct><Id>60032878666368</Id></PrtryAcct></Id></DbtrAcct><Cdtr><Nm>VICKI</Nm></Cdtr><CdtrAcct><Id><PrtryAcct><Id>23008200195160</Id></PrtryAcct></Id></CdtrAcct><Prtry><Tp>MEEEE</Tp><Pty/></Prtry></RltdPties><RmtInf><Strd><AddtlRmtInf>ROBINSON VL       MEEEE             VIA MOBILE - LVP</AddtlRmtInf></Strd><Strd><AddtlRmtInf>ROBINSON VL//MEEEE</AddtlRmtInf></Strd></RmtInf><RltdDts><TxDtTm>2018-09-21T23:21:36</TxDtTm></RltdDts><AddtlTxInf>03232135960765000N1020180921826600328</AddtlTxInf></TxDtls><AddtlNtryInf>COMPLETE//0000//003//CREDIT</AddtlNtryInf></Ntry><Ntry><Amt Ccy="GBP">1.00</Amt><CdtDbtInd>CRDT</CdtDbtInd><Sts>BOOK</Sts><BookgDt><Dt>2018-09-24</Dt></BookgDt><BkTxCd><Prtry><Cd>SIP UKBA CR 40269</Cd></Prtry></BkTxCd><TxDtls><Refs><EndToEndId>00152053632BPMZWQS</EndToEndId><TxId>00152053632BPMZWQS</TxId></Refs><RltdPties><Dbtr><Nm>CAROLINE HURLE</Nm></Dbtr><DbtrAcct><Id><PrtryAcct><Id>09013682218782</Id></PrtryAcct></Id></DbtrAcct><Cdtr><Nm>james Hurle</Nm></Cdtr><CdtrAcct><Id><PrtryAcct><Id>23008200358515</Id></PrtryAcct></Id></CdtrAcct><Prtry><Tp>mum</Tp><Pty/></Prtry></RltdPties><RmtInf><Strd><AddtlRmtInf>NO REF</AddtlRmtInf></Strd><Strd><AddtlRmtInf>CAROLINE HURLE//mum</AddtlRmtInf></Strd></RmtInf><RltdDts><TxDtTm>2018-09-21T23:24:16</TxDtTm></RltdDts><AddtlTxInf>00152053632BPMZWQS1020180921826090136</AddtlTxInf></TxDtls><AddtlNtryInf>COMPLETE//0000//003//CREDIT</AddtlNtryInf></Ntry></Ntfctn></BkToCstmrDbtCdtNtfctnV01></Document>