<?xml version="1.0" encoding="UTF-8"?><Document xmlns:xsi="http://www.w3.org/2001/XMLSchema-instance" xmlns="urn:iso:std:iso:20022:tech:xsd:camt.054.001.01"><BkToCstmrDbtCdtNtfctnV01><GrpHdr><MsgId>80309K//12492</MsgId><CreDtTm>2018-09-06T10:00:00</CreDtTm></GrpHdr><Ntfctn><Id>80309K//12492//1</Id><CreDtTm>2018-09-06T10:00:00</CreDtTm><Acct><Id><PrtryAcct><Id>20594233939774</Id></PrtryAcct></Id><Ccy>GBP</Ccy></Acct><TxsSummry><TtlNtries><NbOfNtries>4</NbOfNtries><Sum>1183.46</Sum></TtlNtries><TtlCdtNtries><NbOfNtries>4</NbOfNtries><Sum>1183.46</Sum></TtlCdtNtries><TtlDbtNtries><NbOfNtries>0</NbOfNtries><Sum>0.00</Sum></TtlDbtNtries></TxsSummry><Ntry><Amt Ccy="GBP">400.00</Amt><CdtDbtInd>CRDT</CdtDbtInd><Sts>BOOK</Sts><BookgDt><Dt>2018-09-06</Dt></BookgDt><BkTxCd><Prtry><Cd>SIP UKBA CR 40269</Cd></Prtry></BkTxCd><TxDtls><Refs><EndToEndId>NOREF</EndToEndId><TxId>500000000386432901</TxId></Refs><RltdPties><Dbtr><Nm>J Lesniewski</Nm></Dbtr><DbtrAcct><Id><PrtryAcct><Id>11077510695464</Id></PrtryAcct></Id></DbtrAcct><Cdtr><Nm>R di giorgio</Nm></Cdtr><CdtrAcct><Id><PrtryAcct><Id>23008200178351</Id></PrtryAcct></Id></CdtrAcct></RltdPties><RmtInf><Strd><AddtlRmtInf>NO REF</AddtlRmtInf></Strd><Strd><AddtlRmtInf>J Lesniewski//</AddtlRmtInf></Strd></RmtInf><RltdDts><TxDtTm>2018-09-06T09:45:34</TxDtTm></RltdDts><AddtlTxInf>5000000003864329011020180906826110775</AddtlTxInf></TxDtls><AddtlNtryInf>COMPLETE//0000//001//CREDIT</AddtlNtryInf></Ntry><Ntry><Amt Ccy="GBP">335.46</Amt><CdtDbtInd>CRDT</CdtDbtInd><Sts>BOOK</Sts><BookgDt><Dt>2018-09-06</Dt></BookgDt><BkTxCd><Prtry><Cd>SIP UKBA CR 40269</Cd></Prtry></BkTxCd><TxDtls><Refs><EndToEndId>ARGYLL HOTEL</EndToEndId><TxId>54094607149001000R</TxId><Prtry><Tp>STO REF</Tp><Ref>0000</Ref></Prtry></Refs><RltdPties><Dbtr><Nm>THE ARGYLL HOTEL</Nm></Dbtr><DbtrAcct><Id><PrtryAcct><Id>16192610580110</Id></PrtryAcct></Id></DbtrAcct><Cdtr><Nm>ROB DIMOND</Nm></Cdtr><CdtrAcct><Id><PrtryAcct><Id>23008200066097</Id></PrtryAcct></Id></CdtrAcct><Prtry><Tp>ARGYLL HOTEL</Tp><Pty/></Prtry></RltdPties><RmtInf><Strd><AddtlRmtInf>THE ARGYLL HOTEL  ARGYLL HOTEL      VIA ONLINE - PYMT</AddtlRmtInf></Strd><Strd><AddtlRmtInf>THE ARGYLL HOTEL//ARGYLL HOTEL</AddtlRmtInf></Strd></RmtInf><RltdDts><TxDtTm>2018-09-06T09:46:07</TxDtTm></RltdDts><AddtlTxInf>54094607149001000R1020180906826161926</AddtlTxInf></TxDtls><AddtlNtryInf>COMPLETE//0000//001//CREDIT</AddtlNtryInf></Ntry><Ntry><Amt Ccy="GBP">400.00</Amt><CdtDbtInd>CRDT</CdtDbtInd><Sts>BOOK</Sts><BookgDt><Dt>2018-09-06</Dt></BookgDt><BkTxCd><Prtry><Cd>SIP UKBA CR 40269</Cd></Prtry></BkTxCd><TxDtls><Refs><EndToEndId>NOREF</EndToEndId><TxId>RP4679960734732400</TxId></Refs><RltdPties><Dbtr><Nm>INOCULAND LTD</Nm></Dbtr><DbtrAcct><Id><PrtryAcct><Id>20217893671046</Id></PrtryAcct></Id></DbtrAcct><Cdtr><Nm>MR ASHLEY ROYDEN</Nm></Cdtr><CdtrAcct><Id><PrtryAcct><Id>23008200367222</Id></PrtryAcct></Id></CdtrAcct><Prtry><Tp>ADV SALARY SEP 18</Tp><Pty/></Prtry></RltdPties><RmtInf><Strd><AddtlRmtInf>NO REF</AddtlRmtInf></Strd><Strd><AddtlRmtInf>INOCULAND LTD//ADV SALARY SEP 18</AddtlRmtInf></Strd></RmtInf><RltdDts><TxDtTm>2018-09-06T09:55:08</TxDtTm></RltdDts><AddtlTxInf>RP46799607347324001020180906826200026</AddtlTxInf></TxDtls><AddtlNtryInf>COMPLETE//0000//001//CREDIT</AddtlNtryInf></Ntry><Ntry><Amt Ccy="GBP">48.00</Amt><CdtDbtInd>CRDT</CdtDbtInd><Sts>BOOK</Sts><BookgDt><Dt>2018-09-06</Dt></BookgDt><BkTxCd><Prtry><Cd>SIP UKBA CR 40269</Cd></Prtry></BkTxCd><TxDtls><Refs><EndToEndId>NOREF</EndToEndId><TxId>200000000384770540</TxId></Refs><RltdPties><Dbtr><Nm>G Singh</Nm></Dbtr><DbtrAcct><Id><PrtryAcct><Id>80453610690763</Id></PrtryAcct></Id></DbtrAcct><Cdtr><Nm>MS A WESTERMAN</Nm></Cdtr><CdtrAcct><Id><PrtryAcct><Id>23008200319323</Id></PrtryAcct></Id></CdtrAcct><Prtry><Tp>LATE BDAY PRESENT</Tp><Pty/></Prtry></RltdPties><RmtInf><Strd><AddtlRmtInf>NO REF</AddtlRmtInf></Strd><Strd><AddtlRmtInf>G Singh//LATE BDAY PRESENT</AddtlRmtInf></Strd></RmtInf><RltdDts><TxDtTm>2018-09-06T09:56:36</TxDtTm></RltdDts><AddtlTxInf>2000000003847705401020180906826804536</AddtlTxInf></TxDtls><AddtlNtryInf>COMPLETE//0000//001//CREDIT</AddtlNtryInf></Ntry></Ntfctn></BkToCstmrDbtCdtNtfctnV01></Document>