<?xml version="1.0" encoding="UTF-8"?><Document xmlns:xsi="http://www.w3.org/2001/XMLSchema-instance" xmlns="urn:iso:std:iso:20022:tech:xsd:camt.054.001.01"><BkToCstmrDbtCdtNtfctnV01><GrpHdr><MsgId>80309K//12455</MsgId><CreDtTm>2018-09-05T15:00:00</CreDtTm></GrpHdr><Ntfctn><Id>80309K//12455//1</Id><CreDtTm>2018-09-05T15:00:00</CreDtTm><Acct><Id><PrtryAcct><Id>20594233939774</Id></PrtryAcct></Id><Ccy>GBP</Ccy></Acct><TxsSummry><TtlNtries><NbOfNtries>11</NbOfNtries><Sum>817.32</Sum></TtlNtries><TtlCdtNtries><NbOfNtries>11</NbOfNtries><Sum>817.32</Sum></TtlCdtNtries><TtlDbtNtries><NbOfNtries>0</NbOfNtries><Sum>0.00</Sum></TtlDbtNtries></TxsSummry><Ntry><Amt Ccy="GBP">54.00</Amt><CdtDbtInd>CRDT</CdtDbtInd><Sts>BOOK</Sts><BookgDt><Dt>2018-09-05</Dt></BookgDt><BkTxCd><Prtry><Cd>SIP UKBA CR 40269</Cd></Prtry></BkTxCd><TxDtls><Refs><EndToEndId>5000000564zPO09TSKR</EndToEndId><TxId>DF0000006397003800</TxId></Refs><RltdPties><Dbtr><Nm>Worldpay AP Ltd</Nm><PstlAdr><AdrLine>25 WalbrooLondonEC4N 8AF</AdrLine><Ctry/></PstlAdr></Dbtr><DbtrAcct><Id><PrtryAcct><Id>20364763140148</Id></PrtryAcct></Id></DbtrAcct><Cdtr><Nm>Adam Lee</Nm><PstlAdr><AdrLine>Hedge Place Road 74GreenhitheDA9 9L</AdrLine><AdrLine>HGB</AdrLine><Ctry/></PstlAdr></Cdtr><CdtrAcct><Id><PrtryAcct><Id>23008200296013</Id></PrtryAcct></Id></CdtrAcct><Prtry><Tp>/-1930680151</Tp><Pty/></Prtry></RltdPties><RmtInf><Strd><AddtlRmtInf>/-1930680151</AddtlRmtInf></Strd><Strd><AddtlRmtInf>Worldpay AP Ltd///-1930680151</AddtlRmtInf></Strd></RmtInf><RltdDts><TxDtTm>2018-09-05T14:30:02</TxDtTm></RltdDts><AddtlTxInf>DF00000063970038001020180905826200000</AddtlTxInf></TxDtls><AddtlNtryInf>COMPLETE//0000//002//CREDIT</AddtlNtryInf></Ntry><Ntry><Amt Ccy="GBP">56.00</Amt><CdtDbtInd>CRDT</CdtDbtInd><Sts>BOOK</Sts><BookgDt><Dt>2018-09-05</Dt></BookgDt><BkTxCd><Prtry><Cd>SIP UKBA CR 40269</Cd></Prtry></BkTxCd><TxDtls><Refs><EndToEndId>5000000564zPO09TSUH</EndToEndId><TxId>DF0000006397004800</TxId></Refs><RltdPties><Dbtr><Nm>Worldpay AP Ltd</Nm><PstlAdr><AdrLine>25 WalbrooLondonEC4N 8AF</AdrLine><Ctry/></PstlAdr></Dbtr><DbtrAcct><Id><PrtryAcct><Id>20364763140148</Id></PrtryAcct></Id></DbtrAcct><Cdtr><Nm>Michael Hamilton</Nm><PstlAdr><AdrLine>Fairview Drive 29ChigwellIG7 6HSGB</AdrLine><Ctry/></PstlAdr></Cdtr><CdtrAcct><Id><PrtryAcct><Id>23008200420871</Id></PrtryAcct></Id></CdtrAcct><Prtry><Tp>/-1930712174</Tp><Pty/></Prtry></RltdPties><RmtInf><Strd><AddtlRmtInf>/-1930712174</AddtlRmtInf></Strd><Strd><AddtlRmtInf>Worldpay AP Ltd///-1930712174</AddtlRmtInf></Strd></RmtInf><RltdDts><TxDtTm>2018-09-05T14:30:02</TxDtTm></RltdDts><AddtlTxInf>DF00000063970048001020180905826200000</AddtlTxInf></TxDtls><AddtlNtryInf>COMPLETE//0000//002//CREDIT</AddtlNtryInf></Ntry><Ntry><Amt Ccy="GBP">105.00</Amt><CdtDbtInd>CRDT</CdtDbtInd><Sts>BOOK</Sts><BookgDt><Dt>2018-09-05</Dt></BookgDt><BkTxCd><Prtry><Cd>SIP UKBA CR 40269</Cd></Prtry></BkTxCd><TxDtls><Refs><EndToEndId>5000000564zPO09TSK5</EndToEndId><TxId>DF0000006397004000</TxId></Refs><RltdPties><Dbtr><Nm>Worldpay AP Ltd</Nm><PstlAdr><AdrLine>25 WalbrooLondonEC4N 8AF</AdrLine><Ctry/></PstlAdr></Dbtr><DbtrAcct><Id><PrtryAcct><Id>20364763140148</Id></PrtryAcct></Id></DbtrAcct><Cdtr><Nm>Lauren Nash</Nm><PstlAdr><AdrLine>Southdown Crescent 102HarrowHA2 0QS</AdrLine><AdrLine>GB</AdrLine><Ctry/></PstlAdr></Cdtr><CdtrAcct><Id><PrtryAcct><Id>23008200422636</Id></PrtryAcct></Id></CdtrAcct><Prtry><Tp>/-1930684630</Tp><Pty/></Prtry></RltdPties><RmtInf><Strd><AddtlRmtInf>/-1930684630</AddtlRmtInf></Strd><Strd><AddtlRmtInf>Worldpay AP Ltd///-1930684630</AddtlRmtInf></Strd></RmtInf><RltdDts><TxDtTm>2018-09-05T14:30:13</TxDtTm></RltdDts><AddtlTxInf>DF00000063970040001020180905826200000</AddtlTxInf></TxDtls><AddtlNtryInf>COMPLETE//0000//002//CREDIT</AddtlNtryInf></Ntry><Ntry><Amt Ccy="GBP">14.81</Amt><CdtDbtInd>CRDT</CdtDbtInd><Sts>BOOK</Sts><BookgDt><Dt>2018-09-05</Dt></BookgDt><BkTxCd><Prtry><Cd>SIP UKBA CR 40269</Cd></Prtry></BkTxCd><TxDtls><Refs><EndToEndId>4166196061</EndToEndId><TxId>780322467100</TxId></Refs><RltdPties><DbtrAcct><Id><PrtryAcct><Id>18500818405549</Id></PrtryAcct></Id></DbtrAcct><Cdtr><Nm>Franco Tzouvanni</Nm></Cdtr><CdtrAcct><Id><PrtryAcct><Id>23008200419103</Id></PrtryAcct></Id></CdtrAcct><Prtry><Tp>4166196061</Tp><Pty/></Prtry></RltdPties><RmtInf><Strd><RfrdDocInf><RfrdDocTp><Prtry>002</Prtry></RfrdDocTp></RfrdDocInf><AddtlRmtInf>4166196061</AddtlRmtInf></Strd><Strd><AddtlRmtInf>185008 18405549//4166196061</AddtlRmtInf></Strd></RmtInf><RltdDts><TxDtTm>2018-09-05T14:34:33</TxDtTm></RltdDts><AddtlTxInf>780322467100      1020180905826185008</AddtlTxInf></TxDtls><AddtlNtryInf>COMPLETE//0000//002//CREDIT</AddtlNtryInf></Ntry><Ntry><Amt Ccy="GBP">40.68</Amt><CdtDbtInd>CRDT</CdtDbtInd><Sts>BOOK</Sts><BookgDt><Dt>2018-09-05</Dt></BookgDt><BkTxCd><Prtry><Cd>SIP UKBA CR 40269</Cd></Prtry></BkTxCd><TxDtls><Refs><EndToEndId>3128298336</EndToEndId><TxId>780307407400</TxId></Refs><RltdPties><DbtrAcct><Id><PrtryAcct><Id>18500818405549</Id></PrtryAcct></Id></DbtrAcct><Cdtr><Nm>Kevin Murray</Nm></Cdtr><CdtrAcct><Id><PrtryAcct><Id>23008200417544</Id></PrtryAcct></Id></CdtrAcct><Prtry><Tp>3128298336</Tp><Pty/></Prtry></RltdPties><RmtInf><Strd><RfrdDocInf><RfrdDocTp><Prtry>002</Prtry></RfrdDocTp></RfrdDocInf><AddtlRmtInf>3128298336</AddtlRmtInf></Strd><Strd><AddtlRmtInf>185008 18405549//3128298336</AddtlRmtInf></Strd></RmtInf><RltdDts><TxDtTm>2018-09-05T14:34:57</TxDtTm></RltdDts><AddtlTxInf>780307407400      1020180905826185008</AddtlTxInf></TxDtls><AddtlNtryInf>COMPLETE//0000//002//CREDIT</AddtlNtryInf></Ntry><Ntry><Amt Ccy="GBP">100.00</Amt><CdtDbtInd>CRDT</CdtDbtInd><Sts>BOOK</Sts><BookgDt><Dt>2018-09-05</Dt></BookgDt><BkTxCd><Prtry><Cd>SIP UKBA CR 40269</Cd></Prtry></BkTxCd><TxDtls><Refs><EndToEndId>NOREF</EndToEndId><TxId>400000000391019059</TxId></Refs><RltdPties><Dbtr><Nm>D Jones</Nm></Dbtr><DbtrAcct><Id><PrtryAcct><Id>11181132796104</Id></PrtryAcct></Id></DbtrAcct><Cdtr><Nm>DARRAN JONES</Nm></Cdtr><CdtrAcct><Id><PrtryAcct><Id>23008200125402</Id></PrtryAcct></Id></CdtrAcct><Prtry><Tp>ARRO</Tp><Pty/></Prtry></RltdPties><RmtInf><Strd><AddtlRmtInf>NO REF</AddtlRmtInf></Strd><Strd><AddtlRmtInf>D Jones//ARRO</AddtlRmtInf></Strd></RmtInf><RltdDts><TxDtTm>2018-09-05T14:35:29</TxDtTm></RltdDts><AddtlTxInf>4000000003910190591020180905826111811</AddtlTxInf></TxDtls><AddtlNtryInf>COMPLETE//0000//002//CREDIT</AddtlNtryInf></Ntry><Ntry><Amt Ccy="GBP">38.66</Amt><CdtDbtInd>CRDT</CdtDbtInd><Sts>BOOK</Sts><BookgDt><Dt>2018-09-05</Dt></BookgDt><BkTxCd><Prtry><Cd>SIP UKBA CR 40269</Cd></Prtry></BkTxCd><TxDtls><Refs><EndToEndId>1213663367</EndToEndId><TxId>780307408300</TxId></Refs><RltdPties><DbtrAcct><Id><PrtryAcct><Id>18500818405549</Id></PrtryAcct></Id></DbtrAcct><Cdtr><Nm>Daniel Lee</Nm></Cdtr><CdtrAcct><Id><PrtryAcct><Id>23008200419320</Id></PrtryAcct></Id></CdtrAcct><Prtry><Tp>1213663367</Tp><Pty/></Prtry></RltdPties><RmtInf><Strd><RfrdDocInf><RfrdDocTp><Prtry>002</Prtry></RfrdDocTp></RfrdDocInf><AddtlRmtInf>1213663367</AddtlRmtInf></Strd><Strd><AddtlRmtInf>185008 18405549//1213663367</AddtlRmtInf></Strd></RmtInf><RltdDts><TxDtTm>2018-09-05T14:35:44</TxDtTm></RltdDts><AddtlTxInf>780307408300      1020180905826185008</AddtlTxInf></TxDtls><AddtlNtryInf>COMPLETE//0000//002//CREDIT</AddtlNtryInf></Ntry><Ntry><Amt Ccy="GBP">40.68</Amt><CdtDbtInd>CRDT</CdtDbtInd><Sts>BOOK</Sts><BookgDt><Dt>2018-09-05</Dt></BookgDt><BkTxCd><Prtry><Cd>SIP UKBA CR 40269</Cd></Prtry></BkTxCd><TxDtls><Refs><EndToEndId>1110251879</EndToEndId><TxId>780322468400</TxId></Refs><RltdPties><DbtrAcct><Id><PrtryAcct><Id>18500818405549</Id></PrtryAcct></Id></DbtrAcct><Cdtr><Nm>Adam Hedderick</Nm></Cdtr><CdtrAcct><Id><PrtryAcct><Id>23008200417446</Id></PrtryAcct></Id></CdtrAcct><Prtry><Tp>1110251879</Tp><Pty/></Prtry></RltdPties><RmtInf><Strd><RfrdDocInf><RfrdDocTp><Prtry>002</Prtry></RfrdDocTp></RfrdDocInf><AddtlRmtInf>1110251879</AddtlRmtInf></Strd><Strd><AddtlRmtInf>185008 18405549//1110251879</AddtlRmtInf></Strd></RmtInf><RltdDts><TxDtTm>2018-09-05T14:36:32</TxDtTm></RltdDts><AddtlTxInf>780322468400      1020180905826185008</AddtlTxInf></TxDtls><AddtlNtryInf>COMPLETE//0000//002//CREDIT</AddtlNtryInf></Ntry><Ntry><Amt Ccy="GBP">40.68</Amt><CdtDbtInd>CRDT</CdtDbtInd><Sts>BOOK</Sts><BookgDt><Dt>2018-09-05</Dt></BookgDt><BkTxCd><Prtry><Cd>SIP UKBA CR 40269</Cd></Prtry></BkTxCd><TxDtls><Refs><EndToEndId>3096758394</EndToEndId><TxId>780322468200</TxId></Refs><RltdPties><DbtrAcct><Id><PrtryAcct><Id>18500818405549</Id></PrtryAcct></Id></DbtrAcct><Cdtr><Nm>Thomas Deller</Nm></Cdtr><CdtrAcct><Id><PrtryAcct><Id>23008200419640</Id></PrtryAcct></Id></CdtrAcct><Prtry><Tp>3096758394</Tp><Pty/></Prtry></RltdPties><RmtInf><Strd><RfrdDocInf><RfrdDocTp><Prtry>002</Prtry></RfrdDocTp></RfrdDocInf><AddtlRmtInf>3096758394</AddtlRmtInf></Strd><Strd><AddtlRmtInf>185008 18405549//3096758394</AddtlRmtInf></Strd></RmtInf><RltdDts><TxDtTm>2018-09-05T14:36:32</TxDtTm></RltdDts><AddtlTxInf>780322468200      1020180905826185008</AddtlTxInf></TxDtls><AddtlNtryInf>COMPLETE//0000//002//CREDIT</AddtlNtryInf></Ntry><Ntry><Amt Ccy="GBP">14.81</Amt><CdtDbtInd>CRDT</CdtDbtInd><Sts>BOOK</Sts><BookgDt><Dt>2018-09-05</Dt></BookgDt><BkTxCd><Prtry><Cd>SIP UKBA CR 40269</Cd></Prtry></BkTxCd><TxDtls><Refs><EndToEndId>3885952602</EndToEndId><TxId>780322469000</TxId></Refs><RltdPties><DbtrAcct><Id><PrtryAcct><Id>18500818405549</Id></PrtryAcct></Id></DbtrAcct><Cdtr><Nm>Andrew Adepoju</Nm></Cdtr><CdtrAcct><Id><PrtryAcct><Id>23008200419687</Id></PrtryAcct></Id></CdtrAcct><Prtry><Tp>3885952602</Tp><Pty/></Prtry></RltdPties><RmtInf><Strd><RfrdDocInf><RfrdDocTp><Prtry>002</Prtry></RfrdDocTp></RfrdDocInf><AddtlRmtInf>3885952602</AddtlRmtInf></Strd><Strd><AddtlRmtInf>185008 18405549//3885952602</AddtlRmtInf></Strd></RmtInf><RltdDts><TxDtTm>2018-09-05T14:38:06</TxDtTm></RltdDts><AddtlTxInf>780322469000      1020180905826185008</AddtlTxInf></TxDtls><AddtlNtryInf>COMPLETE//0000//002//CREDIT</AddtlNtryInf></Ntry><Ntry><Amt Ccy="GBP">312.00</Amt><CdtDbtInd>CRDT</CdtDbtInd><Sts>BOOK</Sts><BookgDt><Dt>2018-09-05</Dt></BookgDt><BkTxCd><Prtry><Cd>SIP UKBA CR 40269</Cd></Prtry></BkTxCd><TxDtls><Refs><EndToEndId>NOREF</EndToEndId><TxId>200000000384557540</TxId></Refs><RltdPties><Dbtr><Nm>C Ward</Nm></Dbtr><DbtrAcct><Id><PrtryAcct><Id>77130861265662</Id></PrtryAcct></Id></DbtrAcct><Cdtr><Nm>IBRAHIM UTHMAN</Nm></Cdtr><CdtrAcct><Id><PrtryAcct><Id>23008200404016</Id></PrtryAcct></Id></CdtrAcct></RltdPties><RmtInf><Strd><AddtlRmtInf>NO REF</AddtlRmtInf></Strd><Strd><AddtlRmtInf>C Ward//</AddtlRmtInf></Strd></RmtInf><RltdDts><TxDtTm>2018-09-05T14:49:31</TxDtTm></RltdDts><AddtlTxInf>2000000003845575401020180905826771308</AddtlTxInf></TxDtls><AddtlNtryInf>COMPLETE//0000//002//CREDIT</AddtlNtryInf></Ntry></Ntfctn></BkToCstmrDbtCdtNtfctnV01></Document>