<?xml version="1.0" encoding="UTF-8"?><Document xmlns:xsi="http://www.w3.org/2001/XMLSchema-instance" xmlns="urn:iso:std:iso:20022:tech:xsd:camt.054.001.01"><BkToCstmrDbtCdtNtfctnV01><GrpHdr><MsgId>80309K//12348</MsgId><CreDtTm>2018-09-03T04:00:00</CreDtTm></GrpHdr><Ntfctn><Id>80309K//12348//1</Id><CreDtTm>2018-09-03T04:00:00</CreDtTm><Acct><Id><PrtryAcct><Id>20594233939774</Id></PrtryAcct></Id><Ccy>GBP</Ccy></Acct><TxsSummry><TtlNtries><NbOfNtries>1</NbOfNtries><Sum>10.00</Sum></TtlNtries><TtlCdtNtries><NbOfNtries>1</NbOfNtries><Sum>10.00</Sum></TtlCdtNtries><TtlDbtNtries><NbOfNtries>0</NbOfNtries><Sum>0.00</Sum></TtlDbtNtries></TxsSummry><Ntry><Amt Ccy="GBP">10.00</Amt><CdtDbtInd>CRDT</CdtDbtInd><Sts>BOOK</Sts><BookgDt><Dt>2018-09-03</Dt></BookgDt><BkTxCd><Prtry><Cd>SIP UKBA CR 40269</Cd></Prtry></BkTxCd><TxDtls><Refs><EndToEndId>NOREF</EndToEndId><TxId>000000000127102187</TxId></Refs><RltdPties><Dbtr><Nm>MR L A NEED</Nm></Dbtr><DbtrAcct><Id><PrtryAcct><Id>08910314185050</Id></PrtryAcct></Id></DbtrAcct><Cdtr><Nm>MR L NEED SAVING</Nm></Cdtr><CdtrAcct><Id><PrtryAcct><Id>23008200338418</Id></PrtryAcct></Id></CdtrAcct></RltdPties><RmtInf><Strd><AddtlRmtInf>NO REF</AddtlRmtInf></Strd><Strd><AddtlRmtInf>MR L A NEED//</AddtlRmtInf></Strd></RmtInf><RltdDts><TxDtTm>2018-09-03T03:53:29</TxDtTm></RltdDts><AddtlTxInf>0000000001271021871020180903826089103</AddtlTxInf></TxDtls><AddtlNtryInf>COMPLETE//0000//003//CREDIT</AddtlNtryInf></Ntry></Ntfctn></BkToCstmrDbtCdtNtfctnV01></Document>