<?xml version="1.0" encoding="UTF-8"?><Document xmlns:xsi="http://www.w3.org/2001/XMLSchema-instance" xmlns="urn:iso:std:iso:20022:tech:xsd:camt.054.001.01"><BkToCstmrDbtCdtNtfctnV01><GrpHdr><MsgId>80309K//13204</MsgId><CreDtTm>2018-09-22T22:30:00</CreDtTm></GrpHdr><Ntfctn><Id>80309K//13204//1</Id><CreDtTm>2018-09-22T22:30:00</CreDtTm><Acct><Id><PrtryAcct><Id>20594233939774</Id></PrtryAcct></Id><Ccy>GBP</Ccy></Acct><TxsSummry><TtlNtries><NbOfNtries>5</NbOfNtries><Sum>354.01</Sum></TtlNtries><TtlCdtNtries><NbOfNtries>5</NbOfNtries><Sum>354.01</Sum></TtlCdtNtries><TtlDbtNtries><NbOfNtries>0</NbOfNtries><Sum>0.00</Sum></TtlDbtNtries></TxsSummry><Ntry><Amt Ccy="GBP">3.00</Amt><CdtDbtInd>CRDT</CdtDbtInd><Sts>BOOK</Sts><BookgDt><Dt>2018-09-24</Dt></BookgDt><BkTxCd><Prtry><Cd>SIP UKBA CR 40269</Cd></Prtry></BkTxCd><TxDtls><Refs><EndToEndId>NOREF</EndToEndId><TxId>RP4679962022906200</TxId></Refs><RltdPties><Dbtr><Nm>WHITEHEAD J C</Nm></Dbtr><DbtrAcct><Id><PrtryAcct><Id>20143383527425</Id></PrtryAcct></Id></DbtrAcct><Cdtr><Nm>MARTYN WHITEHEAD</Nm></Cdtr><CdtrAcct><Id><PrtryAcct><Id>23008200407084</Id></PrtryAcct></Id></CdtrAcct><Prtry><Tp>LUNCH</Tp><Pty/></Prtry></RltdPties><RmtInf><Strd><AddtlRmtInf>NO REF</AddtlRmtInf></Strd><Strd><AddtlRmtInf>WHITEHEAD J C//LUNCH</AddtlRmtInf></Strd></RmtInf><RltdDts><TxDtTm>2018-09-22T22:04:09</TxDtTm></RltdDts><AddtlTxInf>RP46799620229062001020180922826200026</AddtlTxInf></TxDtls><AddtlNtryInf>COMPLETE//0000//003//CREDIT</AddtlNtryInf></Ntry><Ntry><Amt Ccy="GBP">310.00</Amt><CdtDbtInd>CRDT</CdtDbtInd><Sts>BOOK</Sts><BookgDt><Dt>2018-09-24</Dt></BookgDt><BkTxCd><Prtry><Cd>SIP UKBA CR 40269</Cd></Prtry></BkTxCd><TxDtls><Refs><EndToEndId>NOREF</EndToEndId><TxId>600000000390742838</TxId></Refs><RltdPties><Dbtr><Nm>T Pham</Nm></Dbtr><DbtrAcct><Id><PrtryAcct><Id>77251928428660</Id></PrtryAcct></Id></DbtrAcct><Cdtr><Nm>ADREA</Nm></Cdtr><CdtrAcct><Id><PrtryAcct><Id>23008200331960</Id></PrtryAcct></Id></CdtrAcct><Prtry><Tp>ROOM RENT OCT</Tp><Pty/></Prtry></RltdPties><RmtInf><Strd><AddtlRmtInf>NO REF</AddtlRmtInf></Strd><Strd><AddtlRmtInf>T Pham//ROOM RENT OCT</AddtlRmtInf></Strd></RmtInf><RltdDts><TxDtTm>2018-09-22T22:11:34</TxDtTm></RltdDts><AddtlTxInf>6000000003907428381020180922826772519</AddtlTxInf></TxDtls><AddtlNtryInf>COMPLETE//0000//003//CREDIT</AddtlNtryInf></Ntry><Ntry><Amt Ccy="GBP">5.00</Amt><CdtDbtInd>CRDT</CdtDbtInd><Sts>BOOK</Sts><BookgDt><Dt>2018-09-24</Dt></BookgDt><BkTxCd><Prtry><Cd>SIP UKBA CR 40269</Cd></Prtry></BkTxCd><TxDtls><Refs><EndToEndId>NOREF</EndToEndId><TxId>500000000391026030</TxId></Refs><RltdPties><Dbtr><Nm>K Katile</Nm></Dbtr><DbtrAcct><Id><PrtryAcct><Id>11070410819466</Id></PrtryAcct></Id></DbtrAcct><Cdtr><Nm>KATILIUS ROMANAS</Nm></Cdtr><CdtrAcct><Id><PrtryAcct><Id>23008200347868</Id></PrtryAcct></Id></CdtrAcct><Prtry><Tp>KRISTI</Tp><Pty/></Prtry></RltdPties><RmtInf><Strd><AddtlRmtInf>NO REF</AddtlRmtInf></Strd><Strd><AddtlRmtInf>K Katile//KRISTI</AddtlRmtInf></Strd></RmtInf><RltdDts><TxDtTm>2018-09-22T22:15:38</TxDtTm></RltdDts><AddtlTxInf>5000000003910260301020180922826110704</AddtlTxInf></TxDtls><AddtlNtryInf>COMPLETE//0000//003//CREDIT</AddtlNtryInf></Ntry><Ntry><Amt Ccy="GBP">36.00</Amt><CdtDbtInd>CRDT</CdtDbtInd><Sts>BOOK</Sts><BookgDt><Dt>2018-09-24</Dt></BookgDt><BkTxCd><Prtry><Cd>SIP UKBA CR 40269</Cd></Prtry></BkTxCd><TxDtls><Refs><EndToEndId>MARY</EndToEndId><TxId>45221943475399000N</TxId><Prtry><Tp>STO REF</Tp><Ref>0000</Ref></Prtry></Refs><RltdPties><Dbtr><Nm>NYAME M</Nm></Dbtr><DbtrAcct><Id><PrtryAcct><Id>60101888730344</Id></PrtryAcct></Id></DbtrAcct><Cdtr><Nm>E AKYIE</Nm></Cdtr><CdtrAcct><Id><PrtryAcct><Id>23008200314717</Id></PrtryAcct></Id></CdtrAcct><Prtry><Tp>MARY</Tp><Pty/></Prtry></RltdPties><RmtInf><Strd><AddtlRmtInf>NYAME M           MARY              VIA MOBILE - LVP</AddtlRmtInf></Strd><Strd><AddtlRmtInf>NYAME M//MARY</AddtlRmtInf></Strd></RmtInf><RltdDts><TxDtTm>2018-09-22T22:19:43</TxDtTm></RltdDts><AddtlTxInf>45221943475399000N1020180922826601018</AddtlTxInf></TxDtls><AddtlNtryInf>COMPLETE//0000//003//CREDIT</AddtlNtryInf></Ntry><Ntry><Amt Ccy="GBP">0.01</Amt><CdtDbtInd>CRDT</CdtDbtInd><Sts>BOOK</Sts><BookgDt><Dt>2018-09-24</Dt></BookgDt><BkTxCd><Prtry><Cd>SIP UKBA CR 40269</Cd></Prtry></BkTxCd><TxDtls><Refs><EndToEndId>PPRD00000000APEN2S</EndToEndId><TxId>PPRD00000000APEN2S</TxId></Refs><RltdPties><Dbtr><Nm>PAYPAL CODE 4526</Nm><PstlAdr><AdrLine>2211 N 1st Street San Jose CA 95131</AdrLine><Ctry/></PstlAdr></Dbtr><DbtrAcct><Id><PrtryAcct><Id>23526285010101</Id></PrtryAcct></Id></DbtrAcct><Cdtr><Nm>michael English</Nm><PstlAdr><AdrLine>3 Foxhill</AdrLine><Ctry/></PstlAdr></Cdtr><CdtrAcct><Id><PrtryAcct><Id>23008200461204</Id></PrtryAcct></Id></CdtrAcct><Prtry><Tp>PAYPAL CODE 4526</Tp><Pty/></Prtry></RltdPties><RmtInf><Strd><RfrdDocInf><RfrdDocTp><Prtry>002</Prtry></RfrdDocTp></RfrdDocInf><AddtlRmtInf>NO REF</AddtlRmtInf></Strd><Strd><AddtlRmtInf>PAYPAL CODE 4526//PAYPAL CODE 4526</AddtlRmtInf></Strd></RmtInf><RltdDts><TxDtTm>2018-09-22T22:25:45</TxDtTm></RltdDts><AddtlTxInf>PPRD00000000APEN2S1020180922826235262</AddtlTxInf></TxDtls><AddtlNtryInf>COMPLETE//0000//003//CREDIT</AddtlNtryInf></Ntry></Ntfctn></BkToCstmrDbtCdtNtfctnV01></Document>