<?xml version="1.0" encoding="UTF-8"?><Document xmlns:xsi="http://www.w3.org/2001/XMLSchema-instance" xmlns="urn:iso:std:iso:20022:tech:xsd:camt.054.001.01"><BkToCstmrDbtCdtNtfctnV01><GrpHdr><MsgId>80309K//13369</MsgId><CreDtTm>2018-09-26T20:00:00</CreDtTm></GrpHdr><Ntfctn><Id>80309K//13369//1</Id><CreDtTm>2018-09-26T20:00:00</CreDtTm><Acct><Id><PrtryAcct><Id>20594233939774</Id></PrtryAcct></Id><Ccy>GBP</Ccy></Acct><TxsSummry><TtlNtries><NbOfNtries>5</NbOfNtries><Sum>980.50</Sum></TtlNtries><TtlCdtNtries><NbOfNtries>5</NbOfNtries><Sum>980.50</Sum></TtlCdtNtries><TtlDbtNtries><NbOfNtries>0</NbOfNtries><Sum>0.00</Sum></TtlDbtNtries></TxsSummry><Ntry><Amt Ccy="GBP">87.50</Amt><CdtDbtInd>CRDT</CdtDbtInd><Sts>BOOK</Sts><BookgDt><Dt>2018-09-27</Dt></BookgDt><BkTxCd><Prtry><Cd>SIP UKBA CR 40269</Cd></Prtry></BkTxCd><TxDtls><Refs><EndToEndId>NOREF</EndToEndId><TxId>300000000395779059</TxId></Refs><RltdPties><Dbtr><Nm>K Bates</Nm></Dbtr><DbtrAcct><Id><PrtryAcct><Id>30934501643232</Id></PrtryAcct></Id></DbtrAcct><Cdtr><Nm>BUSINESS HUB SERVI</Nm></Cdtr><CdtrAcct><Id><PrtryAcct><Id>23008200042298</Id></PrtryAcct></Id></CdtrAcct><Prtry><Tp>INV1094</Tp><Pty/></Prtry></RltdPties><RmtInf><Strd><AddtlRmtInf>NO REF</AddtlRmtInf></Strd><Strd><AddtlRmtInf>K Bates//INV1094</AddtlRmtInf></Strd></RmtInf><RltdDts><TxDtTm>2018-09-26T19:39:06</TxDtTm></RltdDts><AddtlTxInf>3000000003957790591020180926826309345</AddtlTxInf></TxDtls><AddtlNtryInf>COMPLETE//0000//003//CREDIT</AddtlNtryInf></Ntry><Ntry><Amt Ccy="GBP">600.00</Amt><CdtDbtInd>CRDT</CdtDbtInd><Sts>BOOK</Sts><BookgDt><Dt>2018-09-27</Dt></BookgDt><BkTxCd><Prtry><Cd>SIP UKBA CR 40269</Cd></Prtry></BkTxCd><TxDtls><Refs><EndToEndId>SUBCONTRAKTOR</EndToEndId><TxId>25193915097897000N</TxId><Prtry><Tp>STO REF</Tp><Ref>0000</Ref></Prtry></Refs><RltdPties><Dbtr><Nm>GAMMA 7 LIMITED</Nm></Dbtr><DbtrAcct><Id><PrtryAcct><Id>60060327559440</Id></PrtryAcct></Id></DbtrAcct><Cdtr><Nm>PETROV BUILD LTD</Nm></Cdtr><CdtrAcct><Id><PrtryAcct><Id>23008200039321</Id></PrtryAcct></Id></CdtrAcct><Prtry><Tp>SUBCONTRAKTOR</Tp><Pty/></Prtry></RltdPties><RmtInf><Strd><AddtlRmtInf>GAMMA 7 LIMITED   SUBCONTRAKTOR     VIA MOBILE - PYMT</AddtlRmtInf></Strd><Strd><AddtlRmtInf>GAMMA 7 LIMITED//SUBCONTRAKTOR</AddtlRmtInf></Strd></RmtInf><RltdDts><TxDtTm>2018-09-26T19:39:15</TxDtTm></RltdDts><AddtlTxInf>25193915097897000N1020180926826600603</AddtlTxInf></TxDtls><AddtlNtryInf>COMPLETE//0000//003//CREDIT</AddtlNtryInf></Ntry><Ntry><Amt Ccy="GBP">253.00</Amt><CdtDbtInd>CRDT</CdtDbtInd><Sts>BOOK</Sts><BookgDt><Dt>2018-09-27</Dt></BookgDt><BkTxCd><Prtry><Cd>SIP UKBA CR 40269</Cd></Prtry></BkTxCd><TxDtls><Refs><EndToEndId>NOREF</EndToEndId><TxId>FP18269O09219657</TxId></Refs><RltdPties><Dbtr><Nm>Peters Dennis</Nm></Dbtr><DbtrAcct><Id><PrtryAcct><Id>07011605226824</Id></PrtryAcct></Id></DbtrAcct><Cdtr><Nm>MR M EVANS</Nm></Cdtr><CdtrAcct><Id><PrtryAcct><Id>23008200469047</Id></PrtryAcct></Id></CdtrAcct><Prtry><Tp>00469047</Tp><Pty/></Prtry></RltdPties><RmtInf><Strd><AddtlRmtInf>NO REF</AddtlRmtInf></Strd><Strd><AddtlRmtInf>Peters Dennis//00469047</AddtlRmtInf></Strd></RmtInf><RltdDts><TxDtTm>2018-09-26T19:44:07</TxDtTm></RltdDts><AddtlTxInf>FP18269O09219657  1020180926826070116</AddtlTxInf></TxDtls><AddtlNtryInf>COMPLETE//0000//003//CREDIT</AddtlNtryInf></Ntry><Ntry><Amt Ccy="GBP">20.00</Amt><CdtDbtInd>CRDT</CdtDbtInd><Sts>BOOK</Sts><BookgDt><Dt>2018-09-27</Dt></BookgDt><BkTxCd><Prtry><Cd>SIP UKBA CR 40269</Cd></Prtry></BkTxCd><TxDtls><Refs><EndToEndId>NOREF</EndToEndId><TxId>518028033591629001</TxId><Prtry><Tp>STO REF</Tp><Ref>0000</Ref></Prtry></Refs><RltdPties><Dbtr><Nm>HAMSHAW J</Nm></Dbtr><DbtrAcct><Id><PrtryAcct><Id>40472131333356</Id></PrtryAcct></Id></DbtrAcct><Cdtr><Nm>Mrs C Whitehead</Nm></Cdtr><CdtrAcct><Id><PrtryAcct><Id>23008200021049</Id></PrtryAcct></Id></CdtrAcct><Prtry><Tp>yours</Tp><Pty/></Prtry></RltdPties><RmtInf><Strd><AddtlRmtInf>NO REF</AddtlRmtInf></Strd><Strd><AddtlRmtInf>HAMSHAW J//yours</AddtlRmtInf></Strd></RmtInf><RltdDts><TxDtTm>2018-09-26T19:53:31</TxDtTm></RltdDts><AddtlTxInf>5180280335916290011020180926826404721</AddtlTxInf></TxDtls><AddtlNtryInf>COMPLETE//0000//003//CREDIT</AddtlNtryInf></Ntry><Ntry><Amt Ccy="GBP">20.00</Amt><CdtDbtInd>CRDT</CdtDbtInd><Sts>BOOK</Sts><BookgDt><Dt>2018-09-27</Dt></BookgDt><BkTxCd><Prtry><Cd>SIP UKBA CR 40269</Cd></Prtry></BkTxCd><TxDtls><Refs><EndToEndId>DONE</EndToEndId><TxId>35195748893385000J</TxId><Prtry><Tp>STO REF</Tp><Ref>0000</Ref></Prtry></Refs><RltdPties><Dbtr><Nm>O&apos;KANE NP</Nm></Dbtr><DbtrAcct><Id><PrtryAcct><Id>98045010474771</Id></PrtryAcct></Id></DbtrAcct><Cdtr><Nm>CHLOE</Nm></Cdtr><CdtrAcct><Id><PrtryAcct><Id>23008200459087</Id></PrtryAcct></Id></CdtrAcct><Prtry><Tp>DONE</Tp><Pty/></Prtry></RltdPties><RmtInf><Strd><AddtlRmtInf>O&apos;KANE NP         DONE              VIA MOBILE - LVP</AddtlRmtInf></Strd><Strd><AddtlRmtInf>O&apos;KANE NP//DONE</AddtlRmtInf></Strd></RmtInf><RltdDts><TxDtTm>2018-09-26T19:57:49</TxDtTm></RltdDts><AddtlTxInf>35195748893385000J1020180926826980450</AddtlTxInf></TxDtls><AddtlNtryInf>COMPLETE//0000//003//CREDIT</AddtlNtryInf></Ntry></Ntfctn></BkToCstmrDbtCdtNtfctnV01></Document>