<?xml version="1.0" encoding="UTF-8"?><Document xmlns:xsi="http://www.w3.org/2001/XMLSchema-instance" xmlns="urn:iso:std:iso:20022:tech:xsd:camt.054.001.01"><BkToCstmrDbtCdtNtfctnV01><GrpHdr><MsgId>80309K//13528</MsgId><CreDtTm>2018-09-30T14:30:00</CreDtTm></GrpHdr><Ntfctn><Id>80309K//13528//1</Id><CreDtTm>2018-09-30T14:30:00</CreDtTm><Acct><Id><PrtryAcct><Id>20594233939774</Id></PrtryAcct></Id><Ccy>GBP</Ccy></Acct><TxsSummry><TtlNtries><NbOfNtries>4</NbOfNtries><Sum>2691.00</Sum></TtlNtries><TtlCdtNtries><NbOfNtries>4</NbOfNtries><Sum>2691.00</Sum></TtlCdtNtries><TtlDbtNtries><NbOfNtries>0</NbOfNtries><Sum>0.00</Sum></TtlDbtNtries></TxsSummry><Ntry><Amt Ccy="GBP">2623.00</Amt><CdtDbtInd>CRDT</CdtDbtInd><Sts>BOOK</Sts><BookgDt><Dt>2018-10-01</Dt></BookgDt><BkTxCd><Prtry><Cd>SIP UKBA CR 40269</Cd></Prtry></BkTxCd><TxDtls><Refs><EndToEndId>NOREF</EndToEndId><TxId>600000000393232144</TxId></Refs><RltdPties><Dbtr><Nm>MARCON PROPERTIES</Nm></Dbtr><DbtrAcct><Id><PrtryAcct><Id>77852141480060</Id></PrtryAcct></Id></DbtrAcct><Cdtr><Nm>EMMA PARKS</Nm></Cdtr><CdtrAcct><Id><PrtryAcct><Id>23008200312158</Id></PrtryAcct></Id></CdtrAcct><Prtry><Tp>WENTWORTH&amp;ROSE</Tp><Pty/></Prtry></RltdPties><RmtInf><Strd><AddtlRmtInf>NO REF</AddtlRmtInf></Strd><Strd><AddtlRmtInf>MARCON PROPERTIES//WENTWORTH&amp;ROSE</AddtlRmtInf></Strd></RmtInf><RltdDts><TxDtTm>2018-09-30T14:06:12</TxDtTm></RltdDts><AddtlTxInf>6000000003932321441020180930826778521</AddtlTxInf></TxDtls><AddtlNtryInf>COMPLETE//0000//003//CREDIT</AddtlNtryInf></Ntry><Ntry><Amt Ccy="GBP">35.00</Amt><CdtDbtInd>CRDT</CdtDbtInd><Sts>BOOK</Sts><BookgDt><Dt>2018-10-01</Dt></BookgDt><BkTxCd><Prtry><Cd>SIP UKBA CR 40269</Cd></Prtry></BkTxCd><TxDtls><Refs><EndToEndId>TAXI MONEY</EndToEndId><TxId>25141428060018000N</TxId><Prtry><Tp>STO REF</Tp><Ref>0000</Ref></Prtry></Refs><RltdPties><Dbtr><Nm>OKUNOREN DB</Nm></Dbtr><DbtrAcct><Id><PrtryAcct><Id>60071843096379</Id></PrtryAcct></Id></DbtrAcct><Cdtr><Nm>BRYAN</Nm></Cdtr><CdtrAcct><Id><PrtryAcct><Id>23008200476055</Id></PrtryAcct></Id></CdtrAcct><Prtry><Tp>TAXI MONEY</Tp><Pty/></Prtry></RltdPties><RmtInf><Strd><AddtlRmtInf>OKUNOREN DB       TAXI MONEY        VIA MOBILE - LVP</AddtlRmtInf></Strd><Strd><AddtlRmtInf>OKUNOREN DB//TAXI MONEY</AddtlRmtInf></Strd></RmtInf><RltdDts><TxDtTm>2018-09-30T14:14:28</TxDtTm></RltdDts><AddtlTxInf>25141428060018000N1020180930826600718</AddtlTxInf></TxDtls><AddtlNtryInf>COMPLETE//0000//003//CREDIT</AddtlNtryInf></Ntry><Ntry><Amt Ccy="GBP">23.00</Amt><CdtDbtInd>CRDT</CdtDbtInd><Sts>BOOK</Sts><BookgDt><Dt>2018-10-01</Dt></BookgDt><BkTxCd><Prtry><Cd>DCA UKBA CR 40269</Cd></Prtry></BkTxCd><TxDtls><Refs><EndToEndId>NOREF</EndToEndId><TxId>000000013710502201</TxId><Prtry><Tp>STO REF</Tp><Ref>3103</Ref></Prtry></Refs><RltdPties><Dbtr><Nm>A BIRCH</Nm></Dbtr><DbtrAcct><Id><PrtryAcct><Id>20035373152596</Id></PrtryAcct></Id></DbtrAcct><Cdtr><Nm>ALEX BIRCH1</Nm></Cdtr><CdtrAcct><Id><PrtryAcct><Id>23008200067887</Id></PrtryAcct></Id></CdtrAcct><Prtry><Tp>ALEX BIRCH</Tp><Pty/></Prtry></RltdPties><RmtInf><Strd><AddtlRmtInf>NO REF</AddtlRmtInf></Strd><Strd><AddtlRmtInf>A BIRCH//ALEX BIRCH</AddtlRmtInf></Strd></RmtInf><RltdDts><TxDtTm>2018-09-30T14:22:23</TxDtTm></RltdDts><AddtlTxInf>0000000137105022015020180930826200353</AddtlTxInf></TxDtls><AddtlNtryInf>COMPLETE//0000//003//CREDIT</AddtlNtryInf></Ntry><Ntry><Amt Ccy="GBP">10.00</Amt><CdtDbtInd>CRDT</CdtDbtInd><Sts>BOOK</Sts><BookgDt><Dt>2018-10-01</Dt></BookgDt><BkTxCd><Prtry><Cd>SIP UKBA CR 40269</Cd></Prtry></BkTxCd><TxDtls><Refs><EndToEndId>PUTNAM EDWARD MA</EndToEndId><TxId>TW0000000041145238</TxId></Refs><RltdPties><Dbtr><Nm>edward mark putnam TW</Nm></Dbtr><DbtrAcct><Id><PrtryAcct><Id>23147045668879</Id></PrtryAcct></Id></DbtrAcct><Cdtr><Nm>edward putnam</Nm></Cdtr><CdtrAcct><Id><PrtryAcct><Id>23008200473725</Id></PrtryAcct></Id></CdtrAcct><Prtry><Tp>PUTNAM EDWARD MA</Tp><Pty/></Prtry></RltdPties><RmtInf><Strd><AddtlRmtInf>NO REF</AddtlRmtInf></Strd><Strd><AddtlRmtInf>edward mark putnam//PUTNAM EDWARD MA</AddtlRmtInf></Strd></RmtInf><RltdDts><TxDtTm>2018-09-30T14:28:04</TxDtTm></RltdDts><AddtlTxInf>TW00000000411452381020180930826231470</AddtlTxInf></TxDtls><AddtlNtryInf>COMPLETE//0000//003//CREDIT</AddtlNtryInf></Ntry></Ntfctn></BkToCstmrDbtCdtNtfctnV01></Document>