<?xml version="1.0" encoding="UTF-8"?><Document xmlns:xsi="http://www.w3.org/2001/XMLSchema-instance" xmlns="urn:iso:std:iso:20022:tech:xsd:camt.054.001.01"><BkToCstmrDbtCdtNtfctnV01><GrpHdr><MsgId>80309K//12452</MsgId><CreDtTm>2018-09-05T13:30:00</CreDtTm></GrpHdr><Ntfctn><Id>80309K//12452//1</Id><CreDtTm>2018-09-05T13:30:00</CreDtTm><Acct><Id><PrtryAcct><Id>20594233939774</Id></PrtryAcct></Id><Ccy>GBP</Ccy></Acct><TxsSummry><TtlNtries><NbOfNtries>7</NbOfNtries><Sum>1466.65</Sum></TtlNtries><TtlCdtNtries><NbOfNtries>7</NbOfNtries><Sum>1466.65</Sum></TtlCdtNtries><TtlDbtNtries><NbOfNtries>0</NbOfNtries><Sum>0.00</Sum></TtlDbtNtries></TxsSummry><Ntry><Amt Ccy="GBP">50.00</Amt><CdtDbtInd>CRDT</CdtDbtInd><Sts>BOOK</Sts><BookgDt><Dt>2018-09-05</Dt></BookgDt><BkTxCd><Prtry><Cd>SIP UKBA CR 40269</Cd></Prtry></BkTxCd><TxDtls><Refs><EndToEndId>NOREF</EndToEndId><TxId>FP18248O12228814</TxId></Refs><RltdPties><Dbtr><Nm>Ajiboye Abolanle</Nm></Dbtr><DbtrAcct><Id><PrtryAcct><Id>07043633234820</Id></PrtryAcct></Id></DbtrAcct><Cdtr><Nm>BRIGHT HOLIDAY</Nm></Cdtr><CdtrAcct><Id><PrtryAcct><Id>23008200222854</Id></PrtryAcct></Id></CdtrAcct><Prtry><Tp>KEMI</Tp><Pty/></Prtry></RltdPties><RmtInf><Strd><AddtlRmtInf>NO REF</AddtlRmtInf></Strd><Strd><AddtlRmtInf>Ajiboye Abolanle//KEMI</AddtlRmtInf></Strd></RmtInf><RltdDts><TxDtTm>2018-09-05T13:04:40</TxDtTm></RltdDts><AddtlTxInf>FP18248O12228814  1020180905826070436</AddtlTxInf></TxDtls><AddtlNtryInf>COMPLETE//0000//002//CREDIT</AddtlNtryInf></Ntry><Ntry><Amt Ccy="GBP">10.00</Amt><CdtDbtInd>CRDT</CdtDbtInd><Sts>BOOK</Sts><BookgDt><Dt>2018-09-05</Dt></BookgDt><BkTxCd><Prtry><Cd>SIP UKBA CR 40269</Cd></Prtry></BkTxCd><TxDtls><Refs><EndToEndId>00157738632BCBWGMQ</EndToEndId><TxId>00157738632BCBWGMQ</TxId></Refs><RltdPties><Dbtr><Nm>TREY BOATSWAIN-BASTIEN</Nm></Dbtr><DbtrAcct><Id><PrtryAcct><Id>09012904000851</Id></PrtryAcct></Id></DbtrAcct><Cdtr><Nm>mohamed kamara</Nm></Cdtr><CdtrAcct><Id><PrtryAcct><Id>23008200427128</Id></PrtryAcct></Id></CdtrAcct><Prtry><Tp>owed</Tp><Pty/></Prtry></RltdPties><RmtInf><Strd><AddtlRmtInf>NO REF</AddtlRmtInf></Strd><Strd><AddtlRmtInf>TREY BOATSWAIN-BAS//owed</AddtlRmtInf></Strd></RmtInf><RltdDts><TxDtTm>2018-09-05T13:10:48</TxDtTm></RltdDts><AddtlTxInf>00157738632BCBWGMQ1020180905826090129</AddtlTxInf></TxDtls><AddtlNtryInf>COMPLETE//0000//002//CREDIT</AddtlNtryInf></Ntry><Ntry><Amt Ccy="GBP">10.00</Amt><CdtDbtInd>CRDT</CdtDbtInd><Sts>BOOK</Sts><BookgDt><Dt>2018-09-05</Dt></BookgDt><BkTxCd><Prtry><Cd>SIP UKBA CR 40269</Cd></Prtry></BkTxCd><TxDtls><Refs><EndToEndId>NOREF</EndToEndId><TxId>FP18248O12234875</TxId></Refs><RltdPties><Dbtr><Nm>Kamara Louisa</Nm></Dbtr><DbtrAcct><Id><PrtryAcct><Id>07024609892152</Id></PrtryAcct></Id></DbtrAcct><Cdtr><Nm>TEQHON LIMITED</Nm></Cdtr><CdtrAcct><Id><PrtryAcct><Id>23008200031784</Id></PrtryAcct></Id></CdtrAcct><Prtry><Tp>EQUIPMENTS</Tp><Pty/></Prtry></RltdPties><RmtInf><Strd><AddtlRmtInf>NO REF</AddtlRmtInf></Strd><Strd><AddtlRmtInf>Kamara Louisa//EQUIPMENTS</AddtlRmtInf></Strd></RmtInf><RltdDts><TxDtTm>2018-09-05T13:12:21</TxDtTm></RltdDts><AddtlTxInf>FP18248O12234875  1020180905826070246</AddtlTxInf></TxDtls><AddtlNtryInf>COMPLETE//0000//002//CREDIT</AddtlNtryInf></Ntry><Ntry><Amt Ccy="GBP">500.00</Amt><CdtDbtInd>CRDT</CdtDbtInd><Sts>BOOK</Sts><BookgDt><Dt>2018-09-05</Dt></BookgDt><BkTxCd><Prtry><Cd>SIP UKBA CR 40269</Cd></Prtry></BkTxCd><TxDtls><Refs><EndToEndId>NOREF</EndToEndId><TxId>CBBPI1313052052300</TxId></Refs><RltdPties><Dbtr><Nm>NANCY BIRNEY</Nm></Dbtr><DbtrAcct><Id><PrtryAcct><Id>82540470443223</Id></PrtryAcct></Id></DbtrAcct><Cdtr><Nm>Tea</Nm></Cdtr><CdtrAcct><Id><PrtryAcct><Id>23008200431322</Id></PrtryAcct></Id></CdtrAcct><Prtry><Tp>Teach</Tp><Pty/></Prtry></RltdPties><RmtInf><Strd><RfrdDocInf><RfrdDocTp><Prtry>002</Prtry></RfrdDocTp></RfrdDocInf><AddtlRmtInf>NO REF</AddtlRmtInf></Strd><Strd><AddtlRmtInf>NANCY BIRNEY//Teach</AddtlRmtInf></Strd></RmtInf><RltdDts><TxDtTm>2018-09-05T13:13:06</TxDtTm></RltdDts><AddtlTxInf>CBBPI13130520523001020180905826825404</AddtlTxInf></TxDtls><AddtlNtryInf>COMPLETE//0000//002//CREDIT</AddtlNtryInf></Ntry><Ntry><Amt Ccy="GBP">298.00</Amt><CdtDbtInd>CRDT</CdtDbtInd><Sts>BOOK</Sts><BookgDt><Dt>2018-09-05</Dt></BookgDt><BkTxCd><Prtry><Cd>SIP UKBA CR 40269</Cd></Prtry></BkTxCd><TxDtls><Refs><EndToEndId>NOREF</EndToEndId><TxId>22131646265974000R</TxId><Prtry><Tp>STO REF</Tp><Ref>0000</Ref></Prtry></Refs><RltdPties><Dbtr><Nm>GC C1</Nm></Dbtr><DbtrAcct><Id><PrtryAcct><Id>16222410135836</Id></PrtryAcct></Id></DbtrAcct><Cdtr><Nm>MISS ALIA A COSTER</Nm></Cdtr><CdtrAcct><Id><PrtryAcct><Id>23008200221244</Id></PrtryAcct></Id></CdtrAcct><Prtry><Tp>CCONTENT-DTCWYMTQC</Tp><Pty/></Prtry></RltdPties><RmtInf><Strd><AddtlRmtInf>CCONTENT-DTCWYMTQC</AddtlRmtInf></Strd><Strd><AddtlRmtInf>GC C1//CCONTENT-DTCWYMTQC</AddtlRmtInf></Strd></RmtInf><RltdDts><TxDtTm>2018-09-05T13:16:46</TxDtTm></RltdDts><AddtlTxInf>22131646265974000R1020180905826162224</AddtlTxInf></TxDtls><AddtlNtryInf>COMPLETE//0000//002//CREDIT</AddtlNtryInf></Ntry><Ntry><Amt Ccy="GBP">498.45</Amt><CdtDbtInd>CRDT</CdtDbtInd><Sts>BOOK</Sts><BookgDt><Dt>2018-09-05</Dt></BookgDt><BkTxCd><Prtry><Cd>SIP UKBA CR 40269</Cd></Prtry></BkTxCd><TxDtls><Refs><EndToEndId>NOREF</EndToEndId><TxId>180905131815837350</TxId></Refs><RltdPties><Dbtr><Nm>Stanley Fosbeary</Nm></Dbtr><DbtrAcct><Id><PrtryAcct><Id>77300271080460</Id></PrtryAcct></Id></DbtrAcct><Cdtr><Nm>Credit</Nm></Cdtr><CdtrAcct><Id><PrtryAcct><Id>23008200163227</Id></PrtryAcct></Id></CdtrAcct><Prtry><Tp>BILL</Tp><Pty/></Prtry></RltdPties><RmtInf><Strd><AddtlRmtInf>NO REF</AddtlRmtInf></Strd><Strd><AddtlRmtInf>Stanley Fosbeary//BILL</AddtlRmtInf></Strd></RmtInf><RltdDts><TxDtTm>2018-09-05T13:18:13</TxDtTm></RltdDts><AddtlTxInf>1809051318158373501020180905826773002</AddtlTxInf></TxDtls><AddtlNtryInf>COMPLETE//0000//002//CREDIT</AddtlNtryInf></Ntry><Ntry><Amt Ccy="GBP">100.20</Amt><CdtDbtInd>CRDT</CdtDbtInd><Sts>BOOK</Sts><BookgDt><Dt>2018-09-05</Dt></BookgDt><BkTxCd><Prtry><Cd>SIP UKBA CR 40269</Cd></Prtry></BkTxCd><TxDtls><Refs><EndToEndId>NOREF</EndToEndId><TxId>RP4659983899796900</TxId></Refs><RltdPties><Dbtr><Nm>USEDCAR4LESS LTD</Nm></Dbtr><DbtrAcct><Id><PrtryAcct><Id>20184713818381</Id></PrtryAcct></Id></DbtrAcct><Cdtr><Nm>HILL SIDE GARAGE B</Nm></Cdtr><CdtrAcct><Id><PrtryAcct><Id>23008200043324</Id></PrtryAcct></Id></CdtrAcct><Prtry><Tp>BJ13XZY</Tp><Pty/></Prtry></RltdPties><RmtInf><Strd><AddtlRmtInf>NO REF</AddtlRmtInf></Strd><Strd><AddtlRmtInf>USEDCAR4LESS LTD//BJ13XZY</AddtlRmtInf></Strd></RmtInf><RltdDts><TxDtTm>2018-09-05T13:21:53</TxDtTm></RltdDts><AddtlTxInf>RP46599838997969001020180905826200026</AddtlTxInf></TxDtls><AddtlNtryInf>COMPLETE//0000//002//CREDIT</AddtlNtryInf></Ntry></Ntfctn></BkToCstmrDbtCdtNtfctnV01></Document>