<?xml version="1.0" encoding="UTF-8"?><Document xmlns:xsi="http://www.w3.org/2001/XMLSchema-instance" xmlns="urn:iso:std:iso:20022:tech:xsd:camt.054.001.01"><BkToCstmrDbtCdtNtfctnV01><GrpHdr><MsgId>80309K//12621</MsgId><CreDtTm>2018-09-09T10:30:00</CreDtTm></GrpHdr><Ntfctn><Id>80309K//12621//1</Id><CreDtTm>2018-09-09T10:30:00</CreDtTm><Acct><Id><PrtryAcct><Id>20594233939774</Id></PrtryAcct></Id><Ccy>GBP</Ccy></Acct><TxsSummry><TtlNtries><NbOfNtries>3</NbOfNtries><Sum>205.00</Sum></TtlNtries><TtlCdtNtries><NbOfNtries>3</NbOfNtries><Sum>205.00</Sum></TtlCdtNtries><TtlDbtNtries><NbOfNtries>0</NbOfNtries><Sum>0.00</Sum></TtlDbtNtries></TxsSummry><Ntry><Amt Ccy="GBP">20.00</Amt><CdtDbtInd>CRDT</CdtDbtInd><Sts>BOOK</Sts><BookgDt><Dt>2018-09-10</Dt></BookgDt><BkTxCd><Prtry><Cd>SIP UKBA CR 40269</Cd></Prtry></BkTxCd><TxDtls><Refs><EndToEndId>ARSHAD HAROON</EndToEndId><TxId>TW0000000039547908</TxId></Refs><RltdPties><Dbtr><Nm>haroon Arshad TW</Nm></Dbtr><DbtrAcct><Id><PrtryAcct><Id>23147019341167</Id></PrtryAcct></Id></DbtrAcct><Cdtr><Nm>Mr Matthew Graham Jenkins</Nm></Cdtr><CdtrAcct><Id><PrtryAcct><Id>23008200377761</Id></PrtryAcct></Id></CdtrAcct><Prtry><Tp>ARSHAD HAROON</Tp><Pty/></Prtry></RltdPties><RmtInf><Strd><AddtlRmtInf>NO REF</AddtlRmtInf></Strd><Strd><AddtlRmtInf>haroon Arshad TW//ARSHAD HAROON</AddtlRmtInf></Strd></RmtInf><RltdDts><TxDtTm>2018-09-09T10:08:20</TxDtTm></RltdDts><AddtlTxInf>TW00000000395479081020180909826231470</AddtlTxInf></TxDtls><AddtlNtryInf>COMPLETE//0000//003//CREDIT</AddtlNtryInf></Ntry><Ntry><Amt Ccy="GBP">50.00</Amt><CdtDbtInd>CRDT</CdtDbtInd><Sts>BOOK</Sts><BookgDt><Dt>2018-09-10</Dt></BookgDt><BkTxCd><Prtry><Cd>SIP UKBA CR 40269</Cd></Prtry></BkTxCd><TxDtls><Refs><EndToEndId>NOREF</EndToEndId><TxId>623510011101909001</TxId><Prtry><Tp>STO REF</Tp><Ref>0000</Ref></Prtry></Refs><RltdPties><Dbtr><Nm>THE GOLD TRA</Nm></Dbtr><DbtrAcct><Id><PrtryAcct><Id>40084611888625</Id></PrtryAcct></Id></DbtrAcct><Cdtr><Nm>WILL EVANS</Nm></Cdtr><CdtrAcct><Id><PrtryAcct><Id>23008200169623</Id></PrtryAcct></Id></CdtrAcct><Prtry><Tp>SOVEREIGN</Tp><Pty/></Prtry></RltdPties><RmtInf><Strd><AddtlRmtInf>NO REF</AddtlRmtInf></Strd><Strd><AddtlRmtInf>THE GOLD TRA//SOVEREIGN</AddtlRmtInf></Strd></RmtInf><RltdDts><TxDtTm>2018-09-09T10:11:10</TxDtTm></RltdDts><AddtlTxInf>6235100111019090011020180909826400846</AddtlTxInf></TxDtls><AddtlNtryInf>COMPLETE//0000//003//CREDIT</AddtlNtryInf></Ntry><Ntry><Amt Ccy="GBP">135.00</Amt><CdtDbtInd>CRDT</CdtDbtInd><Sts>BOOK</Sts><BookgDt><Dt>2018-09-10</Dt></BookgDt><BkTxCd><Prtry><Cd>SIP UKBA CR 40269</Cd></Prtry></BkTxCd><TxDtls><Refs><EndToEndId>NOREF</EndToEndId><TxId>400000000392028588</TxId></Refs><RltdPties><Dbtr><Nm>H Walford</Nm></Dbtr><DbtrAcct><Id><PrtryAcct><Id>30982111192760</Id></PrtryAcct></Id></DbtrAcct><Cdtr><Nm>KIRSTY THURLOW - H</Nm></Cdtr><CdtrAcct><Id><PrtryAcct><Id>23008200304897</Id></PrtryAcct></Id></CdtrAcct><Prtry><Tp>MOMS CARER</Tp><Pty/></Prtry></RltdPties><RmtInf><Strd><AddtlRmtInf>NO REF</AddtlRmtInf></Strd><Strd><AddtlRmtInf>H Walford//MOMS CARER</AddtlRmtInf></Strd></RmtInf><RltdDts><TxDtTm>2018-09-09T10:22:42</TxDtTm></RltdDts><AddtlTxInf>4000000003920285881020180909826309821</AddtlTxInf></TxDtls><AddtlNtryInf>COMPLETE//0000//003//CREDIT</AddtlNtryInf></Ntry></Ntfctn></BkToCstmrDbtCdtNtfctnV01></Document>