<?xml version="1.0" encoding="UTF-8"?><Document xmlns:xsi="http://www.w3.org/2001/XMLSchema-instance" xmlns="urn:iso:std:iso:20022:tech:xsd:camt.054.001.01"><BkToCstmrDbtCdtNtfctnV01><GrpHdr><MsgId>80309K//13464</MsgId><CreDtTm>2018-09-28T21:30:00</CreDtTm></GrpHdr><Ntfctn><Id>80309K//13464//1</Id><CreDtTm>2018-09-28T21:30:00</CreDtTm><Acct><Id><PrtryAcct><Id>20594233939774</Id></PrtryAcct></Id><Ccy>GBP</Ccy></Acct><TxsSummry><TtlNtries><NbOfNtries>4</NbOfNtries><Sum>141.80</Sum></TtlNtries><TtlCdtNtries><NbOfNtries>4</NbOfNtries><Sum>141.80</Sum></TtlCdtNtries><TtlDbtNtries><NbOfNtries>0</NbOfNtries><Sum>0.00</Sum></TtlDbtNtries></TxsSummry><Ntry><Amt Ccy="GBP">120.00</Amt><CdtDbtInd>CRDT</CdtDbtInd><Sts>BOOK</Sts><BookgDt><Dt>2018-10-01</Dt></BookgDt><BkTxCd><Prtry><Cd>SIP UKBA CR 40269</Cd></Prtry></BkTxCd><TxDtls><Refs><EndToEndId>ARRO</EndToEndId><TxId>17211237750593000N</TxId><Prtry><Tp>STO REF</Tp><Ref>0000</Ref></Prtry></Refs><RltdPties><Dbtr><Nm>HARDY AE</Nm></Dbtr><DbtrAcct><Id><PrtryAcct><Id>52213024078263</Id></PrtryAcct></Id></DbtrAcct><Cdtr><Nm>G HARDY</Nm></Cdtr><CdtrAcct><Id><PrtryAcct><Id>23008200306538</Id></PrtryAcct></Id></CdtrAcct><Prtry><Tp>ARRO</Tp><Pty/></Prtry></RltdPties><RmtInf><Strd><AddtlRmtInf>HARDY AE          ARRO              VIA MOBILE - LVP</AddtlRmtInf></Strd><Strd><AddtlRmtInf>HARDY AE//ARRO</AddtlRmtInf></Strd></RmtInf><RltdDts><TxDtTm>2018-09-28T21:12:38</TxDtTm></RltdDts><AddtlTxInf>17211237750593000N1020180928826522130</AddtlTxInf></TxDtls><AddtlNtryInf>COMPLETE//0000//003//CREDIT</AddtlNtryInf></Ntry><Ntry><Amt Ccy="GBP">10.00</Amt><CdtDbtInd>CRDT</CdtDbtInd><Sts>BOOK</Sts><BookgDt><Dt>2018-10-01</Dt></BookgDt><BkTxCd><Prtry><Cd>SIP UKBA CR 40269</Cd></Prtry></BkTxCd><TxDtls><Refs><EndToEndId>DONE</EndToEndId><TxId>32211656399405000J</TxId><Prtry><Tp>STO REF</Tp><Ref>0000</Ref></Prtry></Refs><RltdPties><Dbtr><Nm>O&apos;KANE NP</Nm></Dbtr><DbtrAcct><Id><PrtryAcct><Id>98045010474771</Id></PrtryAcct></Id></DbtrAcct><Cdtr><Nm>CHLOE</Nm></Cdtr><CdtrAcct><Id><PrtryAcct><Id>23008200459087</Id></PrtryAcct></Id></CdtrAcct><Prtry><Tp>DONE</Tp><Pty/></Prtry></RltdPties><RmtInf><Strd><AddtlRmtInf>O&apos;KANE NP         DONE              VIA MOBILE - LVP</AddtlRmtInf></Strd><Strd><AddtlRmtInf>O&apos;KANE NP//DONE</AddtlRmtInf></Strd></RmtInf><RltdDts><TxDtTm>2018-09-28T21:16:56</TxDtTm></RltdDts><AddtlTxInf>32211656399405000J1020180928826980450</AddtlTxInf></TxDtls><AddtlNtryInf>COMPLETE//0000//003//CREDIT</AddtlNtryInf></Ntry><Ntry><Amt Ccy="GBP">1.80</Amt><CdtDbtInd>CRDT</CdtDbtInd><Sts>BOOK</Sts><BookgDt><Dt>2018-10-01</Dt></BookgDt><BkTxCd><Prtry><Cd>DCA UKBA CR 40269</Cd></Prtry></BkTxCd><TxDtls><Refs><EndToEndId>NOREF</EndToEndId><TxId>000000013705952801</TxId><Prtry><Tp>STO REF</Tp><Ref>7750</Ref></Prtry></Refs><RltdPties><Dbtr><Nm>PAWEL PIWNICKI</Nm></Dbtr><DbtrAcct><Id><PrtryAcct><Id>20035373152596</Id></PrtryAcct></Id></DbtrAcct><Cdtr><Nm>DARIUS VALUKONIS</Nm></Cdtr><CdtrAcct><Id><PrtryAcct><Id>23008200473984</Id></PrtryAcct></Id></CdtrAcct><Prtry><Tp>FROM PAWEL PIWNICK</Tp><Pty/></Prtry></RltdPties><RmtInf><Strd><AddtlRmtInf>NO REF</AddtlRmtInf></Strd><Strd><AddtlRmtInf>PAWEL PIWNICKI//FROM PAWEL PIWNICK</AddtlRmtInf></Strd></RmtInf><RltdDts><TxDtTm>2018-09-28T21:17:47</TxDtTm></RltdDts><AddtlTxInf>0000000137059528015020180928826200353</AddtlTxInf></TxDtls><AddtlNtryInf>COMPLETE//0000//003//CREDIT</AddtlNtryInf></Ntry><Ntry><Amt Ccy="GBP">10.00</Amt><CdtDbtInd>CRDT</CdtDbtInd><Sts>BOOK</Sts><BookgDt><Dt>2018-10-01</Dt></BookgDt><BkTxCd><Prtry><Cd>SIP UKBA CR 40269</Cd></Prtry></BkTxCd><TxDtls><Refs><EndToEndId>NOREF</EndToEndId><TxId>000000000128778094</TxId></Refs><RltdPties><Dbtr><Nm>MISS A S OSHODI</Nm></Dbtr><DbtrAcct><Id><PrtryAcct><Id>08924910015234</Id></PrtryAcct></Id></DbtrAcct><Cdtr><Nm>OTFT23008200329809</Nm></Cdtr><CdtrAcct><Id><PrtryAcct><Id>23008200329809</Id></PrtryAcct></Id></CdtrAcct></RltdPties><RmtInf><Strd><AddtlRmtInf>NO REF</AddtlRmtInf></Strd><Strd><AddtlRmtInf>MISS A S OSHODI//</AddtlRmtInf></Strd></RmtInf><RltdDts><TxDtTm>2018-09-28T21:29:31</TxDtTm></RltdDts><AddtlTxInf>0000000001287780941020180928826089249</AddtlTxInf></TxDtls><AddtlNtryInf>COMPLETE//0000//003//CREDIT</AddtlNtryInf></Ntry></Ntfctn></BkToCstmrDbtCdtNtfctnV01></Document>