<?xml version="1.0" encoding="UTF-8"?><Document xmlns:xsi="http://www.w3.org/2001/XMLSchema-instance" xmlns="urn:iso:std:iso:20022:tech:xsd:camt.054.001.01"><BkToCstmrDbtCdtNtfctnV01><GrpHdr><MsgId>80309K//13352</MsgId><CreDtTm>2018-09-26T11:30:00</CreDtTm></GrpHdr><Ntfctn><Id>80309K//13352//1</Id><CreDtTm>2018-09-26T11:30:00</CreDtTm><Acct><Id><PrtryAcct><Id>20594233939774</Id></PrtryAcct></Id><Ccy>GBP</Ccy></Acct><TxsSummry><TtlNtries><NbOfNtries>20</NbOfNtries><Sum>10608.47</Sum></TtlNtries><TtlCdtNtries><NbOfNtries>16</NbOfNtries><Sum>2020.34</Sum></TtlCdtNtries><TtlDbtNtries><NbOfNtries>4</NbOfNtries><Sum>8588.13</Sum></TtlDbtNtries></TxsSummry><Ntry><Amt Ccy="GBP">297.33</Amt><CdtDbtInd>CRDT</CdtDbtInd><Sts>BOOK</Sts><BookgDt><Dt>2018-09-26</Dt></BookgDt><BkTxCd><Prtry><Cd>FDP UKBA CR 40269</Cd></Prtry></BkTxCd><TxDtls><Refs><EndToEndId>NOREF</EndToEndId><TxId>153251921201629001</TxId><Prtry><Tp>STO REF</Tp><Ref>0000</Ref></Prtry></Refs><RltdPties><Dbtr><Nm>SWEET PATCH</Nm></Dbtr><DbtrAcct><Id><PrtryAcct><Id>40100642370670</Id></PrtryAcct></Id></DbtrAcct><Cdtr><Nm>RYSZARD HERMANOWSK</Nm></Cdtr><CdtrAcct><Id><PrtryAcct><Id>23008200315909</Id></PrtryAcct></Id></CdtrAcct><Prtry><Tp>WAGES</Tp><Pty/></Prtry></RltdPties><RmtInf><Strd><AddtlRmtInf>NO REF</AddtlRmtInf></Strd><Strd><AddtlRmtInf>SWEET PATCH//WAGES</AddtlRmtInf></Strd></RmtInf><RltdDts><TxDtTm>2018-09-26T11:00:09</TxDtTm></RltdDts><AddtlTxInf>1532519212016290014020180926826401006</AddtlTxInf></TxDtls><AddtlNtryInf>COMPLETE//0000//001//CREDIT</AddtlNtryInf></Ntry><Ntry><Amt Ccy="GBP">5.00</Amt><CdtDbtInd>CRDT</CdtDbtInd><Sts>BOOK</Sts><BookgDt><Dt>2018-09-26</Dt></BookgDt><BkTxCd><Prtry><Cd>SIP UKBA CR 40269</Cd></Prtry></BkTxCd><TxDtls><Refs><EndToEndId>NOREF</EndToEndId><TxId>FP18269O08798433</TxId></Refs><RltdPties><Dbtr><Nm>Ikewesi Innocent</Nm></Dbtr><DbtrAcct><Id><PrtryAcct><Id>07043620691459</Id></PrtryAcct></Id></DbtrAcct><Cdtr><Nm>I IKEWESI</Nm></Cdtr><CdtrAcct><Id><PrtryAcct><Id>23008200446311</Id></PrtryAcct></Id></CdtrAcct><Prtry><Tp>UBA</Tp><Pty/></Prtry></RltdPties><RmtInf><Strd><AddtlRmtInf>NO REF</AddtlRmtInf></Strd><Strd><AddtlRmtInf>Ikewesi Innocent//UBA</AddtlRmtInf></Strd></RmtInf><RltdDts><TxDtTm>2018-09-26T11:00:44</TxDtTm></RltdDts><AddtlTxInf>FP18269O08798433  1020180926826070436</AddtlTxInf></TxDtls><AddtlNtryInf>COMPLETE//0000//001//CREDIT</AddtlNtryInf></Ntry><Ntry><Amt Ccy="GBP">5503.53</Amt><CdtDbtInd>DBIT</CdtDbtInd><Sts>BOOK</Sts><BookgDt><Dt>2018-09-26</Dt></BookgDt><BkTxCd><Prtry><Cd>AUT UKBA DR 30278</Cd></Prtry></BkTxCd><TxDtls><Refs><TxId>000000000337977700</TxId></Refs><RltdPties><DbtrAcct><Id><PrtryAcct><Id>20594233939774</Id></PrtryAcct></Id></DbtrAcct></RltdPties><RmtInf><Strd><AddtlRmtInf>NO REF</AddtlRmtInf></Strd><Strd><AddtlRmtInf>20180926A44639//7S      F123FES843</AddtlRmtInf></Strd></RmtInf><RltdDts><TxDtTm>2018-09-26T11:01:31</TxDtTm></RltdDts><AddtlTxInf>0000000003379777000020180926826205942</AddtlTxInf></TxDtls><AddtlNtryInf>AUTHSENT//0000//001//DEBIT</AddtlNtryInf></Ntry><Ntry><Amt Ccy="GBP">62.00</Amt><CdtDbtInd>DBIT</CdtDbtInd><Sts>BOOK</Sts><BookgDt><Dt>2018-09-26</Dt></BookgDt><BkTxCd><Prtry><Cd>AUT UKBA DR 30278</Cd></Prtry></BkTxCd><TxDtls><Refs><TxId>000000000337977800</TxId></Refs><RltdPties><DbtrAcct><Id><PrtryAcct><Id>20594233939774</Id></PrtryAcct></Id></DbtrAcct></RltdPties><RmtInf><Strd><AddtlRmtInf>NO REF</AddtlRmtInf></Strd><Strd><AddtlRmtInf>20180926A44639//7S      F123FCT841</AddtlRmtInf></Strd></RmtInf><RltdDts><TxDtTm>2018-09-26T11:01:42</TxDtTm></RltdDts><AddtlTxInf>0000000003379778000020180926826205942</AddtlTxInf></TxDtls><AddtlNtryInf>AUTHSENT//0000//001//DEBIT</AddtlNtryInf></Ntry><Ntry><Amt Ccy="GBP">2992.60</Amt><CdtDbtInd>DBIT</CdtDbtInd><Sts>BOOK</Sts><BookgDt><Dt>2018-09-26</Dt></BookgDt><BkTxCd><Prtry><Cd>AUT UKBA DR 30278</Cd></Prtry></BkTxCd><TxDtls><Refs><TxId>000000000337978000</TxId></Refs><RltdPties><DbtrAcct><Id><PrtryAcct><Id>20594233939774</Id></PrtryAcct></Id></DbtrAcct></RltdPties><RmtInf><Strd><AddtlRmtInf>NO REF</AddtlRmtInf></Strd><Strd><AddtlRmtInf>20180926A44639//7S      F121JE3839</AddtlRmtInf></Strd></RmtInf><RltdDts><TxDtTm>2018-09-26T11:01:55</TxDtTm></RltdDts><AddtlTxInf>0000000003379780000020180926826205942</AddtlTxInf></TxDtls><AddtlNtryInf>AUTHSENT//0000//001//DEBIT</AddtlNtryInf></Ntry><Ntry><Amt Ccy="GBP">30.00</Amt><CdtDbtInd>DBIT</CdtDbtInd><Sts>BOOK</Sts><BookgDt><Dt>2018-09-26</Dt></BookgDt><BkTxCd><Prtry><Cd>AUT UKBA DR 30278</Cd></Prtry></BkTxCd><TxDtls><Refs><TxId>000000000337978100</TxId></Refs><RltdPties><DbtrAcct><Id><PrtryAcct><Id>20594233939774</Id></PrtryAcct></Id></DbtrAcct></RltdPties><RmtInf><Strd><AddtlRmtInf>NO REF</AddtlRmtInf></Strd><Strd><AddtlRmtInf>20180926A44639//7S      F121J6A837</AddtlRmtInf></Strd></RmtInf><RltdDts><TxDtTm>2018-09-26T11:02:10</TxDtTm></RltdDts><AddtlTxInf>0000000003379781000020180926826205942</AddtlTxInf></TxDtls><AddtlNtryInf>AUTHSENT//0000//001//DEBIT</AddtlNtryInf></Ntry><Ntry><Amt Ccy="GBP">5.00</Amt><CdtDbtInd>CRDT</CdtDbtInd><Sts>BOOK</Sts><BookgDt><Dt>2018-09-26</Dt></BookgDt><BkTxCd><Prtry><Cd>SIP UKBA CR 40269</Cd></Prtry></BkTxCd><TxDtls><Refs><EndToEndId>AZEEZ OLUWATOYIN</EndToEndId><TxId>TW0000000040857948</TxId></Refs><RltdPties><Dbtr><Nm>Oluwatoyin Azeez TW</Nm></Dbtr><DbtrAcct><Id><PrtryAcct><Id>23147073089616</Id></PrtryAcct></Id></DbtrAcct><Cdtr><Nm>Steven Broadway</Nm></Cdtr><CdtrAcct><Id><PrtryAcct><Id>23008200314037</Id></PrtryAcct></Id></CdtrAcct><Prtry><Tp>AZEEZ OLUWATOYIN</Tp><Pty/></Prtry></RltdPties><RmtInf><Strd><AddtlRmtInf>NO REF</AddtlRmtInf></Strd><Strd><AddtlRmtInf>Oluwatoyin Azeez T//AZEEZ OLUWATOYIN</AddtlRmtInf></Strd></RmtInf><RltdDts><TxDtTm>2018-09-26T11:04:19</TxDtTm></RltdDts><AddtlTxInf>TW00000000408579481020180926826231470</AddtlTxInf></TxDtls><AddtlNtryInf>COMPLETE//0000//001//CREDIT</AddtlNtryInf></Ntry><Ntry><Amt Ccy="GBP">10.00</Amt><CdtDbtInd>CRDT</CdtDbtInd><Sts>BOOK</Sts><BookgDt><Dt>2018-09-26</Dt></BookgDt><BkTxCd><Prtry><Cd>SIP UKBA CR 40269</Cd></Prtry></BkTxCd><TxDtls><Refs><EndToEndId>NOREF</EndToEndId><TxId>000000000128532503</TxId></Refs><RltdPties><Dbtr><Nm>MRS J A HESLINGTON</Nm></Dbtr><DbtrAcct><Id><PrtryAcct><Id>08924910240067</Id></PrtryAcct></Id></DbtrAcct><Cdtr><Nm>MATTHEW BURTON</Nm></Cdtr><CdtrAcct><Id><PrtryAcct><Id>23008200320610</Id></PrtryAcct></Id></CdtrAcct><Prtry><Tp>JEN</Tp><Pty/></Prtry></RltdPties><RmtInf><Strd><AddtlRmtInf>NO REF</AddtlRmtInf></Strd><Strd><AddtlRmtInf>MRS J A HESLINGTON//JEN</AddtlRmtInf></Strd></RmtInf><RltdDts><TxDtTm>2018-09-26T11:14:24</TxDtTm></RltdDts><AddtlTxInf>0000000001285325031020180926826089249</AddtlTxInf></TxDtls><AddtlNtryInf>COMPLETE//0000//001//CREDIT</AddtlNtryInf></Ntry><Ntry><Amt Ccy="GBP">1000.00</Amt><CdtDbtInd>CRDT</CdtDbtInd><Sts>BOOK</Sts><BookgDt><Dt>2018-09-26</Dt></BookgDt><BkTxCd><Prtry><Cd>SIP UKBA CR 40269</Cd></Prtry></BkTxCd><TxDtls><Refs><EndToEndId>NOREF</EndToEndId><TxId>400000000396793800</TxId></Refs><RltdPties><Dbtr><Nm>M Alavi</Nm></Dbtr><DbtrAcct><Id><PrtryAcct><Id>30258001010638</Id></PrtryAcct></Id></DbtrAcct><Cdtr><Nm>DIGITAL MONSTERLTD</Nm></Cdtr><CdtrAcct><Id><PrtryAcct><Id>23008200041167</Id></PrtryAcct></Id></CdtrAcct><Prtry><Tp>ALAV4</Tp><Pty/></Prtry></RltdPties><RmtInf><Strd><AddtlRmtInf>NO REF</AddtlRmtInf></Strd><Strd><AddtlRmtInf>M Alavi//ALAV4</AddtlRmtInf></Strd></RmtInf><RltdDts><TxDtTm>2018-09-26T11:14:42</TxDtTm></RltdDts><AddtlTxInf>4000000003967938001020180926826302580</AddtlTxInf></TxDtls><AddtlNtryInf>COMPLETE//0000//001//CREDIT</AddtlNtryInf></Ntry><Ntry><Amt Ccy="GBP">60.15</Amt><CdtDbtInd>CRDT</CdtDbtInd><Sts>BOOK</Sts><BookgDt><Dt>2018-09-26</Dt></BookgDt><BkTxCd><Prtry><Cd>SIP UKBA CR 40269</Cd></Prtry></BkTxCd><TxDtls><Refs><EndToEndId>NOREF</EndToEndId><TxId>28111638410599000N</TxId><Prtry><Tp>STO REF</Tp><Ref>0000</Ref></Prtry></Refs><RltdPties><Dbtr><Nm>HAWKINS.HUSK LTD</Nm><PstlAdr><AdrLine>APS COTTONS CENTRE SE1 2QG</AdrLine><Ctry/></PstlAdr></Dbtr><DbtrAcct><Id><PrtryAcct><Id>08719941554757</Id></PrtryAcct></Id></DbtrAcct><Cdtr><Nm>GLEN CHALKLEY</Nm></Cdtr><CdtrAcct><Id><PrtryAcct><Id>23008200029861</Id></PrtryAcct></Id></CdtrAcct><Prtry><Tp>HAWKINSHUSK LTD</Tp><Pty/></Prtry></RltdPties><RmtInf><Strd><AddtlRmtInf>HAWKINSHUSK LTD</AddtlRmtInf></Strd><Strd><AddtlRmtInf>HAWKINS.HUSK LTD//HAWKINSHUSK LTD</AddtlRmtInf></Strd></RmtInf><RltdDts><TxDtTm>2018-09-26T11:16:38</TxDtTm></RltdDts><AddtlTxInf>28111638410599000N1020180926826087199</AddtlTxInf></TxDtls><AddtlNtryInf>COMPLETE//0000//001//CREDIT</AddtlNtryInf></Ntry><Ntry><Amt Ccy="GBP">295.00</Amt><CdtDbtInd>CRDT</CdtDbtInd><Sts>BOOK</Sts><BookgDt><Dt>2018-09-26</Dt></BookgDt><BkTxCd><Prtry><Cd>DCA UKBA CR 40269</Cd></Prtry></BkTxCd><TxDtls><Refs><EndToEndId>NOREF</EndToEndId><TxId>000000013670529801</TxId><Prtry><Tp>STO REF</Tp><Ref>0000</Ref></Prtry></Refs><RltdPties><Dbtr><Nm>23630701598847</Nm></Dbtr><DbtrAcct><Id><PrtryAcct><Id>20594243523659</Id></PrtryAcct></Id></DbtrAcct><Cdtr><Nm>B.LOCK</Nm></Cdtr><CdtrAcct><Id><PrtryAcct><Id>23008200382131</Id></PrtryAcct></Id></CdtrAcct><Prtry><Tp>TOOLS PAYMENT</Tp><Pty/></Prtry></RltdPties><RmtInf><Strd><AddtlRmtInf>NO REF</AddtlRmtInf></Strd><Strd><AddtlRmtInf>23630701598847//TOOLS PAYMENT</AddtlRmtInf></Strd></RmtInf><RltdDts><TxDtTm>2018-09-26T11:17:00</TxDtTm></RltdDts><AddtlTxInf>0000000136705298015020180926826205942</AddtlTxInf></TxDtls><AddtlNtryInf>COMPLETE//0000//001//CREDIT</AddtlNtryInf></Ntry><Ntry><Amt Ccy="GBP">5.00</Amt><CdtDbtInd>CRDT</CdtDbtInd><Sts>BOOK</Sts><BookgDt><Dt>2018-09-26</Dt></BookgDt><BkTxCd><Prtry><Cd>DCA UKBA CR 40269</Cd></Prtry></BkTxCd><TxDtls><Refs><EndToEndId>NOREF</EndToEndId><TxId>000000013670615901</TxId><Prtry><Tp>STO REF</Tp><Ref>4133</Ref></Prtry></Refs><RltdPties><Dbtr><Nm>CHUKWUDI MORDI</Nm></Dbtr><DbtrAcct><Id><PrtryAcct><Id>20035373152596</Id></PrtryAcct></Id></DbtrAcct><Cdtr><Nm>STEPHEN BURNETT</Nm></Cdtr><CdtrAcct><Id><PrtryAcct><Id>23008200445841</Id></PrtryAcct></Id></CdtrAcct><Prtry><Tp>FROM CHUKWUDI MORD</Tp><Pty/></Prtry></RltdPties><RmtInf><Strd><AddtlRmtInf>NO REF</AddtlRmtInf></Strd><Strd><AddtlRmtInf>CHUKWUDI MORDI//FROM CHUKWUDI MORD</AddtlRmtInf></Strd></RmtInf><RltdDts><TxDtTm>2018-09-26T11:22:14</TxDtTm></RltdDts><AddtlTxInf>0000000136706159015020180926826200353</AddtlTxInf></TxDtls><AddtlNtryInf>COMPLETE//0000//001//CREDIT</AddtlNtryInf></Ntry><Ntry><Amt Ccy="GBP">30.00</Amt><CdtDbtInd>CRDT</CdtDbtInd><Sts>BOOK</Sts><BookgDt><Dt>2018-09-26</Dt></BookgDt><BkTxCd><Prtry><Cd>SIP UKBA CR 40269</Cd></Prtry></BkTxCd><TxDtls><Refs><EndToEndId>NOREF</EndToEndId><TxId>39112359236106000N</TxId><Prtry><Tp>STO REF</Tp><Ref>0000</Ref></Prtry></Refs><RltdPties><Dbtr><Nm>WHG (INTERNATIONAL</Nm></Dbtr><DbtrAcct><Id><PrtryAcct><Id>60954439080519</Id></PrtryAcct></Id></DbtrAcct><Cdtr><Nm>MICHAEL LOGUE</Nm></Cdtr><CdtrAcct><Id><PrtryAcct><Id>23008200406030</Id></PrtryAcct></Id></CdtrAcct><Prtry><Tp>553862010</Tp><Pty/></Prtry></RltdPties><RmtInf><Strd><AddtlRmtInf>WHG (INTERNATIONAL553862010</AddtlRmtInf></Strd><Strd><AddtlRmtInf>WHG (INTERNATIONAL//553862010</AddtlRmtInf></Strd></RmtInf><RltdDts><TxDtTm>2018-09-26T11:23:59</TxDtTm></RltdDts><AddtlTxInf>39112359236106000N1020180926826609544</AddtlTxInf></TxDtls><AddtlNtryInf>COMPLETE//0000//001//CREDIT</AddtlNtryInf></Ntry><Ntry><Amt Ccy="GBP">40.75</Amt><CdtDbtInd>CRDT</CdtDbtInd><Sts>BOOK</Sts><BookgDt><Dt>2018-09-26</Dt></BookgDt><BkTxCd><Prtry><Cd>SIP UKBA CR 40269</Cd></Prtry></BkTxCd><TxDtls><Refs><EndToEndId>NOREF</EndToEndId><TxId>38112359165874000N</TxId><Prtry><Tp>STO REF</Tp><Ref>0000</Ref></Prtry></Refs><RltdPties><Dbtr><Nm>WHG (INTERNATIONAL</Nm></Dbtr><DbtrAcct><Id><PrtryAcct><Id>60954439080519</Id></PrtryAcct></Id></DbtrAcct><Cdtr><Nm>E JORDISON</Nm></Cdtr><CdtrAcct><Id><PrtryAcct><Id>23008200433005</Id></PrtryAcct></Id></CdtrAcct><Prtry><Tp>553852217</Tp><Pty/></Prtry></RltdPties><RmtInf><Strd><AddtlRmtInf>WHG (INTERNATIONAL553852217</AddtlRmtInf></Strd><Strd><AddtlRmtInf>WHG (INTERNATIONAL//553852217</AddtlRmtInf></Strd></RmtInf><RltdDts><TxDtTm>2018-09-26T11:23:59</TxDtTm></RltdDts><AddtlTxInf>38112359165874000N1020180926826609544</AddtlTxInf></TxDtls><AddtlNtryInf>COMPLETE//0000//001//CREDIT</AddtlNtryInf></Ntry><Ntry><Amt Ccy="GBP">70.00</Amt><CdtDbtInd>CRDT</CdtDbtInd><Sts>BOOK</Sts><BookgDt><Dt>2018-09-26</Dt></BookgDt><BkTxCd><Prtry><Cd>SIP UKBA CR 40269</Cd></Prtry></BkTxCd><TxDtls><Refs><EndToEndId>NOREF</EndToEndId><TxId>42112359440204000N</TxId><Prtry><Tp>STO REF</Tp><Ref>0000</Ref></Prtry></Refs><RltdPties><Dbtr><Nm>WHG (INTERNATIONAL</Nm></Dbtr><DbtrAcct><Id><PrtryAcct><Id>60954439080519</Id></PrtryAcct></Id></DbtrAcct><Cdtr><Nm>PAUL SWANNICK</Nm></Cdtr><CdtrAcct><Id><PrtryAcct><Id>23008200466090</Id></PrtryAcct></Id></CdtrAcct><Prtry><Tp>553914527</Tp><Pty/></Prtry></RltdPties><RmtInf><Strd><AddtlRmtInf>WHG (INTERNATIONAL553914527</AddtlRmtInf></Strd><Strd><AddtlRmtInf>WHG (INTERNATIONAL//553914527</AddtlRmtInf></Strd></RmtInf><RltdDts><TxDtTm>2018-09-26T11:23:59</TxDtTm></RltdDts><AddtlTxInf>42112359440204000N1020180926826609544</AddtlTxInf></TxDtls><AddtlNtryInf>COMPLETE//0000//001//CREDIT</AddtlNtryInf></Ntry><Ntry><Amt Ccy="GBP">58.50</Amt><CdtDbtInd>CRDT</CdtDbtInd><Sts>BOOK</Sts><BookgDt><Dt>2018-09-26</Dt></BookgDt><BkTxCd><Prtry><Cd>SIP UKBA CR 40269</Cd></Prtry></BkTxCd><TxDtls><Refs><EndToEndId>NOREF</EndToEndId><TxId>41112359366506000N</TxId><Prtry><Tp>STO REF</Tp><Ref>0000</Ref></Prtry></Refs><RltdPties><Dbtr><Nm>WHG (INTERNATIONAL</Nm></Dbtr><DbtrAcct><Id><PrtryAcct><Id>60954439080519</Id></PrtryAcct></Id></DbtrAcct><Cdtr><Nm>ANDREW TIFFANY</Nm></Cdtr><CdtrAcct><Id><PrtryAcct><Id>23008200462094</Id></PrtryAcct></Id></CdtrAcct><Prtry><Tp>553913305</Tp><Pty/></Prtry></RltdPties><RmtInf><Strd><AddtlRmtInf>WHG (INTERNATIONAL553913305</AddtlRmtInf></Strd><Strd><AddtlRmtInf>WHG (INTERNATIONAL//553913305</AddtlRmtInf></Strd></RmtInf><RltdDts><TxDtTm>2018-09-26T11:23:59</TxDtTm></RltdDts><AddtlTxInf>41112359366506000N1020180926826609544</AddtlTxInf></TxDtls><AddtlNtryInf>COMPLETE//0000//001//CREDIT</AddtlNtryInf></Ntry><Ntry><Amt Ccy="GBP">25.00</Amt><CdtDbtInd>CRDT</CdtDbtInd><Sts>BOOK</Sts><BookgDt><Dt>2018-09-26</Dt></BookgDt><BkTxCd><Prtry><Cd>SIP UKBA CR 40269</Cd></Prtry></BkTxCd><TxDtls><Refs><EndToEndId>NOREF</EndToEndId><TxId>43112359501253000N</TxId><Prtry><Tp>STO REF</Tp><Ref>0000</Ref></Prtry></Refs><RltdPties><Dbtr><Nm>WHG (INTERNATIONAL</Nm></Dbtr><DbtrAcct><Id><PrtryAcct><Id>60954439080519</Id></PrtryAcct></Id></DbtrAcct><Cdtr><Nm>ALEXIS POVEY</Nm></Cdtr><CdtrAcct><Id><PrtryAcct><Id>23008200462113</Id></PrtryAcct></Id></CdtrAcct><Prtry><Tp>553915563</Tp><Pty/></Prtry></RltdPties><RmtInf><Strd><AddtlRmtInf>WHG (INTERNATIONAL553915563</AddtlRmtInf></Strd><Strd><AddtlRmtInf>WHG (INTERNATIONAL//553915563</AddtlRmtInf></Strd></RmtInf><RltdDts><TxDtTm>2018-09-26T11:23:59</TxDtTm></RltdDts><AddtlTxInf>43112359501253000N1020180926826609544</AddtlTxInf></TxDtls><AddtlNtryInf>COMPLETE//0000//001//CREDIT</AddtlNtryInf></Ntry><Ntry><Amt Ccy="GBP">37.50</Amt><CdtDbtInd>CRDT</CdtDbtInd><Sts>BOOK</Sts><BookgDt><Dt>2018-09-26</Dt></BookgDt><BkTxCd><Prtry><Cd>SIP UKBA CR 40269</Cd></Prtry></BkTxCd><TxDtls><Refs><EndToEndId>NOREF</EndToEndId><TxId>44112359563235000N</TxId><Prtry><Tp>STO REF</Tp><Ref>0000</Ref></Prtry></Refs><RltdPties><Dbtr><Nm>WHG (INTERNATIONAL</Nm></Dbtr><DbtrAcct><Id><PrtryAcct><Id>60954439080519</Id></PrtryAcct></Id></DbtrAcct><Cdtr><Nm>P CROMPTON</Nm></Cdtr><CdtrAcct><Id><PrtryAcct><Id>23008200466336</Id></PrtryAcct></Id></CdtrAcct><Prtry><Tp>553935056</Tp><Pty/></Prtry></RltdPties><RmtInf><Strd><AddtlRmtInf>WHG (INTERNATIONAL553935056</AddtlRmtInf></Strd><Strd><AddtlRmtInf>WHG (INTERNATIONAL//553935056</AddtlRmtInf></Strd></RmtInf><RltdDts><TxDtTm>2018-09-26T11:23:59</TxDtTm></RltdDts><AddtlTxInf>44112359563235000N1020180926826609544</AddtlTxInf></TxDtls><AddtlNtryInf>COMPLETE//0000//001//CREDIT</AddtlNtryInf></Ntry><Ntry><Amt Ccy="GBP">58.61</Amt><CdtDbtInd>CRDT</CdtDbtInd><Sts>BOOK</Sts><BookgDt><Dt>2018-09-26</Dt></BookgDt><BkTxCd><Prtry><Cd>SIP UKBA CR 40269</Cd></Prtry></BkTxCd><TxDtls><Refs><EndToEndId>NOREF</EndToEndId><TxId>45112359640564000N</TxId><Prtry><Tp>STO REF</Tp><Ref>0000</Ref></Prtry></Refs><RltdPties><Dbtr><Nm>WHG (INTERNATIONAL</Nm></Dbtr><DbtrAcct><Id><PrtryAcct><Id>60954439080519</Id></PrtryAcct></Id></DbtrAcct><Cdtr><Nm>P CHARLTON</Nm></Cdtr><CdtrAcct><Id><PrtryAcct><Id>23008200466836</Id></PrtryAcct></Id></CdtrAcct><Prtry><Tp>553977302</Tp><Pty/></Prtry></RltdPties><RmtInf><Strd><AddtlRmtInf>WHG (INTERNATIONAL553977302</AddtlRmtInf></Strd><Strd><AddtlRmtInf>WHG (INTERNATIONAL//553977302</AddtlRmtInf></Strd></RmtInf><RltdDts><TxDtTm>2018-09-26T11:24:00</TxDtTm></RltdDts><AddtlTxInf>45112359640564000N1020180926826609544</AddtlTxInf></TxDtls><AddtlNtryInf>COMPLETE//0000//001//CREDIT</AddtlNtryInf></Ntry><Ntry><Amt Ccy="GBP">22.50</Amt><CdtDbtInd>CRDT</CdtDbtInd><Sts>BOOK</Sts><BookgDt><Dt>2018-09-26</Dt></BookgDt><BkTxCd><Prtry><Cd>SIP UKBA CR 40269</Cd></Prtry></BkTxCd><TxDtls><Refs><EndToEndId>NOREF</EndToEndId><TxId>48112359765123000N</TxId><Prtry><Tp>STO REF</Tp><Ref>0000</Ref></Prtry></Refs><RltdPties><Dbtr><Nm>WHG (INTERNATIONAL</Nm></Dbtr><DbtrAcct><Id><PrtryAcct><Id>60954439080519</Id></PrtryAcct></Id></DbtrAcct><Cdtr><Nm>E MILLETT</Nm></Cdtr><CdtrAcct><Id><PrtryAcct><Id>23008200460816</Id></PrtryAcct></Id></CdtrAcct><Prtry><Tp>554063648</Tp><Pty/></Prtry></RltdPties><RmtInf><Strd><AddtlRmtInf>WHG (INTERNATIONAL554063648</AddtlRmtInf></Strd><Strd><AddtlRmtInf>WHG (INTERNATIONAL//554063648</AddtlRmtInf></Strd></RmtInf><RltdDts><TxDtTm>2018-09-26T11:24:00</TxDtTm></RltdDts><AddtlTxInf>48112359765123000N1020180926826609544</AddtlTxInf></TxDtls><AddtlNtryInf>COMPLETE//0000//001//CREDIT</AddtlNtryInf></Ntry></Ntfctn></BkToCstmrDbtCdtNtfctnV01></Document>