<?xml version="1.0" encoding="UTF-8"?><Document xmlns:xsi="http://www.w3.org/2001/XMLSchema-instance" xmlns="urn:iso:std:iso:20022:tech:xsd:camt.054.001.01"><BkToCstmrDbtCdtNtfctnV01><GrpHdr><MsgId>80309K//13131</MsgId><CreDtTm>2018-09-21T05:30:00</CreDtTm></GrpHdr><Ntfctn><Id>80309K//13131//1</Id><CreDtTm>2018-09-21T05:30:00</CreDtTm><Acct><Id><PrtryAcct><Id>20594233939774</Id></PrtryAcct></Id><Ccy>GBP</Ccy></Acct><TxsSummry><TtlNtries><NbOfNtries>4</NbOfNtries><Sum>390.22</Sum></TtlNtries><TtlCdtNtries><NbOfNtries>4</NbOfNtries><Sum>390.22</Sum></TtlCdtNtries><TtlDbtNtries><NbOfNtries>0</NbOfNtries><Sum>0.00</Sum></TtlDbtNtries></TxsSummry><Ntry><Amt Ccy="GBP">47.40</Amt><CdtDbtInd>CRDT</CdtDbtInd><Sts>BOOK</Sts><BookgDt><Dt>2018-09-21</Dt></BookgDt><BkTxCd><Prtry><Cd>SIP UKBA CR 40269</Cd></Prtry></BkTxCd><TxDtls><Refs><EndToEndId>NOREF</EndToEndId><TxId>500000000390543258</TxId></Refs><RltdPties><Dbtr><Nm>A Kalisz</Nm></Dbtr><DbtrAcct><Id><PrtryAcct><Id>30923329939162</Id></PrtryAcct></Id></DbtrAcct><Cdtr><Nm>ADRIANNA D KALISZ</Nm></Cdtr><CdtrAcct><Id><PrtryAcct><Id>23008200358795</Id></PrtryAcct></Id></CdtrAcct><Prtry><Tp>ADRI</Tp><Pty/></Prtry></RltdPties><RmtInf><Strd><AddtlRmtInf>NO REF</AddtlRmtInf></Strd><Strd><AddtlRmtInf>A Kalisz//ADRI</AddtlRmtInf></Strd></RmtInf><RltdDts><TxDtTm>2018-09-21T05:15:29</TxDtTm></RltdDts><AddtlTxInf>5000000003905432581020180921826309233</AddtlTxInf></TxDtls><AddtlNtryInf>COMPLETE//0000//003//CREDIT</AddtlNtryInf></Ntry><Ntry><Amt Ccy="GBP">283.66</Amt><CdtDbtInd>CRDT</CdtDbtInd><Sts>BOOK</Sts><BookgDt><Dt>2018-09-21</Dt></BookgDt><BkTxCd><Prtry><Cd>FDP UKBA CR 40269</Cd></Prtry></BkTxCd><TxDtls><Refs><EndToEndId>9008264GHN92</EndToEndId><TxId>5803718551501318CN</TxId><Prtry><Tp>STO REF</Tp><Ref>0000</Ref></Prtry></Refs><RltdPties><Dbtr><Nm>JOE CARTER LTD</Nm><PstlAdr><AdrLine>HILL VIEW 6 MATT PIT LANE</AdrLine><Ctry/></PstlAdr></Dbtr><DbtrAcct><Id><PrtryAcct><Id>30023100010037</Id></PrtryAcct></Id></DbtrAcct><Cdtr><Nm>LUIS MIGUEL OLIVEIRA PEREIRA</Nm><PstlAdr><AdrLine>FLAT 1 31 RED LION STREET BOS TON;</AdrLine><AdrLine>GB</AdrLine><Ctry/></PstlAdr></Cdtr><CdtrAcct><Id><PrtryAcct><Id>23008200086038</Id></PrtryAcct></Id></CdtrAcct><Prtry><Tp>532 JOE CARTER LTD</Tp><Pty/></Prtry></RltdPties><RmtInf><Strd><AddtlRmtInf>532 JOE CARTER LTD                 532 JOE CARTER LTD</AddtlRmtInf></Strd><Strd><AddtlRmtInf>JOE CARTER LTD//532 JOE CARTER LTD</AddtlRmtInf></Strd></RmtInf><RltdDts><TxDtTm>2018-09-21T05:15:59</TxDtTm></RltdDts><AddtlTxInf>5803718551501318CN4020180921826400250</AddtlTxInf></TxDtls><AddtlNtryInf>COMPLETE//0000//003//CREDIT</AddtlNtryInf></Ntry><Ntry><Amt Ccy="GBP">40.00</Amt><CdtDbtInd>CRDT</CdtDbtInd><Sts>BOOK</Sts><BookgDt><Dt>2018-09-21</Dt></BookgDt><BkTxCd><Prtry><Cd>SIP UKBA CR 40269</Cd></Prtry></BkTxCd><TxDtls><Refs><EndToEndId>NOREF</EndToEndId><TxId>180921051636911135</TxId></Refs><RltdPties><Dbtr><Nm>Phoenix Chauffeur Service Limited</Nm></Dbtr><DbtrAcct><Id><PrtryAcct><Id>77620535235760</Id></PrtryAcct></Id></DbtrAcct><Cdtr><Nm>Phoenix Chauffeur</Nm></Cdtr><CdtrAcct><Id><PrtryAcct><Id>23008200037860</Id></PrtryAcct></Id></CdtrAcct><Prtry><Tp>DRIVER1</Tp><Pty/></Prtry></RltdPties><RmtInf><Strd><AddtlRmtInf>NO REF</AddtlRmtInf></Strd><Strd><AddtlRmtInf>Phoenix Chauffeur //DRIVER1</AddtlRmtInf></Strd></RmtInf><RltdDts><TxDtTm>2018-09-21T05:16:34</TxDtTm></RltdDts><AddtlTxInf>1809210516369111351020180921826776205</AddtlTxInf></TxDtls><AddtlNtryInf>COMPLETE//0000//003//CREDIT</AddtlNtryInf></Ntry><Ntry><Amt Ccy="GBP">19.16</Amt><CdtDbtInd>CRDT</CdtDbtInd><Sts>BOOK</Sts><BookgDt><Dt>2018-09-21</Dt></BookgDt><BkTxCd><Prtry><Cd>SIP UKBA CR 40269</Cd></Prtry></BkTxCd><TxDtls><Refs><EndToEndId>PPWD00000000AOYLNA</EndToEndId><TxId>PPWD00000000AOYLNA</TxId></Refs><RltdPties><Dbtr><Nm>PayPal</Nm><PstlAdr><AdrLine>2211 N 1st Street San Jose CA 95131</AdrLine><Ctry/></PstlAdr></Dbtr><DbtrAcct><Id><PrtryAcct><Id>23526278959595</Id></PrtryAcct></Id></DbtrAcct><Cdtr><Nm>Ola Akingbogun</Nm><PstlAdr><AdrLine>York Road</AdrLine><Ctry/></PstlAdr></Cdtr><CdtrAcct><Id><PrtryAcct><Id>23008200294917</Id></PrtryAcct></Id></CdtrAcct><Prtry><Tp>PPWDL488J2AL9924AQ</Tp><Pty/></Prtry></RltdPties><RmtInf><Strd><RfrdDocInf><RfrdDocTp><Prtry>002</Prtry></RfrdDocTp></RfrdDocInf><AddtlRmtInf>NO REF</AddtlRmtInf></Strd><Strd><AddtlRmtInf>PayPal//PPWDL488J2AL9924AQ</AddtlRmtInf></Strd></RmtInf><RltdDts><TxDtTm>2018-09-21T05:27:49</TxDtTm></RltdDts><AddtlTxInf>PPWD00000000AOYLNA1020180921826235262</AddtlTxInf></TxDtls><AddtlNtryInf>COMPLETE//0000//003//CREDIT</AddtlNtryInf></Ntry></Ntfctn></BkToCstmrDbtCdtNtfctnV01></Document>