<?xml version="1.0" encoding="UTF-8"?><Document xmlns:xsi="http://www.w3.org/2001/XMLSchema-instance" xmlns="urn:iso:std:iso:20022:tech:xsd:camt.054.001.01"><BkToCstmrDbtCdtNtfctnV01><GrpHdr><MsgId>80309K//12274</MsgId><CreDtTm>2018-09-01T12:00:00</CreDtTm></GrpHdr><Ntfctn><Id>80309K//12274//1</Id><CreDtTm>2018-09-01T12:00:00</CreDtTm><Acct><Id><PrtryAcct><Id>20594233939774</Id></PrtryAcct></Id><Ccy>GBP</Ccy></Acct><TxsSummry><TtlNtries><NbOfNtries>6</NbOfNtries><Sum>835.06</Sum></TtlNtries><TtlCdtNtries><NbOfNtries>6</NbOfNtries><Sum>835.06</Sum></TtlCdtNtries><TtlDbtNtries><NbOfNtries>0</NbOfNtries><Sum>0.00</Sum></TtlDbtNtries></TxsSummry><Ntry><Amt Ccy="GBP">100.00</Amt><CdtDbtInd>CRDT</CdtDbtInd><Sts>BOOK</Sts><BookgDt><Dt>2018-09-03</Dt></BookgDt><BkTxCd><Prtry><Cd>SIP UKBA CR 40269</Cd></Prtry></BkTxCd><TxDtls><Refs><EndToEndId>FLANAGAN PAVING</EndToEndId><TxId>08113002954344000N</TxId><Prtry><Tp>STO REF</Tp><Ref>0000</Ref></Prtry></Refs><RltdPties><Dbtr><Nm>RHODEN &amp; FLANAGHAN</Nm></Dbtr><DbtrAcct><Id><PrtryAcct><Id>60240285384852</Id></PrtryAcct></Id></DbtrAcct><Cdtr><Nm>GARETH PIKE</Nm></Cdtr><CdtrAcct><Id><PrtryAcct><Id>23008200048311</Id></PrtryAcct></Id></CdtrAcct><Prtry><Tp>FLANAGAN PAVING</Tp><Pty/></Prtry></RltdPties><RmtInf><Strd><AddtlRmtInf>RHODEN &amp; FLANAGHANFLANAGAN PAVING   VIA MOBILE - LVP</AddtlRmtInf></Strd><Strd><AddtlRmtInf>RHODEN &amp; FLANAGHAN//FLANAGAN PAVING</AddtlRmtInf></Strd></RmtInf><RltdDts><TxDtTm>2018-09-01T11:30:03</TxDtTm></RltdDts><AddtlTxInf>08113002954344000N1020180901826602402</AddtlTxInf></TxDtls><AddtlNtryInf>COMPLETE//0000//003//CREDIT</AddtlNtryInf></Ntry><Ntry><Amt Ccy="GBP">300.00</Amt><CdtDbtInd>CRDT</CdtDbtInd><Sts>BOOK</Sts><BookgDt><Dt>2018-09-03</Dt></BookgDt><BkTxCd><Prtry><Cd>SIP UKBA CR 40269</Cd></Prtry></BkTxCd><TxDtls><Refs><EndToEndId>00151704632BBHLSJJ</EndToEndId><TxId>00151704632BBHLSJJ</TxId></Refs><RltdPties><Dbtr><Nm>PAULINE ADDERLEY</Nm></Dbtr><DbtrAcct><Id><PrtryAcct><Id>09012785173512</Id></PrtryAcct></Id></DbtrAcct><Cdtr><Nm>andrew</Nm></Cdtr><CdtrAcct><Id><PrtryAcct><Id>23008200345503</Id></PrtryAcct></Id></CdtrAcct><Prtry><Tp>Adderley</Tp><Pty/></Prtry></RltdPties><RmtInf><Strd><AddtlRmtInf>NO REF</AddtlRmtInf></Strd><Strd><AddtlRmtInf>PAULINE ADDERLEY//Adderley</AddtlRmtInf></Strd></RmtInf><RltdDts><TxDtTm>2018-09-01T11:33:17</TxDtTm></RltdDts><AddtlTxInf>00151704632BBHLSJJ1020180901826090127</AddtlTxInf></TxDtls><AddtlNtryInf>COMPLETE//0000//003//CREDIT</AddtlNtryInf></Ntry><Ntry><Amt Ccy="GBP">280.00</Amt><CdtDbtInd>CRDT</CdtDbtInd><Sts>BOOK</Sts><BookgDt><Dt>2018-09-03</Dt></BookgDt><BkTxCd><Prtry><Cd>SIP UKBA CR 40269</Cd></Prtry></BkTxCd><TxDtls><Refs><EndToEndId>NOREF</EndToEndId><TxId>300000000388285998</TxId></Refs><RltdPties><Dbtr><Nm>H Foxall</Nm></Dbtr><DbtrAcct><Id><PrtryAcct><Id>77404255662163</Id></PrtryAcct></Id></DbtrAcct><Cdtr><Nm>S J H</Nm></Cdtr><CdtrAcct><Id><PrtryAcct><Id>23008200043726</Id></PrtryAcct></Id></CdtrAcct><Prtry><Tp>JACK PRICE FENCE D</Tp><Pty/></Prtry></RltdPties><RmtInf><Strd><AddtlRmtInf>NO REF</AddtlRmtInf></Strd><Strd><AddtlRmtInf>H Foxall//JACK PRICE FENCE D</AddtlRmtInf></Strd></RmtInf><RltdDts><TxDtTm>2018-09-01T11:36:12</TxDtTm></RltdDts><AddtlTxInf>3000000003882859981020180901826774042</AddtlTxInf></TxDtls><AddtlNtryInf>COMPLETE//0000//003//CREDIT</AddtlNtryInf></Ntry><Ntry><Amt Ccy="GBP">14.40</Amt><CdtDbtInd>CRDT</CdtDbtInd><Sts>BOOK</Sts><BookgDt><Dt>2018-09-03</Dt></BookgDt><BkTxCd><Prtry><Cd>SIP UKBA CR 40269</Cd></Prtry></BkTxCd><TxDtls><Refs><EndToEndId>NOREF</EndToEndId><TxId>RP4679960324661400</TxId></Refs><RltdPties><Dbtr><Nm>THORNTON L B</Nm></Dbtr><DbtrAcct><Id><PrtryAcct><Id>20457863836886</Id></PrtryAcct></Id></DbtrAcct><Cdtr><Nm>MR RYAN JEFFERY</Nm></Cdtr><CdtrAcct><Id><PrtryAcct><Id>23008200351861</Id></PrtryAcct></Id></CdtrAcct><Prtry><Tp>LAUREN</Tp><Pty/></Prtry></RltdPties><RmtInf><Strd><AddtlRmtInf>NO REF</AddtlRmtInf></Strd><Strd><AddtlRmtInf>THORNTON L B//LAUREN</AddtlRmtInf></Strd></RmtInf><RltdDts><TxDtTm>2018-09-01T11:38:37</TxDtTm></RltdDts><AddtlTxInf>RP46799603246614001020180901826200026</AddtlTxInf></TxDtls><AddtlNtryInf>COMPLETE//0000//003//CREDIT</AddtlNtryInf></Ntry><Ntry><Amt Ccy="GBP">33.00</Amt><CdtDbtInd>CRDT</CdtDbtInd><Sts>BOOK</Sts><BookgDt><Dt>2018-09-03</Dt></BookgDt><BkTxCd><Prtry><Cd>SIP UKBA CR 40269</Cd></Prtry></BkTxCd><TxDtls><Refs><EndToEndId>NOREF</EndToEndId><TxId>600000000384365434</TxId></Refs><RltdPties><Dbtr><Nm>O O&apos;Brien</Nm></Dbtr><DbtrAcct><Id><PrtryAcct><Id>11086610606669</Id></PrtryAcct></Id></DbtrAcct><Cdtr><Nm>JOSH LEONARD</Nm></Cdtr><CdtrAcct><Id><PrtryAcct><Id>23008200298291</Id></PrtryAcct></Id></CdtrAcct><Prtry><Tp>CAR</Tp><Pty/></Prtry></RltdPties><RmtInf><Strd><AddtlRmtInf>NO REF</AddtlRmtInf></Strd><Strd><AddtlRmtInf>O O&apos;Brien//CAR</AddtlRmtInf></Strd></RmtInf><RltdDts><TxDtTm>2018-09-01T11:44:36</TxDtTm></RltdDts><AddtlTxInf>6000000003843654341020180901826110866</AddtlTxInf></TxDtls><AddtlNtryInf>COMPLETE//0000//003//CREDIT</AddtlNtryInf></Ntry><Ntry><Amt Ccy="GBP">107.66</Amt><CdtDbtInd>CRDT</CdtDbtInd><Sts>BOOK</Sts><BookgDt><Dt>2018-09-03</Dt></BookgDt><BkTxCd><Prtry><Cd>SIP UKBA CR 40269</Cd></Prtry></BkTxCd><TxDtls><Refs><EndToEndId>00151256632BBDYPXD</EndToEndId><TxId>00151256632BBDYPXD</TxId></Refs><RltdPties><Dbtr><Nm>ALEXANDER HOWARD</Nm></Dbtr><DbtrAcct><Id><PrtryAcct><Id>09012785881846</Id></PrtryAcct></Id></DbtrAcct><Cdtr><Nm>ARRO</Nm></Cdtr><CdtrAcct><Id><PrtryAcct><Id>23008200364095</Id></PrtryAcct></Id></CdtrAcct><Prtry><Tp>Arro</Tp><Pty/></Prtry></RltdPties><RmtInf><Strd><AddtlRmtInf>NO REF</AddtlRmtInf></Strd><Strd><AddtlRmtInf>ALEXANDER HOWARD//Arro</AddtlRmtInf></Strd></RmtInf><RltdDts><TxDtTm>2018-09-01T11:52:36</TxDtTm></RltdDts><AddtlTxInf>00151256632BBDYPXD1020180901826090127</AddtlTxInf></TxDtls><AddtlNtryInf>COMPLETE//0000//003//CREDIT</AddtlNtryInf></Ntry></Ntfctn></BkToCstmrDbtCdtNtfctnV01></Document>