<?xml version="1.0" encoding="UTF-8"?><Document xmlns:xsi="http://www.w3.org/2001/XMLSchema-instance" xmlns="urn:iso:std:iso:20022:tech:xsd:camt.054.001.01"><BkToCstmrDbtCdtNtfctnV01><GrpHdr><MsgId>80309K//13390</MsgId><CreDtTm>2018-09-27T08:30:00</CreDtTm></GrpHdr><Ntfctn><Id>80309K//13390//1</Id><CreDtTm>2018-09-27T08:30:00</CreDtTm><Acct><Id><PrtryAcct><Id>20594233939774</Id></PrtryAcct></Id><Ccy>GBP</Ccy></Acct><TxsSummry><TtlNtries><NbOfNtries>2</NbOfNtries><Sum>53.00</Sum></TtlNtries><TtlCdtNtries><NbOfNtries>2</NbOfNtries><Sum>53.00</Sum></TtlCdtNtries><TtlDbtNtries><NbOfNtries>0</NbOfNtries><Sum>0.00</Sum></TtlDbtNtries></TxsSummry><Ntry><Amt Ccy="GBP">50.00</Amt><CdtDbtInd>CRDT</CdtDbtInd><Sts>BOOK</Sts><BookgDt><Dt>2018-09-27</Dt></BookgDt><BkTxCd><Prtry><Cd>SIP UKBA CR 40269</Cd></Prtry></BkTxCd><TxDtls><Refs><EndToEndId>NOREF</EndToEndId><TxId>001662758180729001</TxId><Prtry><Tp>STO REF</Tp><Ref>0000</Ref></Prtry></Refs><RltdPties><Dbtr><Nm>KAIN M R</Nm></Dbtr><DbtrAcct><Id><PrtryAcct><Id>40230381523740</Id></PrtryAcct></Id></DbtrAcct><Cdtr><Nm>Landofinplay</Nm></Cdtr><CdtrAcct><Id><PrtryAcct><Id>23008200433862</Id></PrtryAcct></Id></CdtrAcct><Prtry><Tp>mikekain09</Tp><Pty/></Prtry></RltdPties><RmtInf><Strd><AddtlRmtInf>NO REF</AddtlRmtInf></Strd><Strd><AddtlRmtInf>KAIN M R//mikekain09</AddtlRmtInf></Strd></RmtInf><RltdDts><TxDtTm>2018-09-27T08:18:57</TxDtTm></RltdDts><AddtlTxInf>0016627581807290011020180927826402303</AddtlTxInf></TxDtls><AddtlNtryInf>COMPLETE//0000//001//CREDIT</AddtlNtryInf></Ntry><Ntry><Amt Ccy="GBP">3.00</Amt><CdtDbtInd>CRDT</CdtDbtInd><Sts>BOOK</Sts><BookgDt><Dt>2018-09-27</Dt></BookgDt><BkTxCd><Prtry><Cd>SIP UKBA CR 40269</Cd></Prtry></BkTxCd><TxDtls><Refs><EndToEndId>NOREF</EndToEndId><TxId>180927081915268548</TxId></Refs><RltdPties><Dbtr><Nm>Jade Ashby</Nm></Dbtr><DbtrAcct><Id><PrtryAcct><Id>77682202530260</Id></PrtryAcct></Id></DbtrAcct><Cdtr><Nm>Daniel new</Nm></Cdtr><CdtrAcct><Id><PrtryAcct><Id>23008200211562</Id></PrtryAcct></Id></CdtrAcct></RltdPties><RmtInf><Strd><AddtlRmtInf>NO REF</AddtlRmtInf></Strd><Strd><AddtlRmtInf>Jade Ashby//</AddtlRmtInf></Strd></RmtInf><RltdDts><TxDtTm>2018-09-27T08:19:12</TxDtTm></RltdDts><AddtlTxInf>1809270819152685481020180927826776822</AddtlTxInf></TxDtls><AddtlNtryInf>COMPLETE//0000//001//CREDIT</AddtlNtryInf></Ntry></Ntfctn></BkToCstmrDbtCdtNtfctnV01></Document>