<?xml version="1.0" encoding="UTF-8"?><Document xmlns:xsi="http://www.w3.org/2001/XMLSchema-instance" xmlns="urn:iso:std:iso:20022:tech:xsd:camt.054.001.01"><BkToCstmrDbtCdtNtfctnV01><GrpHdr><MsgId>80309K//13085</MsgId><CreDtTm>2018-09-20T06:00:00</CreDtTm></GrpHdr><Ntfctn><Id>80309K//13085//1</Id><CreDtTm>2018-09-20T06:00:00</CreDtTm><Acct><Id><PrtryAcct><Id>20594233939774</Id></PrtryAcct></Id><Ccy>GBP</Ccy></Acct><TxsSummry><TtlNtries><NbOfNtries>2</NbOfNtries><Sum>92.23</Sum></TtlNtries><TtlCdtNtries><NbOfNtries>2</NbOfNtries><Sum>92.23</Sum></TtlCdtNtries><TtlDbtNtries><NbOfNtries>0</NbOfNtries><Sum>0.00</Sum></TtlDbtNtries></TxsSummry><Ntry><Amt Ccy="GBP">50.00</Amt><CdtDbtInd>CRDT</CdtDbtInd><Sts>BOOK</Sts><BookgDt><Dt>2018-09-20</Dt></BookgDt><BkTxCd><Prtry><Cd>SIP UKBA CR 40269</Cd></Prtry></BkTxCd><TxDtls><Refs><EndToEndId>NOREF</EndToEndId><TxId>500000000390206576</TxId></Refs><RltdPties><Dbtr><Nm>T Harland</Nm></Dbtr><DbtrAcct><Id><PrtryAcct><Id>11055111620867</Id></PrtryAcct></Id></DbtrAcct><Cdtr><Nm>MRS TRACEY HARLAND</Nm></Cdtr><CdtrAcct><Id><PrtryAcct><Id>23008200328937</Id></PrtryAcct></Id></CdtrAcct><Prtry><Tp>MY MONEY</Tp><Pty/></Prtry></RltdPties><RmtInf><Strd><AddtlRmtInf>NO REF</AddtlRmtInf></Strd><Strd><AddtlRmtInf>T Harland//MY MONEY</AddtlRmtInf></Strd></RmtInf><RltdDts><TxDtTm>2018-09-20T05:46:48</TxDtTm></RltdDts><AddtlTxInf>5000000003902065761020180920826110551</AddtlTxInf></TxDtls><AddtlNtryInf>COMPLETE//0000//003//CREDIT</AddtlNtryInf></Ntry><Ntry><Amt Ccy="GBP">42.23</Amt><CdtDbtInd>CRDT</CdtDbtInd><Sts>BOOK</Sts><BookgDt><Dt>2018-09-20</Dt></BookgDt><BkTxCd><Prtry><Cd>SIP UKBA CR 40269</Cd></Prtry></BkTxCd><TxDtls><Refs><EndToEndId>PPWD00000000AOP0VO</EndToEndId><TxId>PPWD00000000AOP0VO</TxId></Refs><RltdPties><Dbtr><Nm>PayPal</Nm><PstlAdr><AdrLine>2211 N 1st Street San Jose CA 95131</AdrLine><Ctry/></PstlAdr></Dbtr><DbtrAcct><Id><PrtryAcct><Id>23526278959595</Id></PrtryAcct></Id></DbtrAcct><Cdtr><Nm>Shit</Nm><PstlAdr><AdrLine>6 Hollywell Road</AdrLine><Ctry/></PstlAdr></Cdtr><CdtrAcct><Id><PrtryAcct><Id>23008200199505</Id></PrtryAcct></Id></CdtrAcct><Prtry><Tp>PPWDL5BKJ2AL7G752E</Tp><Pty/></Prtry></RltdPties><RmtInf><Strd><RfrdDocInf><RfrdDocTp><Prtry>002</Prtry></RfrdDocTp></RfrdDocInf><AddtlRmtInf>NO REF</AddtlRmtInf></Strd><Strd><AddtlRmtInf>PayPal//PPWDL5BKJ2AL7G752E</AddtlRmtInf></Strd></RmtInf><RltdDts><TxDtTm>2018-09-20T05:47:28</TxDtTm></RltdDts><AddtlTxInf>PPWD00000000AOP0VO1020180920826235262</AddtlTxInf></TxDtls><AddtlNtryInf>COMPLETE//0000//003//CREDIT</AddtlNtryInf></Ntry></Ntfctn></BkToCstmrDbtCdtNtfctnV01></Document>