<?xml version="1.0" encoding="UTF-8"?><Document xmlns:xsi="http://www.w3.org/2001/XMLSchema-instance" xmlns="urn:iso:std:iso:20022:tech:xsd:camt.054.001.01"><BkToCstmrDbtCdtNtfctnV01><GrpHdr><MsgId>80309K//12713</MsgId><CreDtTm>2018-09-11T14:30:00</CreDtTm></GrpHdr><Ntfctn><Id>80309K//12713//1</Id><CreDtTm>2018-09-11T14:30:00</CreDtTm><Acct><Id><PrtryAcct><Id>20594233939774</Id></PrtryAcct></Id><Ccy>GBP</Ccy></Acct><TxsSummry><TtlNtries><NbOfNtries>7</NbOfNtries><Sum>189.16</Sum></TtlNtries><TtlCdtNtries><NbOfNtries>7</NbOfNtries><Sum>189.16</Sum></TtlCdtNtries><TtlDbtNtries><NbOfNtries>0</NbOfNtries><Sum>0.00</Sum></TtlDbtNtries></TxsSummry><Ntry><Amt Ccy="GBP">0.01</Amt><CdtDbtInd>CRDT</CdtDbtInd><Sts>BOOK</Sts><BookgDt><Dt>2018-09-11</Dt></BookgDt><BkTxCd><Prtry><Cd>SIP UKBA CR 40269</Cd></Prtry></BkTxCd><TxDtls><Refs><EndToEndId>PPRD00000000AMID3C</EndToEndId><TxId>PPRD00000000AMID3C</TxId></Refs><RltdPties><Dbtr><Nm>PAYPAL CODE 1994</Nm><PstlAdr><AdrLine>2211 N 1st Street San Jose CA 95131</AdrLine><Ctry/></PstlAdr></Dbtr><DbtrAcct><Id><PrtryAcct><Id>23526285010101</Id></PrtryAcct></Id></DbtrAcct><Cdtr><Nm>Callum Parker</Nm><PstlAdr><AdrLine>105 Colomb Road</AdrLine><Ctry/></PstlAdr></Cdtr><CdtrAcct><Id><PrtryAcct><Id>23008200439901</Id></PrtryAcct></Id></CdtrAcct><Prtry><Tp>PAYPAL CODE 1994</Tp><Pty/></Prtry></RltdPties><RmtInf><Strd><RfrdDocInf><RfrdDocTp><Prtry>002</Prtry></RfrdDocTp></RfrdDocInf><AddtlRmtInf>NO REF</AddtlRmtInf></Strd><Strd><AddtlRmtInf>PAYPAL CODE 1994//PAYPAL CODE 1994</AddtlRmtInf></Strd></RmtInf><RltdDts><TxDtTm>2018-09-11T14:02:50</TxDtTm></RltdDts><AddtlTxInf>PPRD00000000AMID3C1020180911826235262</AddtlTxInf></TxDtls><AddtlNtryInf>COMPLETE//0000//002//CREDIT</AddtlNtryInf></Ntry><Ntry><Amt Ccy="GBP">0.54</Amt><CdtDbtInd>CRDT</CdtDbtInd><Sts>BOOK</Sts><BookgDt><Dt>2018-09-11</Dt></BookgDt><BkTxCd><Prtry><Cd>SIP UKBA CR 40269</Cd></Prtry></BkTxCd><TxDtls><Refs><EndToEndId>NOREF</EndToEndId><TxId>300000000391514333</TxId></Refs><RltdPties><Dbtr><Nm>S Sidhu</Nm></Dbtr><DbtrAcct><Id><PrtryAcct><Id>11000111108075</Id></PrtryAcct></Id></DbtrAcct><Cdtr><Nm>SANJAY SIDHU</Nm></Cdtr><CdtrAcct><Id><PrtryAcct><Id>23008200433902</Id></PrtryAcct></Id></CdtrAcct><Prtry><Tp>Sanjay</Tp><Pty/></Prtry></RltdPties><RmtInf><Strd><AddtlRmtInf>NO REF</AddtlRmtInf></Strd><Strd><AddtlRmtInf>S Sidhu//Sanjay</AddtlRmtInf></Strd></RmtInf><RltdDts><TxDtTm>2018-09-11T14:14:58</TxDtTm></RltdDts><AddtlTxInf>3000000003915143331020180911826110001</AddtlTxInf></TxDtls><AddtlNtryInf>COMPLETE//0000//002//CREDIT</AddtlNtryInf></Ntry><Ntry><Amt Ccy="GBP">30.50</Amt><CdtDbtInd>CRDT</CdtDbtInd><Sts>BOOK</Sts><BookgDt><Dt>2018-09-11</Dt></BookgDt><BkTxCd><Prtry><Cd>SIP UKBA CR 40269</Cd></Prtry></BkTxCd><TxDtls><Refs><EndToEndId>00157224632BBBQCZL</EndToEndId><TxId>00157224632BBBQCZL</TxId></Refs><RltdPties><Dbtr><Nm>DANIEL MORTIMER</Nm></Dbtr><DbtrAcct><Id><PrtryAcct><Id>09012845412113</Id></PrtryAcct></Id></DbtrAcct><Cdtr><Nm>ARRO ACC</Nm></Cdtr><CdtrAcct><Id><PrtryAcct><Id>23008200426870</Id></PrtryAcct></Id></CdtrAcct><Prtry><Tp>Payment</Tp><Pty/></Prtry></RltdPties><RmtInf><Strd><AddtlRmtInf>NO REF</AddtlRmtInf></Strd><Strd><AddtlRmtInf>DANIEL MORTIMER//Payment</AddtlRmtInf></Strd></RmtInf><RltdDts><TxDtTm>2018-09-11T14:15:42</TxDtTm></RltdDts><AddtlTxInf>00157224632BBBQCZL1020180911826090128</AddtlTxInf></TxDtls><AddtlNtryInf>COMPLETE//0000//002//CREDIT</AddtlNtryInf></Ntry><Ntry><Amt Ccy="GBP">105.00</Amt><CdtDbtInd>CRDT</CdtDbtInd><Sts>BOOK</Sts><BookgDt><Dt>2018-09-11</Dt></BookgDt><BkTxCd><Prtry><Cd>DCA UKBA CR 40269</Cd></Prtry></BkTxCd><TxDtls><Refs><EndToEndId>NOREF</EndToEndId><TxId>000000013529698301</TxId><Prtry><Tp>STO REF</Tp><Ref>0000</Ref></Prtry></Refs><RltdPties><Dbtr><Nm>23327200301938</Nm></Dbtr><DbtrAcct><Id><PrtryAcct><Id>20594263428524</Id></PrtryAcct></Id></DbtrAcct><Cdtr><Nm>PAUL CARTER</Nm></Cdtr><CdtrAcct><Id><PrtryAcct><Id>23008200060519</Id></PrtryAcct></Id></CdtrAcct><Prtry><Tp>HOLIDAY</Tp><Pty/></Prtry></RltdPties><RmtInf><Strd><AddtlRmtInf>NO REF</AddtlRmtInf></Strd><Strd><AddtlRmtInf>23327200301938//HOLIDAY</AddtlRmtInf></Strd></RmtInf><RltdDts><TxDtTm>2018-09-11T14:16:54</TxDtTm></RltdDts><AddtlTxInf>0000000135296983015020180911826205942</AddtlTxInf></TxDtls><AddtlNtryInf>COMPLETE//0000//002//CREDIT</AddtlNtryInf></Ntry><Ntry><Amt Ccy="GBP">2.11</Amt><CdtDbtInd>CRDT</CdtDbtInd><Sts>BOOK</Sts><BookgDt><Dt>2018-09-11</Dt></BookgDt><BkTxCd><Prtry><Cd>SIP UKBA CR 40269</Cd></Prtry></BkTxCd><TxDtls><Refs><EndToEndId>00156284632BBDDKXV</EndToEndId><TxId>00156284632BBDDKXV</TxId></Refs><RltdPties><Dbtr><Nm>KERRYANNE MORGAN</Nm></Dbtr><DbtrAcct><Id><PrtryAcct><Id>09012801910811</Id></PrtryAcct></Id></DbtrAcct><Cdtr><Nm>SAVING</Nm></Cdtr><CdtrAcct><Id><PrtryAcct><Id>23008200321741</Id></PrtryAcct></Id></CdtrAcct><Prtry><Tp>kerry</Tp><Pty/></Prtry></RltdPties><RmtInf><Strd><AddtlRmtInf>NO REF</AddtlRmtInf></Strd><Strd><AddtlRmtInf>KERRYANNE MORGAN//kerry</AddtlRmtInf></Strd></RmtInf><RltdDts><TxDtTm>2018-09-11T14:22:15</TxDtTm></RltdDts><AddtlTxInf>00156284632BBDDKXV1020180911826090128</AddtlTxInf></TxDtls><AddtlNtryInf>COMPLETE//0000//002//CREDIT</AddtlNtryInf></Ntry><Ntry><Amt Ccy="GBP">1.50</Amt><CdtDbtInd>CRDT</CdtDbtInd><Sts>BOOK</Sts><BookgDt><Dt>2018-09-11</Dt></BookgDt><BkTxCd><Prtry><Cd>SIP UKBA CR 40269</Cd></Prtry></BkTxCd><TxDtls><Refs><EndToEndId>NOREF</EndToEndId><TxId>RP4659984322070200</TxId></Refs><RltdPties><Dbtr><Nm>HANDL H</Nm></Dbtr><DbtrAcct><Id><PrtryAcct><Id>20821340025712</Id></PrtryAcct></Id></DbtrAcct><Cdtr><Nm>AMX GLOBAL EU</Nm></Cdtr><CdtrAcct><Id><PrtryAcct><Id>23008200224939</Id></PrtryAcct></Id></CdtrAcct><Prtry><Tp>ARRO BANK H HANDL</Tp><Pty/></Prtry></RltdPties><RmtInf><Strd><AddtlRmtInf>NO REF</AddtlRmtInf></Strd><Strd><AddtlRmtInf>HANDL H//ARRO BANK H HANDL</AddtlRmtInf></Strd></RmtInf><RltdDts><TxDtTm>2018-09-11T14:25:01</TxDtTm></RltdDts><AddtlTxInf>RP46599843220702001020180911826200026</AddtlTxInf></TxDtls><AddtlNtryInf>COMPLETE//0000//002//CREDIT</AddtlNtryInf></Ntry><Ntry><Amt Ccy="GBP">49.50</Amt><CdtDbtInd>CRDT</CdtDbtInd><Sts>BOOK</Sts><BookgDt><Dt>2018-09-11</Dt></BookgDt><BkTxCd><Prtry><Cd>SIP UKBA CR 40269</Cd></Prtry></BkTxCd><TxDtls><Refs><EndToEndId>NOREF</EndToEndId><TxId>27142653720993000R</TxId><Prtry><Tp>STO REF</Tp><Ref>0000</Ref></Prtry></Refs><RltdPties><Dbtr><Nm>GC C1</Nm></Dbtr><DbtrAcct><Id><PrtryAcct><Id>16222410135836</Id></PrtryAcct></Id></DbtrAcct><Cdtr><Nm>MISS ALIA A COSTER</Nm></Cdtr><CdtrAcct><Id><PrtryAcct><Id>23008200221244</Id></PrtryAcct></Id></CdtrAcct><Prtry><Tp>CCONTENT-JQFBJAJVY</Tp><Pty/></Prtry></RltdPties><RmtInf><Strd><AddtlRmtInf>CCONTENT-JQFBJAJVY</AddtlRmtInf></Strd><Strd><AddtlRmtInf>GC C1//CCONTENT-JQFBJAJVY</AddtlRmtInf></Strd></RmtInf><RltdDts><TxDtTm>2018-09-11T14:26:54</TxDtTm></RltdDts><AddtlTxInf>27142653720993000R1020180911826162224</AddtlTxInf></TxDtls><AddtlNtryInf>COMPLETE//0000//002//CREDIT</AddtlNtryInf></Ntry></Ntfctn></BkToCstmrDbtCdtNtfctnV01></Document>