<?xml version="1.0" encoding="UTF-8"?><Document xmlns:xsi="http://www.w3.org/2001/XMLSchema-instance" xmlns="urn:iso:std:iso:20022:tech:xsd:camt.054.001.01"><BkToCstmrDbtCdtNtfctnV01><GrpHdr><MsgId>80309K//12471</MsgId><CreDtTm>2018-09-05T23:00:00</CreDtTm></GrpHdr><Ntfctn><Id>80309K//12471//1</Id><CreDtTm>2018-09-05T23:00:00</CreDtTm><Acct><Id><PrtryAcct><Id>20594233939774</Id></PrtryAcct></Id><Ccy>GBP</Ccy></Acct><TxsSummry><TtlNtries><NbOfNtries>4</NbOfNtries><Sum>45.01</Sum></TtlNtries><TtlCdtNtries><NbOfNtries>4</NbOfNtries><Sum>45.01</Sum></TtlCdtNtries><TtlDbtNtries><NbOfNtries>0</NbOfNtries><Sum>0.00</Sum></TtlDbtNtries></TxsSummry><Ntry><Amt Ccy="GBP">10.00</Amt><CdtDbtInd>CRDT</CdtDbtInd><Sts>BOOK</Sts><BookgDt><Dt>2018-09-06</Dt></BookgDt><BkTxCd><Prtry><Cd>SIP UKBA CR 40269</Cd></Prtry></BkTxCd><TxDtls><Refs><EndToEndId>XX</EndToEndId><TxId>42223244977748000R</TxId><Prtry><Tp>STO REF</Tp><Ref>0000</Ref></Prtry></Refs><RltdPties><Dbtr><Nm>EASON LE</Nm></Dbtr><DbtrAcct><Id><PrtryAcct><Id>16262710885057</Id></PrtryAcct></Id></DbtrAcct><Cdtr><Nm>RHEA DAY</Nm></Cdtr><CdtrAcct><Id><PrtryAcct><Id>23008200183443</Id></PrtryAcct></Id></CdtrAcct><Prtry><Tp>XX</Tp><Pty/></Prtry></RltdPties><RmtInf><Strd><AddtlRmtInf>EASON LE          XX                VIA MOBILE - LVP</AddtlRmtInf></Strd><Strd><AddtlRmtInf>EASON LE//XX</AddtlRmtInf></Strd></RmtInf><RltdDts><TxDtTm>2018-09-05T22:32:45</TxDtTm></RltdDts><AddtlTxInf>42223244977748000R1020180905826162627</AddtlTxInf></TxDtls><AddtlNtryInf>COMPLETE//0000//003//CREDIT</AddtlNtryInf></Ntry><Ntry><Amt Ccy="GBP">0.01</Amt><CdtDbtInd>CRDT</CdtDbtInd><Sts>BOOK</Sts><BookgDt><Dt>2018-09-06</Dt></BookgDt><BkTxCd><Prtry><Cd>SIP UKBA CR 40269</Cd></Prtry></BkTxCd><TxDtls><Refs><EndToEndId>PPRD00000000AL4Y70</EndToEndId><TxId>PPRD00000000AL4Y70</TxId></Refs><RltdPties><Dbtr><Nm>PAYPAL CODE 2869</Nm><PstlAdr><AdrLine>2211 N 1st Street San Jose CA 95131</AdrLine><Ctry/></PstlAdr></Dbtr><DbtrAcct><Id><PrtryAcct><Id>23526285010101</Id></PrtryAcct></Id></DbtrAcct><Cdtr><Nm>James Wall</Nm><PstlAdr><AdrLine>10 Chatsworth Place</AdrLine><Ctry/></PstlAdr></Cdtr><CdtrAcct><Id><PrtryAcct><Id>23008200431869</Id></PrtryAcct></Id></CdtrAcct><Prtry><Tp>PAYPAL CODE 2869</Tp><Pty/></Prtry></RltdPties><RmtInf><Strd><RfrdDocInf><RfrdDocTp><Prtry>002</Prtry></RfrdDocTp></RfrdDocInf><AddtlRmtInf>NO REF</AddtlRmtInf></Strd><Strd><AddtlRmtInf>PAYPAL CODE 2869//PAYPAL CODE 2869</AddtlRmtInf></Strd></RmtInf><RltdDts><TxDtTm>2018-09-05T22:34:59</TxDtTm></RltdDts><AddtlTxInf>PPRD00000000AL4Y701020180905826235262</AddtlTxInf></TxDtls><AddtlNtryInf>COMPLETE//0000//003//CREDIT</AddtlNtryInf></Ntry><Ntry><Amt Ccy="GBP">10.00</Amt><CdtDbtInd>CRDT</CdtDbtInd><Sts>BOOK</Sts><BookgDt><Dt>2018-09-06</Dt></BookgDt><BkTxCd><Prtry><Cd>SIP UKBA CR 40269</Cd></Prtry></BkTxCd><TxDtls><Refs><EndToEndId>NOREF</EndToEndId><TxId>600000000386049384</TxId></Refs><RltdPties><Dbtr><Nm>I Shafiq</Nm></Dbtr><DbtrAcct><Id><PrtryAcct><Id>30908811564068</Id></PrtryAcct></Id></DbtrAcct><Cdtr><Nm>MIKE DUTTON</Nm></Cdtr><CdtrAcct><Id><PrtryAcct><Id>23008200421264</Id></PrtryAcct></Id></CdtrAcct></RltdPties><RmtInf><Strd><AddtlRmtInf>NO REF</AddtlRmtInf></Strd><Strd><AddtlRmtInf>I Shafiq//</AddtlRmtInf></Strd></RmtInf><RltdDts><TxDtTm>2018-09-05T22:38:30</TxDtTm></RltdDts><AddtlTxInf>6000000003860493841020180905826309088</AddtlTxInf></TxDtls><AddtlNtryInf>COMPLETE//0000//003//CREDIT</AddtlNtryInf></Ntry><Ntry><Amt Ccy="GBP">25.00</Amt><CdtDbtInd>CRDT</CdtDbtInd><Sts>BOOK</Sts><BookgDt><Dt>2018-09-06</Dt></BookgDt><BkTxCd><Prtry><Cd>SIP UKBA CR 40269</Cd></Prtry></BkTxCd><TxDtls><Refs><EndToEndId>NOREF</EndToEndId><TxId>FP18248O12651101</TxId></Refs><RltdPties><Dbtr><Nm>Khoury Kamil</Nm></Dbtr><DbtrAcct><Id><PrtryAcct><Id>07043633473299</Id></PrtryAcct></Id></DbtrAcct><Cdtr><Nm>A DAKAKH</Nm></Cdtr><CdtrAcct><Id><PrtryAcct><Id>23008200095880</Id></PrtryAcct></Id></CdtrAcct><Prtry><Tp>FRIEND</Tp><Pty/></Prtry></RltdPties><RmtInf><Strd><AddtlRmtInf>NO REF</AddtlRmtInf></Strd><Strd><AddtlRmtInf>Khoury Kamil//FRIEND</AddtlRmtInf></Strd></RmtInf><RltdDts><TxDtTm>2018-09-05T22:52:40</TxDtTm></RltdDts><AddtlTxInf>FP18248O12651101  1020180905826070436</AddtlTxInf></TxDtls><AddtlNtryInf>COMPLETE//0000//003//CREDIT</AddtlNtryInf></Ntry></Ntfctn></BkToCstmrDbtCdtNtfctnV01></Document>