<?xml version="1.0" encoding="UTF-8"?><Document xmlns:xsi="http://www.w3.org/2001/XMLSchema-instance" xmlns="urn:iso:std:iso:20022:tech:xsd:camt.054.001.01"><BkToCstmrDbtCdtNtfctnV01><GrpHdr><MsgId>80309K//12558</MsgId><CreDtTm>2018-09-07T19:30:00</CreDtTm></GrpHdr><Ntfctn><Id>80309K//12558//1</Id><CreDtTm>2018-09-07T19:30:00</CreDtTm><Acct><Id><PrtryAcct><Id>20594233939774</Id></PrtryAcct></Id><Ccy>GBP</Ccy></Acct><TxsSummry><TtlNtries><NbOfNtries>17</NbOfNtries><Sum>22509.16</Sum></TtlNtries><TtlCdtNtries><NbOfNtries>14</NbOfNtries><Sum>5070.23</Sum></TtlCdtNtries><TtlDbtNtries><NbOfNtries>3</NbOfNtries><Sum>17438.93</Sum></TtlDbtNtries></TxsSummry><Ntry><Amt Ccy="GBP">6.00</Amt><CdtDbtInd>CRDT</CdtDbtInd><Sts>BOOK</Sts><BookgDt><Dt>2018-09-10</Dt></BookgDt><BkTxCd><Prtry><Cd>SIP UKBA CR 40269</Cd></Prtry></BkTxCd><TxDtls><Refs><EndToEndId>NOREF</EndToEndId><TxId>500000000386982920</TxId></Refs><RltdPties><Dbtr><Nm>C Bray</Nm></Dbtr><DbtrAcct><Id><PrtryAcct><Id>77121231115060</Id></PrtryAcct></Id></DbtrAcct><Cdtr><Nm>SEXY</Nm></Cdtr><CdtrAcct><Id><PrtryAcct><Id>23008200195387</Id></PrtryAcct></Id></CdtrAcct><Prtry><Tp>LOVE YOU</Tp><Pty/></Prtry></RltdPties><RmtInf><Strd><AddtlRmtInf>NO REF</AddtlRmtInf></Strd><Strd><AddtlRmtInf>C Bray//LOVE YOU</AddtlRmtInf></Strd></RmtInf><RltdDts><TxDtTm>2018-09-07T19:01:25</TxDtTm></RltdDts><AddtlTxInf>5000000003869829201020180907826771212</AddtlTxInf></TxDtls><AddtlNtryInf>COMPLETE//0000//003//CREDIT</AddtlNtryInf></Ntry><Ntry><Amt Ccy="GBP">8758.20</Amt><CdtDbtInd>DBIT</CdtDbtInd><Sts>BOOK</Sts><BookgDt><Dt>2018-09-10</Dt></BookgDt><BkTxCd><Prtry><Cd>AUT UKBA DR 30278</Cd></Prtry></BkTxCd><TxDtls><Refs><TxId>000000000335717000</TxId></Refs><RltdPties><DbtrAcct><Id><PrtryAcct><Id>20594233939774</Id></PrtryAcct></Id></DbtrAcct></RltdPties><RmtInf><Strd><AddtlRmtInf>NO REF</AddtlRmtInf></Strd><Strd><AddtlRmtInf>20180907A44639//7S      F1TGMID387</AddtlRmtInf></Strd></RmtInf><RltdDts><TxDtTm>2018-09-07T19:01:44</TxDtTm></RltdDts><AddtlTxInf>0000000003357170000020180907826205942</AddtlTxInf></TxDtls><AddtlNtryInf>AUTHSENT//0000//003//DEBIT</AddtlNtryInf></Ntry><Ntry><Amt Ccy="GBP">6030.73</Amt><CdtDbtInd>DBIT</CdtDbtInd><Sts>BOOK</Sts><BookgDt><Dt>2018-09-10</Dt></BookgDt><BkTxCd><Prtry><Cd>AUT UKBA DR 30278</Cd></Prtry></BkTxCd><TxDtls><Refs><TxId>000000000335717100</TxId></Refs><RltdPties><DbtrAcct><Id><PrtryAcct><Id>20594233939774</Id></PrtryAcct></Id></DbtrAcct></RltdPties><RmtInf><Strd><AddtlRmtInf>NO REF</AddtlRmtInf></Strd><Strd><AddtlRmtInf>20180907A44639//7S      F1TGGN7385</AddtlRmtInf></Strd></RmtInf><RltdDts><TxDtTm>2018-09-07T19:01:49</TxDtTm></RltdDts><AddtlTxInf>0000000003357171000020180907826205942</AddtlTxInf></TxDtls><AddtlNtryInf>AUTHSENT//0000//003//DEBIT</AddtlNtryInf></Ntry><Ntry><Amt Ccy="GBP">2650.00</Amt><CdtDbtInd>DBIT</CdtDbtInd><Sts>BOOK</Sts><BookgDt><Dt>2018-09-10</Dt></BookgDt><BkTxCd><Prtry><Cd>AUT UKBA DR 30278</Cd></Prtry></BkTxCd><TxDtls><Refs><TxId>000000000335717300</TxId></Refs><RltdPties><DbtrAcct><Id><PrtryAcct><Id>20594233939774</Id></PrtryAcct></Id></DbtrAcct></RltdPties><RmtInf><Strd><AddtlRmtInf>NO REF</AddtlRmtInf></Strd><Strd><AddtlRmtInf>20180907A44639//7S      F1TGG4M383</AddtlRmtInf></Strd></RmtInf><RltdDts><TxDtTm>2018-09-07T19:02:00</TxDtTm></RltdDts><AddtlTxInf>0000000003357173000020180907826205942</AddtlTxInf></TxDtls><AddtlNtryInf>AUTHSENT//0000//003//DEBIT</AddtlNtryInf></Ntry><Ntry><Amt Ccy="GBP">200.00</Amt><CdtDbtInd>CRDT</CdtDbtInd><Sts>BOOK</Sts><BookgDt><Dt>2018-09-10</Dt></BookgDt><BkTxCd><Prtry><Cd>SIP UKBA CR 40269</Cd></Prtry></BkTxCd><TxDtls><Refs><EndToEndId>NOREF</EndToEndId><TxId>600000000386700414</TxId></Refs><RltdPties><Dbtr><Nm>S Nelson</Nm></Dbtr><DbtrAcct><Id><PrtryAcct><Id>30936423887760</Id></PrtryAcct></Id></DbtrAcct><Cdtr><Nm>MIKE LIV</Nm></Cdtr><CdtrAcct><Id><PrtryAcct><Id>23008200117403</Id></PrtryAcct></Id></CdtrAcct><Prtry><Tp>BORROWED</Tp><Pty/></Prtry></RltdPties><RmtInf><Strd><AddtlRmtInf>NO REF</AddtlRmtInf></Strd><Strd><AddtlRmtInf>S Nelson//BORROWED</AddtlRmtInf></Strd></RmtInf><RltdDts><TxDtTm>2018-09-07T19:02:17</TxDtTm></RltdDts><AddtlTxInf>6000000003867004141020180907826309364</AddtlTxInf></TxDtls><AddtlNtryInf>COMPLETE//0000//003//CREDIT</AddtlNtryInf></Ntry><Ntry><Amt Ccy="GBP">45.00</Amt><CdtDbtInd>CRDT</CdtDbtInd><Sts>BOOK</Sts><BookgDt><Dt>2018-09-10</Dt></BookgDt><BkTxCd><Prtry><Cd>SIP UKBA CR 40269</Cd></Prtry></BkTxCd><TxDtls><Refs><EndToEndId>NOREF</EndToEndId><TxId>865944454091709001</TxId><Prtry><Tp>STO REF</Tp><Ref>0000</Ref></Prtry></Refs><RltdPties><Dbtr><Nm>OLANIPEKUN T</Nm></Dbtr><DbtrAcct><Id><PrtryAcct><Id>40031651775022</Id></PrtryAcct></Id></DbtrAcct><Cdtr><Nm>Tennes solutions</Nm></Cdtr><CdtrAcct><Id><PrtryAcct><Id>23008200220991</Id></PrtryAcct></Id></CdtrAcct><Prtry><Tp>Tom olanipekun</Tp><Pty/></Prtry></RltdPties><RmtInf><Strd><AddtlRmtInf>NO REF</AddtlRmtInf></Strd><Strd><AddtlRmtInf>OLANIPEKUN T//Tom olanipekun</AddtlRmtInf></Strd></RmtInf><RltdDts><TxDtTm>2018-09-07T19:04:54</TxDtTm></RltdDts><AddtlTxInf>8659444540917090011020180907826400316</AddtlTxInf></TxDtls><AddtlNtryInf>COMPLETE//0000//003//CREDIT</AddtlNtryInf></Ntry><Ntry><Amt Ccy="GBP">20.00</Amt><CdtDbtInd>CRDT</CdtDbtInd><Sts>BOOK</Sts><BookgDt><Dt>2018-09-10</Dt></BookgDt><BkTxCd><Prtry><Cd>SIP UKBA CR 40269</Cd></Prtry></BkTxCd><TxDtls><Refs><EndToEndId>NOREF</EndToEndId><TxId>RP4659984096947900</TxId></Refs><RltdPties><Dbtr><Nm>MINTON S</Nm></Dbtr><DbtrAcct><Id><PrtryAcct><Id>20339620431443</Id></PrtryAcct></Id></DbtrAcct><Cdtr><Nm>ANN RBS</Nm></Cdtr><CdtrAcct><Id><PrtryAcct><Id>23008200249240</Id></PrtryAcct></Id></CdtrAcct><Prtry><Tp>ANNIE X</Tp><Pty/></Prtry></RltdPties><RmtInf><Strd><AddtlRmtInf>NO REF</AddtlRmtInf></Strd><Strd><AddtlRmtInf>MINTON S//ANNIE X</AddtlRmtInf></Strd></RmtInf><RltdDts><TxDtTm>2018-09-07T19:07:20</TxDtTm></RltdDts><AddtlTxInf>RP46599840969479001020180907826200026</AddtlTxInf></TxDtls><AddtlNtryInf>COMPLETE//0000//003//CREDIT</AddtlNtryInf></Ntry><Ntry><Amt Ccy="GBP">1430.00</Amt><CdtDbtInd>CRDT</CdtDbtInd><Sts>BOOK</Sts><BookgDt><Dt>2018-09-10</Dt></BookgDt><BkTxCd><Prtry><Cd>SIP UKBA CR 40269</Cd></Prtry></BkTxCd><TxDtls><Refs><EndToEndId>NOREF</EndToEndId><TxId>300000000390634834</TxId></Refs><RltdPties><Dbtr><Nm>T Figgest</Nm></Dbtr><DbtrAcct><Id><PrtryAcct><Id>11071010934366</Id></PrtryAcct></Id></DbtrAcct><Cdtr><Nm>TUSCAN</Nm></Cdtr><CdtrAcct><Id><PrtryAcct><Id>23008200039884</Id></PrtryAcct></Id></CdtrAcct><Prtry><Tp>SUB CONTRACT</Tp><Pty/></Prtry></RltdPties><RmtInf><Strd><AddtlRmtInf>NO REF</AddtlRmtInf></Strd><Strd><AddtlRmtInf>T Figgest//SUB CONTRACT</AddtlRmtInf></Strd></RmtInf><RltdDts><TxDtTm>2018-09-07T19:10:17</TxDtTm></RltdDts><AddtlTxInf>3000000003906348341020180907826110710</AddtlTxInf></TxDtls><AddtlNtryInf>COMPLETE//0000//003//CREDIT</AddtlNtryInf></Ntry><Ntry><Amt Ccy="GBP">800.00</Amt><CdtDbtInd>CRDT</CdtDbtInd><Sts>BOOK</Sts><BookgDt><Dt>2018-09-10</Dt></BookgDt><BkTxCd><Prtry><Cd>SIP UKBA CR 40269</Cd></Prtry></BkTxCd><TxDtls><Refs><EndToEndId>NOREF</EndToEndId><TxId>RP4659984097558700</TxId></Refs><RltdPties><Dbtr><Nm>SECURE FM LTD</Nm></Dbtr><DbtrAcct><Id><PrtryAcct><Id>20454550932698</Id></PrtryAcct></Id></DbtrAcct><Cdtr><Nm>RELIEF SECURE</Nm></Cdtr><CdtrAcct><Id><PrtryAcct><Id>23008200017980</Id></PrtryAcct></Id></CdtrAcct><Prtry><Tp>CONSULTANCY</Tp><Pty/></Prtry></RltdPties><RmtInf><Strd><AddtlRmtInf>NO REF</AddtlRmtInf></Strd><Strd><AddtlRmtInf>SECURE FM LTD//CONSULTANCY</AddtlRmtInf></Strd></RmtInf><RltdDts><TxDtTm>2018-09-07T19:15:42</TxDtTm></RltdDts><AddtlTxInf>RP46599840975587001020180907826200026</AddtlTxInf></TxDtls><AddtlNtryInf>COMPLETE//0000//003//CREDIT</AddtlNtryInf></Ntry><Ntry><Amt Ccy="GBP">5.50</Amt><CdtDbtInd>CRDT</CdtDbtInd><Sts>BOOK</Sts><BookgDt><Dt>2018-09-10</Dt></BookgDt><BkTxCd><Prtry><Cd>DCA UKBA CR 40269</Cd></Prtry></BkTxCd><TxDtls><Refs><EndToEndId>NOREF</EndToEndId><TxId>000000013511303201</TxId><Prtry><Tp>STO REF</Tp><Ref>0000</Ref></Prtry></Refs><RltdPties><Dbtr><Nm>23630700235375</Nm></Dbtr><DbtrAcct><Id><PrtryAcct><Id>20594243523659</Id></PrtryAcct></Id></DbtrAcct><Cdtr><Nm>LUKE GRIGGS</Nm></Cdtr><CdtrAcct><Id><PrtryAcct><Id>23008200387583</Id></PrtryAcct></Id></CdtrAcct><Prtry><Tp>MONEY</Tp><Pty/></Prtry></RltdPties><RmtInf><Strd><AddtlRmtInf>NO REF</AddtlRmtInf></Strd><Strd><AddtlRmtInf>23630700235375//MONEY</AddtlRmtInf></Strd></RmtInf><RltdDts><TxDtTm>2018-09-07T19:17:05</TxDtTm></RltdDts><AddtlTxInf>0000000135113032015020180907826205942</AddtlTxInf></TxDtls><AddtlNtryInf>COMPLETE//0000//003//CREDIT</AddtlNtryInf></Ntry><Ntry><Amt Ccy="GBP">93.63</Amt><CdtDbtInd>CRDT</CdtDbtInd><Sts>BOOK</Sts><BookgDt><Dt>2018-09-10</Dt></BookgDt><BkTxCd><Prtry><Cd>DCA UKBA CR 40269</Cd></Prtry></BkTxCd><TxDtls><Refs><EndToEndId>NOREF</EndToEndId><TxId>000000013511310301</TxId><Prtry><Tp>STO REF</Tp><Ref>0000</Ref></Prtry></Refs><RltdPties><Dbtr><Nm>23630701163302</Nm></Dbtr><DbtrAcct><Id><PrtryAcct><Id>20594243523659</Id></PrtryAcct></Id></DbtrAcct><Cdtr><Nm>JASPAL THIARA</Nm></Cdtr><CdtrAcct><Id><PrtryAcct><Id>23008200373702</Id></PrtryAcct></Id></CdtrAcct><Prtry><Tp>MONEY</Tp><Pty/></Prtry></RltdPties><RmtInf><Strd><AddtlRmtInf>NO REF</AddtlRmtInf></Strd><Strd><AddtlRmtInf>23630701163302//MONEY</AddtlRmtInf></Strd></RmtInf><RltdDts><TxDtTm>2018-09-07T19:17:05</TxDtTm></RltdDts><AddtlTxInf>0000000135113103015020180907826205942</AddtlTxInf></TxDtls><AddtlNtryInf>COMPLETE//0000//003//CREDIT</AddtlNtryInf></Ntry><Ntry><Amt Ccy="GBP">300.00</Amt><CdtDbtInd>CRDT</CdtDbtInd><Sts>BOOK</Sts><BookgDt><Dt>2018-09-10</Dt></BookgDt><BkTxCd><Prtry><Cd>SIP UKBA CR 40269</Cd></Prtry></BkTxCd><TxDtls><Refs><EndToEndId>NOREF</EndToEndId><TxId>200000000385321346</TxId></Refs><RltdPties><Dbtr><Nm>S Roman</Nm></Dbtr><DbtrAcct><Id><PrtryAcct><Id>11002611312967</Id></PrtryAcct></Id></DbtrAcct><Cdtr><Nm>GLOBE MOTORING</Nm></Cdtr><CdtrAcct><Id><PrtryAcct><Id>23008200432051</Id></PrtryAcct></Id></CdtrAcct><Prtry><Tp>31677119</Tp><Pty/></Prtry></RltdPties><RmtInf><Strd><AddtlRmtInf>NO REF</AddtlRmtInf></Strd><Strd><AddtlRmtInf>S Roman//31677119</AddtlRmtInf></Strd></RmtInf><RltdDts><TxDtTm>2018-09-07T19:17:52</TxDtTm></RltdDts><AddtlTxInf>2000000003853213461020180907826110026</AddtlTxInf></TxDtls><AddtlNtryInf>COMPLETE//0000//003//CREDIT</AddtlNtryInf></Ntry><Ntry><Amt Ccy="GBP">15.00</Amt><CdtDbtInd>CRDT</CdtDbtInd><Sts>BOOK</Sts><BookgDt><Dt>2018-09-10</Dt></BookgDt><BkTxCd><Prtry><Cd>SIP UKBA CR 40269</Cd></Prtry></BkTxCd><TxDtls><Refs><EndToEndId>NOREF</EndToEndId><TxId>000000000127465388</TxId></Refs><RltdPties><Dbtr><Nm>MR I M &amp; MRS B J V</Nm></Dbtr><DbtrAcct><Id><PrtryAcct><Id>08910408348421</Id></PrtryAcct></Id></DbtrAcct><Cdtr><Nm>DEAN 3</Nm></Cdtr><CdtrAcct><Id><PrtryAcct><Id>23008200027429</Id></PrtryAcct></Id></CdtrAcct></RltdPties><RmtInf><Strd><AddtlRmtInf>NO REF</AddtlRmtInf></Strd><Strd><AddtlRmtInf>MR I M &amp; MRS B J V//</AddtlRmtInf></Strd></RmtInf><RltdDts><TxDtTm>2018-09-07T19:19:30</TxDtTm></RltdDts><AddtlTxInf>0000000001274653881020180907826089104</AddtlTxInf></TxDtls><AddtlNtryInf>COMPLETE//0000//003//CREDIT</AddtlNtryInf></Ntry><Ntry><Amt Ccy="GBP">2100.00</Amt><CdtDbtInd>CRDT</CdtDbtInd><Sts>BOOK</Sts><BookgDt><Dt>2018-09-10</Dt></BookgDt><BkTxCd><Prtry><Cd>SIP UKBA CR 40269</Cd></Prtry></BkTxCd><TxDtls><Refs><EndToEndId>NOREF</EndToEndId><TxId>RP4659984098048700</TxId></Refs><RltdPties><Dbtr><Nm>SECURE FM LTD</Nm></Dbtr><DbtrAcct><Id><PrtryAcct><Id>20454550932698</Id></PrtryAcct></Id></DbtrAcct><Cdtr><Nm>RELLIEF SECURE</Nm></Cdtr><CdtrAcct><Id><PrtryAcct><Id>23008200031623</Id></PrtryAcct></Id></CdtrAcct><Prtry><Tp>SLA/INV/6321</Tp><Pty/></Prtry></RltdPties><RmtInf><Strd><AddtlRmtInf>NO REF</AddtlRmtInf></Strd><Strd><AddtlRmtInf>SECURE FM LTD//SLA/INV/6321</AddtlRmtInf></Strd></RmtInf><RltdDts><TxDtTm>2018-09-07T19:22:35</TxDtTm></RltdDts><AddtlTxInf>RP46599840980487001020180907826200026</AddtlTxInf></TxDtls><AddtlNtryInf>COMPLETE//0000//003//CREDIT</AddtlNtryInf></Ntry><Ntry><Amt Ccy="GBP">50.00</Amt><CdtDbtInd>CRDT</CdtDbtInd><Sts>BOOK</Sts><BookgDt><Dt>2018-09-10</Dt></BookgDt><BkTxCd><Prtry><Cd>SIP UKBA CR 40269</Cd></Prtry></BkTxCd><TxDtls><Refs><EndToEndId>NOREF</EndToEndId><TxId>600000000386705995</TxId></Refs><RltdPties><Dbtr><Nm>B Karem</Nm></Dbtr><DbtrAcct><Id><PrtryAcct><Id>77852740625860</Id></PrtryAcct></Id></DbtrAcct><Cdtr><Nm>MARTINS SENBERGS</Nm></Cdtr><CdtrAcct><Id><PrtryAcct><Id>23008200307426</Id></PrtryAcct></Id></CdtrAcct><Prtry><Tp>SALARY</Tp><Pty/></Prtry></RltdPties><RmtInf><Strd><AddtlRmtInf>NO REF</AddtlRmtInf></Strd><Strd><AddtlRmtInf>B Karem//SALARY</AddtlRmtInf></Strd></RmtInf><RltdDts><TxDtTm>2018-09-07T19:22:41</TxDtTm></RltdDts><AddtlTxInf>6000000003867059951020180907826778527</AddtlTxInf></TxDtls><AddtlNtryInf>COMPLETE//0000//003//CREDIT</AddtlNtryInf></Ntry><Ntry><Amt Ccy="GBP">5.00</Amt><CdtDbtInd>CRDT</CdtDbtInd><Sts>BOOK</Sts><BookgDt><Dt>2018-09-10</Dt></BookgDt><BkTxCd><Prtry><Cd>DCA UKBA CR 40269</Cd></Prtry></BkTxCd><TxDtls><Refs><EndToEndId>NOREF</EndToEndId><TxId>000000013511332001</TxId><Prtry><Tp>STO REF</Tp><Ref>9020</Ref></Prtry></Refs><RltdPties><Dbtr><Nm>K NIKITINA BELOUSA</Nm></Dbtr><DbtrAcct><Id><PrtryAcct><Id>20035373152596</Id></PrtryAcct></Id></DbtrAcct><Cdtr><Nm>FSSL LTD</Nm></Cdtr><CdtrAcct><Id><PrtryAcct><Id>23008200223789</Id></PrtryAcct></Id></CdtrAcct><Prtry><Tp>TOPIN UP</Tp><Pty/></Prtry></RltdPties><RmtInf><Strd><AddtlRmtInf>NO REF</AddtlRmtInf></Strd><Strd><AddtlRmtInf>K NIKITINA BELOUSA//TOPIN UP</AddtlRmtInf></Strd></RmtInf><RltdDts><TxDtTm>2018-09-07T19:22:48</TxDtTm></RltdDts><AddtlTxInf>0000000135113320015020180907826200353</AddtlTxInf></TxDtls><AddtlNtryInf>COMPLETE//0000//003//CREDIT</AddtlNtryInf></Ntry><Ntry><Amt Ccy="GBP">0.10</Amt><CdtDbtInd>CRDT</CdtDbtInd><Sts>BOOK</Sts><BookgDt><Dt>2018-09-10</Dt></BookgDt><BkTxCd><Prtry><Cd>SIP UKBA CR 40269</Cd></Prtry></BkTxCd><TxDtls><Refs><EndToEndId>00157224632BBBQCMW</EndToEndId><TxId>00157224632BBBQCMW</TxId></Refs><RltdPties><Dbtr><Nm>DANIEL MORTIMER</Nm></Dbtr><DbtrAcct><Id><PrtryAcct><Id>09012845412113</Id></PrtryAcct></Id></DbtrAcct><Cdtr><Nm>Arro acc</Nm></Cdtr><CdtrAcct><Id><PrtryAcct><Id>23008200426870</Id></PrtryAcct></Id></CdtrAcct><Prtry><Tp>Payment</Tp><Pty/></Prtry></RltdPties><RmtInf><Strd><AddtlRmtInf>NO REF</AddtlRmtInf></Strd><Strd><AddtlRmtInf>DANIEL MORTIMER//Payment</AddtlRmtInf></Strd></RmtInf><RltdDts><TxDtTm>2018-09-07T19:22:51</TxDtTm></RltdDts><AddtlTxInf>00157224632BBBQCMW1020180907826090128</AddtlTxInf></TxDtls><AddtlNtryInf>COMPLETE//0000//003//CREDIT</AddtlNtryInf></Ntry></Ntfctn></BkToCstmrDbtCdtNtfctnV01></Document>