<?xml version="1.0" encoding="UTF-8"?><Document xmlns:xsi="http://www.w3.org/2001/XMLSchema-instance" xmlns="urn:iso:std:iso:20022:tech:xsd:camt.054.001.01"><BkToCstmrDbtCdtNtfctnV01><GrpHdr><MsgId>80309K//13278</MsgId><CreDtTm>2018-09-24T18:30:00</CreDtTm></GrpHdr><Ntfctn><Id>80309K//13278//1</Id><CreDtTm>2018-09-24T18:30:00</CreDtTm><Acct><Id><PrtryAcct><Id>20594233939774</Id></PrtryAcct></Id><Ccy>GBP</Ccy></Acct><TxsSummry><TtlNtries><NbOfNtries>8</NbOfNtries><Sum>515.00</Sum></TtlNtries><TtlCdtNtries><NbOfNtries>8</NbOfNtries><Sum>515.00</Sum></TtlCdtNtries><TtlDbtNtries><NbOfNtries>0</NbOfNtries><Sum>0.00</Sum></TtlDbtNtries></TxsSummry><Ntry><Amt Ccy="GBP">22.00</Amt><CdtDbtInd>CRDT</CdtDbtInd><Sts>BOOK</Sts><BookgDt><Dt>2018-09-24</Dt></BookgDt><BkTxCd><Prtry><Cd>SIP UKBA CR 40269</Cd></Prtry></BkTxCd><TxDtls><Refs><EndToEndId>NOREF</EndToEndId><TxId>100000000389810655</TxId></Refs><RltdPties><Dbtr><Nm>E Donker</Nm></Dbtr><DbtrAcct><Id><PrtryAcct><Id>30155364864460</Id></PrtryAcct></Id></DbtrAcct><Cdtr><Nm>JAME OLUSHA</Nm></Cdtr><CdtrAcct><Id><PrtryAcct><Id>23008200463580</Id></PrtryAcct></Id></CdtrAcct><Prtry><Tp>BIDEMI</Tp><Pty/></Prtry></RltdPties><RmtInf><Strd><AddtlRmtInf>NO REF</AddtlRmtInf></Strd><Strd><AddtlRmtInf>E Donker//BIDEMI</AddtlRmtInf></Strd></RmtInf><RltdDts><TxDtTm>2018-09-24T18:21:45</TxDtTm></RltdDts><AddtlTxInf>1000000003898106551020180924826301553</AddtlTxInf></TxDtls><AddtlNtryInf>COMPLETE//0000//003//CREDIT</AddtlNtryInf></Ntry><Ntry><Amt Ccy="GBP">5.00</Amt><CdtDbtInd>CRDT</CdtDbtInd><Sts>BOOK</Sts><BookgDt><Dt>2018-09-24</Dt></BookgDt><BkTxCd><Prtry><Cd>SIP UKBA CR 40269</Cd></Prtry></BkTxCd><TxDtls><Refs><EndToEndId>NOREF</EndToEndId><TxId>RP4679962139775100</TxId></Refs><RltdPties><Dbtr><Nm>CHAKAROV I</Nm></Dbtr><DbtrAcct><Id><PrtryAcct><Id>20691510215082</Id></PrtryAcct></Id></DbtrAcct><Cdtr><Nm>I CHAKAROV</Nm></Cdtr><CdtrAcct><Id><PrtryAcct><Id>23008200039961</Id></PrtryAcct></Id></CdtrAcct><Prtry><Tp>GIFT</Tp><Pty/></Prtry></RltdPties><RmtInf><Strd><AddtlRmtInf>NO REF</AddtlRmtInf></Strd><Strd><AddtlRmtInf>CHAKAROV I//GIFT</AddtlRmtInf></Strd></RmtInf><RltdDts><TxDtTm>2018-09-24T18:23:24</TxDtTm></RltdDts><AddtlTxInf>RP46799621397751001020180924826200026</AddtlTxInf></TxDtls><AddtlNtryInf>COMPLETE//0000//003//CREDIT</AddtlNtryInf></Ntry><Ntry><Amt Ccy="GBP">52.00</Amt><CdtDbtInd>CRDT</CdtDbtInd><Sts>BOOK</Sts><BookgDt><Dt>2018-09-24</Dt></BookgDt><BkTxCd><Prtry><Cd>SIP UKBA CR 40269</Cd></Prtry></BkTxCd><TxDtls><Refs><EndToEndId>NOREF</EndToEndId><TxId>RP4679962139782200</TxId></Refs><RltdPties><Dbtr><Nm>BUCHANAN J</Nm></Dbtr><DbtrAcct><Id><PrtryAcct><Id>20270523764079</Id></PrtryAcct></Id></DbtrAcct><Cdtr><Nm>MR LEE SKAVYDIF</Nm></Cdtr><CdtrAcct><Id><PrtryAcct><Id>23008200464973</Id></PrtryAcct></Id></CdtrAcct><Prtry><Tp>LEE LIMITED</Tp><Pty/></Prtry></RltdPties><RmtInf><Strd><AddtlRmtInf>NO REF</AddtlRmtInf></Strd><Strd><AddtlRmtInf>BUCHANAN J//LEE LIMITED</AddtlRmtInf></Strd></RmtInf><RltdDts><TxDtTm>2018-09-24T18:23:37</TxDtTm></RltdDts><AddtlTxInf>RP46799621397822001020180924826200026</AddtlTxInf></TxDtls><AddtlNtryInf>COMPLETE//0000//003//CREDIT</AddtlNtryInf></Ntry><Ntry><Amt Ccy="GBP">25.00</Amt><CdtDbtInd>CRDT</CdtDbtInd><Sts>BOOK</Sts><BookgDt><Dt>2018-09-24</Dt></BookgDt><BkTxCd><Prtry><Cd>SIP UKBA CR 40269</Cd></Prtry></BkTxCd><TxDtls><Refs><EndToEndId>NOREF</EndToEndId><TxId>500000000391467857</TxId></Refs><RltdPties><Dbtr><Nm>E Donker</Nm></Dbtr><DbtrAcct><Id><PrtryAcct><Id>30155364864460</Id></PrtryAcct></Id></DbtrAcct><Cdtr><Nm>JAME OLUSHA</Nm></Cdtr><CdtrAcct><Id><PrtryAcct><Id>23008200463580</Id></PrtryAcct></Id></CdtrAcct><Prtry><Tp>BIDEMI</Tp><Pty/></Prtry></RltdPties><RmtInf><Strd><AddtlRmtInf>NO REF</AddtlRmtInf></Strd><Strd><AddtlRmtInf>E Donker//BIDEMI</AddtlRmtInf></Strd></RmtInf><RltdDts><TxDtTm>2018-09-24T18:24:40</TxDtTm></RltdDts><AddtlTxInf>5000000003914678571020180924826301553</AddtlTxInf></TxDtls><AddtlNtryInf>COMPLETE//0000//003//CREDIT</AddtlNtryInf></Ntry><Ntry><Amt Ccy="GBP">180.00</Amt><CdtDbtInd>CRDT</CdtDbtInd><Sts>BOOK</Sts><BookgDt><Dt>2018-09-24</Dt></BookgDt><BkTxCd><Prtry><Cd>SIP UKBA CR 40269</Cd></Prtry></BkTxCd><TxDtls><Refs><EndToEndId>NOREF</EndToEndId><TxId>100000000389811477</TxId></Refs><RltdPties><Dbtr><Nm>I Khan</Nm></Dbtr><DbtrAcct><Id><PrtryAcct><Id>30961817030568</Id></PrtryAcct></Id></DbtrAcct><Cdtr><Nm>NAT</Nm></Cdtr><CdtrAcct><Id><PrtryAcct><Id>23008200187243</Id></PrtryAcct></Id></CdtrAcct><Prtry><Tp>WAGES 17.9.18</Tp><Pty/></Prtry></RltdPties><RmtInf><Strd><AddtlRmtInf>NO REF</AddtlRmtInf></Strd><Strd><AddtlRmtInf>I Khan//WAGES 17.9.18</AddtlRmtInf></Strd></RmtInf><RltdDts><TxDtTm>2018-09-24T18:25:07</TxDtTm></RltdDts><AddtlTxInf>1000000003898114771020180924826309618</AddtlTxInf></TxDtls><AddtlNtryInf>COMPLETE//0000//003//CREDIT</AddtlNtryInf></Ntry><Ntry><Amt Ccy="GBP">100.00</Amt><CdtDbtInd>CRDT</CdtDbtInd><Sts>BOOK</Sts><BookgDt><Dt>2018-09-24</Dt></BookgDt><BkTxCd><Prtry><Cd>SIP UKBA CR 40269</Cd></Prtry></BkTxCd><TxDtls><Refs><EndToEndId>NOREF</EndToEndId><TxId>300000000395116764</TxId></Refs><RltdPties><Dbtr><Nm>L Wiggan</Nm></Dbtr><DbtrAcct><Id><PrtryAcct><Id>11086301717718</Id></PrtryAcct></Id></DbtrAcct><Cdtr><Nm>LORNAWIGGAN</Nm></Cdtr><CdtrAcct><Id><PrtryAcct><Id>23008200133361</Id></PrtryAcct></Id></CdtrAcct><Prtry><Tp>HOLIDAY SPENDS</Tp><Pty/></Prtry></RltdPties><RmtInf><Strd><AddtlRmtInf>NO REF</AddtlRmtInf></Strd><Strd><AddtlRmtInf>L Wiggan//HOLIDAY SPENDS</AddtlRmtInf></Strd></RmtInf><RltdDts><TxDtTm>2018-09-24T18:25:23</TxDtTm></RltdDts><AddtlTxInf>3000000003951167641020180924826110863</AddtlTxInf></TxDtls><AddtlNtryInf>COMPLETE//0000//003//CREDIT</AddtlNtryInf></Ntry><Ntry><Amt Ccy="GBP">21.00</Amt><CdtDbtInd>CRDT</CdtDbtInd><Sts>BOOK</Sts><BookgDt><Dt>2018-09-24</Dt></BookgDt><BkTxCd><Prtry><Cd>SIP UKBA CR 40269</Cd></Prtry></BkTxCd><TxDtls><Refs><EndToEndId>NOREF</EndToEndId><TxId>500000000391468182</TxId></Refs><RltdPties><Dbtr><Nm>E Donker</Nm></Dbtr><DbtrAcct><Id><PrtryAcct><Id>30155364864460</Id></PrtryAcct></Id></DbtrAcct><Cdtr><Nm>GINA OGINSANWO</Nm></Cdtr><CdtrAcct><Id><PrtryAcct><Id>23008200464611</Id></PrtryAcct></Id></CdtrAcct><Prtry><Tp>PURSE</Tp><Pty/></Prtry></RltdPties><RmtInf><Strd><AddtlRmtInf>NO REF</AddtlRmtInf></Strd><Strd><AddtlRmtInf>E Donker//PURSE</AddtlRmtInf></Strd></RmtInf><RltdDts><TxDtTm>2018-09-24T18:26:03</TxDtTm></RltdDts><AddtlTxInf>5000000003914681821020180924826301553</AddtlTxInf></TxDtls><AddtlNtryInf>COMPLETE//0000//003//CREDIT</AddtlNtryInf></Ntry><Ntry><Amt Ccy="GBP">110.00</Amt><CdtDbtInd>CRDT</CdtDbtInd><Sts>BOOK</Sts><BookgDt><Dt>2018-09-24</Dt></BookgDt><BkTxCd><Prtry><Cd>SIP UKBA CR 40269</Cd></Prtry></BkTxCd><TxDtls><Refs><EndToEndId>NOREF</EndToEndId><TxId>400000000396267676</TxId></Refs><RltdPties><Dbtr><Nm>T Ward</Nm></Dbtr><DbtrAcct><Id><PrtryAcct><Id>77070736695068</Id></PrtryAcct></Id></DbtrAcct><Cdtr><Nm>D JONES</Nm></Cdtr><CdtrAcct><Id><PrtryAcct><Id>23008200464494</Id></PrtryAcct></Id></CdtrAcct><Prtry><Tp>TYLER WARD</Tp><Pty/></Prtry></RltdPties><RmtInf><Strd><AddtlRmtInf>NO REF</AddtlRmtInf></Strd><Strd><AddtlRmtInf>T Ward//TYLER WARD</AddtlRmtInf></Strd></RmtInf><RltdDts><TxDtTm>2018-09-24T18:27:59</TxDtTm></RltdDts><AddtlTxInf>4000000003962676761020180924826770707</AddtlTxInf></TxDtls><AddtlNtryInf>COMPLETE//0000//003//CREDIT</AddtlNtryInf></Ntry></Ntfctn></BkToCstmrDbtCdtNtfctnV01></Document>