<?xml version="1.0" encoding="UTF-8"?><Document xmlns:xsi="http://www.w3.org/2001/XMLSchema-instance" xmlns="urn:iso:std:iso:20022:tech:xsd:camt.054.001.01"><BkToCstmrDbtCdtNtfctnV01><GrpHdr><MsgId>80309K//12400</MsgId><CreDtTm>2018-09-04T08:30:00</CreDtTm></GrpHdr><Ntfctn><Id>80309K//12400//1</Id><CreDtTm>2018-09-04T08:30:00</CreDtTm><Acct><Id><PrtryAcct><Id>20594233939774</Id></PrtryAcct></Id><Ccy>GBP</Ccy></Acct><TxsSummry><TtlNtries><NbOfNtries>10</NbOfNtries><Sum>2369.51</Sum></TtlNtries><TtlCdtNtries><NbOfNtries>10</NbOfNtries><Sum>2369.51</Sum></TtlCdtNtries><TtlDbtNtries><NbOfNtries>0</NbOfNtries><Sum>0.00</Sum></TtlDbtNtries></TxsSummry><Ntry><Amt Ccy="GBP">300.00</Amt><CdtDbtInd>CRDT</CdtDbtInd><Sts>BOOK</Sts><BookgDt><Dt>2018-09-04</Dt></BookgDt><BkTxCd><Prtry><Cd>SIP UKBA CR 40269</Cd></Prtry></BkTxCd><TxDtls><Refs><EndToEndId>3110014231 Kerchin</EndToEndId><TxId>780306377000</TxId></Refs><RltdPties><DbtrAcct><Id><PrtryAcct><Id>18500818405549</Id></PrtryAcct></Id></DbtrAcct><Cdtr><Nm>Harrison Edwards</Nm></Cdtr><CdtrAcct><Id><PrtryAcct><Id>23008200315208</Id></PrtryAcct></Id></CdtrAcct><Prtry><Tp>3110014231 Kerchin</Tp><Pty/></Prtry></RltdPties><RmtInf><Strd><RfrdDocInf><RfrdDocTp><Prtry>002</Prtry></RfrdDocTp></RfrdDocInf><AddtlRmtInf>3110014231 Kerching</AddtlRmtInf></Strd><Strd><AddtlRmtInf>185008 18405549//3110014231 Kerchin</AddtlRmtInf></Strd></RmtInf><RltdDts><TxDtTm>2018-09-04T08:00:15</TxDtTm></RltdDts><AddtlTxInf>780306377000      1020180904826185008</AddtlTxInf></TxDtls><AddtlNtryInf>COMPLETE//0000//001//CREDIT</AddtlNtryInf></Ntry><Ntry><Amt Ccy="GBP">22.00</Amt><CdtDbtInd>CRDT</CdtDbtInd><Sts>BOOK</Sts><BookgDt><Dt>2018-09-04</Dt></BookgDt><BkTxCd><Prtry><Cd>SIP UKBA CR 40269</Cd></Prtry></BkTxCd><TxDtls><Refs><EndToEndId>NOREF</EndToEndId><TxId>46489791208047F6SW</TxId><Prtry><Tp>STO REF</Tp><Ref>0000</Ref></Prtry></Refs><RltdPties><Dbtr><Nm>MR SHANE MCCARTNEY</Nm><PstlAdr><AdrLine>243 MORLAND ROAD;SHEFFIELD;UNITED;</AdrLine><AdrLine>KINGDOM S14 1TH</AdrLine><Ctry/></PstlAdr></Dbtr><DbtrAcct><Id><PrtryAcct><Id>40642010990558</Id></PrtryAcct></Id></DbtrAcct><Cdtr><Nm>MR SHANE MCCARTNEY</Nm></Cdtr><CdtrAcct><Id><PrtryAcct><Id>23008200187227</Id></PrtryAcct></Id></CdtrAcct></RltdPties><RmtInf><Strd><AddtlRmtInf>NO REF</AddtlRmtInf></Strd><Strd><AddtlRmtInf>MR SHANE MCCARTNEY//</AddtlRmtInf></Strd></RmtInf><RltdDts><TxDtTm>2018-09-04T08:02:22</TxDtTm></RltdDts><AddtlTxInf>46489791208047F6SW1020180904826400250</AddtlTxInf></TxDtls><AddtlNtryInf>COMPLETE//0000//001//CREDIT</AddtlNtryInf></Ntry><Ntry><Amt Ccy="GBP">270.00</Amt><CdtDbtInd>CRDT</CdtDbtInd><Sts>BOOK</Sts><BookgDt><Dt>2018-09-04</Dt></BookgDt><BkTxCd><Prtry><Cd>SIP UKBA CR 40269</Cd></Prtry></BkTxCd><TxDtls><Refs><EndToEndId>NOREF</EndToEndId><TxId>450178049080409001</TxId><Prtry><Tp>STO REF</Tp><Ref>0000</Ref></Prtry></Refs><RltdPties><Dbtr><Nm>BUCKLEY SP</Nm></Dbtr><DbtrAcct><Id><PrtryAcct><Id>40421571363530</Id></PrtryAcct></Id></DbtrAcct><Cdtr><Nm>Mr Andrew Perring</Nm></Cdtr><CdtrAcct><Id><PrtryAcct><Id>23008200135301</Id></PrtryAcct></Id></CdtrAcct><Prtry><Tp>Back on track</Tp><Pty/></Prtry></RltdPties><RmtInf><Strd><AddtlRmtInf>NO REF</AddtlRmtInf></Strd><Strd><AddtlRmtInf>BUCKLEY SP//Back on track</AddtlRmtInf></Strd></RmtInf><RltdDts><TxDtTm>2018-09-04T08:09:41</TxDtTm></RltdDts><AddtlTxInf>4501780490804090011020180904826404215</AddtlTxInf></TxDtls><AddtlNtryInf>COMPLETE//0000//001//CREDIT</AddtlNtryInf></Ntry><Ntry><Amt Ccy="GBP">105.00</Amt><CdtDbtInd>CRDT</CdtDbtInd><Sts>BOOK</Sts><BookgDt><Dt>2018-09-04</Dt></BookgDt><BkTxCd><Prtry><Cd>SIP UKBA CR 40269</Cd></Prtry></BkTxCd><TxDtls><Refs><EndToEndId>ANTHONY</EndToEndId><TxId>06080957118297000N</TxId><Prtry><Tp>STO REF</Tp><Ref>0000</Ref></Prtry></Refs><RltdPties><Dbtr><Nm>ISIWELE A</Nm></Dbtr><DbtrAcct><Id><PrtryAcct><Id>60033681133030</Id></PrtryAcct></Id></DbtrAcct><Cdtr><Nm>CLASSIC DIFFERENCES</Nm></Cdtr><CdtrAcct><Id><PrtryAcct><Id>23008200042452</Id></PrtryAcct></Id></CdtrAcct><Prtry><Tp>ANTHONY</Tp><Pty/></Prtry></RltdPties><RmtInf><Strd><AddtlRmtInf>ISIWELE A         ANTHONY           VIA MOBILE - PYMT</AddtlRmtInf></Strd><Strd><AddtlRmtInf>ISIWELE A//ANTHONY</AddtlRmtInf></Strd></RmtInf><RltdDts><TxDtTm>2018-09-04T08:09:57</TxDtTm></RltdDts><AddtlTxInf>06080957118297000N1020180904826600336</AddtlTxInf></TxDtls><AddtlNtryInf>COMPLETE//0000//001//CREDIT</AddtlNtryInf></Ntry><Ntry><Amt Ccy="GBP">0.01</Amt><CdtDbtInd>CRDT</CdtDbtInd><Sts>BOOK</Sts><BookgDt><Dt>2018-09-04</Dt></BookgDt><BkTxCd><Prtry><Cd>SIP UKBA CR 40269</Cd></Prtry></BkTxCd><TxDtls><Refs><EndToEndId>PPRD00000000AKMIC4</EndToEndId><TxId>PPRD00000000AKMIC4</TxId></Refs><RltdPties><Dbtr><Nm>PAYPAL CODE 6625</Nm><PstlAdr><AdrLine>2211 N 1st Street San Jose CA 95131</AdrLine><Ctry/></PstlAdr></Dbtr><DbtrAcct><Id><PrtryAcct><Id>23526285010101</Id></PrtryAcct></Id></DbtrAcct><Cdtr><Nm>STUART CARNEGIE</Nm><PstlAdr><AdrLine>3 Stirling Court</AdrLine><Ctry/></PstlAdr></Cdtr><CdtrAcct><Id><PrtryAcct><Id>23008200429425</Id></PrtryAcct></Id></CdtrAcct><Prtry><Tp>PAYPAL CODE 6625</Tp><Pty/></Prtry></RltdPties><RmtInf><Strd><RfrdDocInf><RfrdDocTp><Prtry>002</Prtry></RfrdDocTp></RfrdDocInf><AddtlRmtInf>NO REF</AddtlRmtInf></Strd><Strd><AddtlRmtInf>PAYPAL CODE 6625//PAYPAL CODE 6625</AddtlRmtInf></Strd></RmtInf><RltdDts><TxDtTm>2018-09-04T08:18:05</TxDtTm></RltdDts><AddtlTxInf>PPRD00000000AKMIC41020180904826235262</AddtlTxInf></TxDtls><AddtlNtryInf>COMPLETE//0000//001//CREDIT</AddtlNtryInf></Ntry><Ntry><Amt Ccy="GBP">7.50</Amt><CdtDbtInd>CRDT</CdtDbtInd><Sts>BOOK</Sts><BookgDt><Dt>2018-09-04</Dt></BookgDt><BkTxCd><Prtry><Cd>SIP UKBA CR 40269</Cd></Prtry></BkTxCd><TxDtls><Refs><EndToEndId>NOREF</EndToEndId><TxId>62082004249840000N</TxId><Prtry><Tp>STO REF</Tp><Ref>0000</Ref></Prtry></Refs><RltdPties><Dbtr><Nm>DANIEL KASPROWICZ</Nm><PstlAdr><AdrLine>APS COTTONS CENTRE SE1 2QG</AdrLine><Ctry/></PstlAdr></Dbtr><DbtrAcct><Id><PrtryAcct><Id>08719905428667</Id></PrtryAcct></Id></DbtrAcct><Cdtr><Nm>SANTYNA KASPROWICZ</Nm></Cdtr><CdtrAcct><Id><PrtryAcct><Id>23008200143786</Id></PrtryAcct></Id></CdtrAcct><Prtry><Tp>LOWE TUKE</Tp><Pty/></Prtry></RltdPties><RmtInf><Strd><AddtlRmtInf>LOWE TUKE</AddtlRmtInf></Strd><Strd><AddtlRmtInf>DANIEL KASPROWICZ//LOWE TUKE</AddtlRmtInf></Strd></RmtInf><RltdDts><TxDtTm>2018-09-04T08:20:04</TxDtTm></RltdDts><AddtlTxInf>62082004249840000N1020180904826087199</AddtlTxInf></TxDtls><AddtlNtryInf>COMPLETE//0000//001//CREDIT</AddtlNtryInf></Ntry><Ntry><Amt Ccy="GBP">50.00</Amt><CdtDbtInd>CRDT</CdtDbtInd><Sts>BOOK</Sts><BookgDt><Dt>2018-09-04</Dt></BookgDt><BkTxCd><Prtry><Cd>SIP UKBA CR 40269</Cd></Prtry></BkTxCd><TxDtls><Refs><EndToEndId>NOREF</EndToEndId><TxId>44082009749191000N</TxId><Prtry><Tp>STO REF</Tp><Ref>0000</Ref></Prtry></Refs><RltdPties><Dbtr><Nm>DANIEL KASPROWICZ</Nm><PstlAdr><AdrLine>APS COTTONS CENTRE SE1 2QG</AdrLine><Ctry/></PstlAdr></Dbtr><DbtrAcct><Id><PrtryAcct><Id>08719905428667</Id></PrtryAcct></Id></DbtrAcct><Cdtr><Nm>SANTYNA KASPROWICZ</Nm></Cdtr><CdtrAcct><Id><PrtryAcct><Id>23008200143786</Id></PrtryAcct></Id></CdtrAcct><Prtry><Tp>LOWE TUKE</Tp><Pty/></Prtry></RltdPties><RmtInf><Strd><AddtlRmtInf>LOWE TUKE</AddtlRmtInf></Strd><Strd><AddtlRmtInf>DANIEL KASPROWICZ//LOWE TUKE</AddtlRmtInf></Strd></RmtInf><RltdDts><TxDtTm>2018-09-04T08:20:10</TxDtTm></RltdDts><AddtlTxInf>44082009749191000N1020180904826087199</AddtlTxInf></TxDtls><AddtlNtryInf>COMPLETE//0000//001//CREDIT</AddtlNtryInf></Ntry><Ntry><Amt Ccy="GBP">5.00</Amt><CdtDbtInd>CRDT</CdtDbtInd><Sts>BOOK</Sts><BookgDt><Dt>2018-09-04</Dt></BookgDt><BkTxCd><Prtry><Cd>SIP UKBA CR 40269</Cd></Prtry></BkTxCd><TxDtls><Refs><EndToEndId>NOREF</EndToEndId><TxId>08082013688582000N</TxId><Prtry><Tp>STO REF</Tp><Ref>0000</Ref></Prtry></Refs><RltdPties><Dbtr><Nm>DANIEL KASPROWICZ</Nm><PstlAdr><AdrLine>APS COTTONS CENTRE SE1 2QG</AdrLine><Ctry/></PstlAdr></Dbtr><DbtrAcct><Id><PrtryAcct><Id>08719905428667</Id></PrtryAcct></Id></DbtrAcct><Cdtr><Nm>SANTYNA KASPROWICZ</Nm></Cdtr><CdtrAcct><Id><PrtryAcct><Id>23008200143786</Id></PrtryAcct></Id></CdtrAcct><Prtry><Tp>LOWE TUKE</Tp><Pty/></Prtry></RltdPties><RmtInf><Strd><AddtlRmtInf>LOWE TUKE</AddtlRmtInf></Strd><Strd><AddtlRmtInf>DANIEL KASPROWICZ//LOWE TUKE</AddtlRmtInf></Strd></RmtInf><RltdDts><TxDtTm>2018-09-04T08:20:14</TxDtTm></RltdDts><AddtlTxInf>08082013688582000N1020180904826087199</AddtlTxInf></TxDtls><AddtlNtryInf>COMPLETE//0000//001//CREDIT</AddtlNtryInf></Ntry><Ntry><Amt Ccy="GBP">1600.00</Amt><CdtDbtInd>CRDT</CdtDbtInd><Sts>BOOK</Sts><BookgDt><Dt>2018-09-04</Dt></BookgDt><BkTxCd><Prtry><Cd>SIP UKBA CR 40269</Cd></Prtry></BkTxCd><TxDtls><Refs><EndToEndId>NOREF</EndToEndId><TxId>37082018149721000N</TxId><Prtry><Tp>STO REF</Tp><Ref>0000</Ref></Prtry></Refs><RltdPties><Dbtr><Nm>KELVIN NJOH</Nm><PstlAdr><AdrLine>APS COTTONS CENTRE SE1 2QG</AdrLine><Ctry/></PstlAdr></Dbtr><DbtrAcct><Id><PrtryAcct><Id>08719992937455</Id></PrtryAcct></Id></DbtrAcct><Cdtr><Nm>MR OMA ILEMBE</Nm></Cdtr><CdtrAcct><Id><PrtryAcct><Id>23008200093763</Id></PrtryAcct></Id></CdtrAcct><Prtry><Tp>KELVIN</Tp><Pty/></Prtry></RltdPties><RmtInf><Strd><AddtlRmtInf>KELVIN</AddtlRmtInf></Strd><Strd><AddtlRmtInf>KELVIN NJOH//KELVIN</AddtlRmtInf></Strd></RmtInf><RltdDts><TxDtTm>2018-09-04T08:20:18</TxDtTm></RltdDts><AddtlTxInf>37082018149721000N1020180904826087199</AddtlTxInf></TxDtls><AddtlNtryInf>COMPLETE//0000//001//CREDIT</AddtlNtryInf></Ntry><Ntry><Amt Ccy="GBP">10.00</Amt><CdtDbtInd>CRDT</CdtDbtInd><Sts>BOOK</Sts><BookgDt><Dt>2018-09-04</Dt></BookgDt><BkTxCd><Prtry><Cd>SIP UKBA CR 40269</Cd></Prtry></BkTxCd><TxDtls><Refs><EndToEndId>NOREF</EndToEndId><TxId>RP4679960543809000</TxId></Refs><RltdPties><Dbtr><Nm>WHITE CHRISTOPHE</Nm></Dbtr><DbtrAcct><Id><PrtryAcct><Id>20709483520781</Id></PrtryAcct></Id></DbtrAcct><Cdtr><Nm>CHRISTOPHER WHITE</Nm></Cdtr><CdtrAcct><Id><PrtryAcct><Id>23008200292739</Id></PrtryAcct></Id></CdtrAcct><Prtry><Tp>MONEY</Tp><Pty/></Prtry></RltdPties><RmtInf><Strd><AddtlRmtInf>NO REF</AddtlRmtInf></Strd><Strd><AddtlRmtInf>WHITE CHRISTOPHE//MONEY</AddtlRmtInf></Strd></RmtInf><RltdDts><TxDtTm>2018-09-04T08:23:10</TxDtTm></RltdDts><AddtlTxInf>RP46799605438090001020180904826200026</AddtlTxInf></TxDtls><AddtlNtryInf>COMPLETE//0000//001//CREDIT</AddtlNtryInf></Ntry></Ntfctn></BkToCstmrDbtCdtNtfctnV01></Document>