<?xml version="1.0" encoding="UTF-8"?><Document xmlns:xsi="http://www.w3.org/2001/XMLSchema-instance" xmlns="urn:iso:std:iso:20022:tech:xsd:camt.054.001.01"><BkToCstmrDbtCdtNtfctnV01><GrpHdr><MsgId>80309K//13054</MsgId><CreDtTm>2018-09-19T13:30:00</CreDtTm></GrpHdr><Ntfctn><Id>80309K//13054//1</Id><CreDtTm>2018-09-19T13:30:00</CreDtTm><Acct><Id><PrtryAcct><Id>20594233939774</Id></PrtryAcct></Id><Ccy>GBP</Ccy></Acct><TxsSummry><TtlNtries><NbOfNtries>14</NbOfNtries><Sum>4225.02</Sum></TtlNtries><TtlCdtNtries><NbOfNtries>14</NbOfNtries><Sum>4225.02</Sum></TtlCdtNtries><TtlDbtNtries><NbOfNtries>0</NbOfNtries><Sum>0.00</Sum></TtlDbtNtries></TxsSummry><Ntry><Amt Ccy="GBP">635.50</Amt><CdtDbtInd>CRDT</CdtDbtInd><Sts>BOOK</Sts><BookgDt><Dt>2018-09-19</Dt></BookgDt><BkTxCd><Prtry><Cd>SIP UKBA CR 40269</Cd></Prtry></BkTxCd><TxDtls><Refs><EndToEndId>NOREF</EndToEndId><TxId>RP4659984860629600</TxId></Refs><RltdPties><Dbtr><Nm>FEED BEL LTD SW</Nm></Dbtr><DbtrAcct><Id><PrtryAcct><Id>20466553010090</Id></PrtryAcct></Id></DbtrAcct><Cdtr><Nm>4INLOVE PAYPAL</Nm></Cdtr><CdtrAcct><Id><PrtryAcct><Id>23008200151026</Id></PrtryAcct></Id></CdtrAcct><Prtry><Tp>FEEDBELLY140536</Tp><Pty/></Prtry></RltdPties><RmtInf><Strd><AddtlRmtInf>NO REF</AddtlRmtInf></Strd><Strd><AddtlRmtInf>FEED BEL LTD SW//FEEDBELLY140536</AddtlRmtInf></Strd></RmtInf><RltdDts><TxDtTm>2018-09-19T13:01:26</TxDtTm></RltdDts><AddtlTxInf>RP46599848606296001020180919826200026</AddtlTxInf></TxDtls><AddtlNtryInf>COMPLETE//0000//002//CREDIT</AddtlNtryInf></Ntry><Ntry><Amt Ccy="GBP">520.00</Amt><CdtDbtInd>CRDT</CdtDbtInd><Sts>BOOK</Sts><BookgDt><Dt>2018-09-19</Dt></BookgDt><BkTxCd><Prtry><Cd>SIP UKBA CR 40269</Cd></Prtry></BkTxCd><TxDtls><Refs><EndToEndId>00151012632BBKBNSV</EndToEndId><TxId>00151012632BBKBNSV</TxId></Refs><RltdPties><Dbtr><Nm>PEACE OLANIYAN</Nm></Dbtr><DbtrAcct><Id><PrtryAcct><Id>09012828799604</Id></PrtryAcct></Id></DbtrAcct><Cdtr><Nm>Fly Africa T ltd</Nm></Cdtr><CdtrAcct><Id><PrtryAcct><Id>23008200344419</Id></PrtryAcct></Id></CdtrAcct><Prtry><Tp>FA 1020 peace</Tp><Pty/></Prtry></RltdPties><RmtInf><Strd><AddtlRmtInf>NO REF</AddtlRmtInf></Strd><Strd><AddtlRmtInf>PEACE OLANIYAN//FA 1020 peace</AddtlRmtInf></Strd></RmtInf><RltdDts><TxDtTm>2018-09-19T13:01:42</TxDtTm></RltdDts><AddtlTxInf>00151012632BBKBNSV1020180919826090128</AddtlTxInf></TxDtls><AddtlNtryInf>COMPLETE//0000//002//CREDIT</AddtlNtryInf></Ntry><Ntry><Amt Ccy="GBP">1280.00</Amt><CdtDbtInd>CRDT</CdtDbtInd><Sts>BOOK</Sts><BookgDt><Dt>2018-09-19</Dt></BookgDt><BkTxCd><Prtry><Cd>SIP UKBA CR 40269</Cd></Prtry></BkTxCd><TxDtls><Refs><EndToEndId>NOREF</EndToEndId><TxId>100000000388347481</TxId></Refs><RltdPties><Dbtr><Nm>Security and Event</Nm></Dbtr><DbtrAcct><Id><PrtryAcct><Id>30844141337568</Id></PrtryAcct></Id></DbtrAcct><Cdtr><Nm>GUARDIAN TRAINING</Nm></Cdtr><CdtrAcct><Id><PrtryAcct><Id>23008200105564</Id></PrtryAcct></Id></CdtrAcct><Prtry><Tp>DS/BU/001</Tp><Pty/></Prtry></RltdPties><RmtInf><Strd><AddtlRmtInf>NO REF</AddtlRmtInf></Strd><Strd><AddtlRmtInf>Security and Event//DS/BU/001</AddtlRmtInf></Strd></RmtInf><RltdDts><TxDtTm>2018-09-19T13:04:34</TxDtTm></RltdDts><AddtlTxInf>1000000003883474811020180919826308441</AddtlTxInf></TxDtls><AddtlNtryInf>COMPLETE//0000//002//CREDIT</AddtlNtryInf></Ntry><Ntry><Amt Ccy="GBP">4.00</Amt><CdtDbtInd>CRDT</CdtDbtInd><Sts>BOOK</Sts><BookgDt><Dt>2018-09-19</Dt></BookgDt><BkTxCd><Prtry><Cd>SIP UKBA CR 40269</Cd></Prtry></BkTxCd><TxDtls><Refs><EndToEndId>PPWD00000000AOIYLK</EndToEndId><TxId>PPWD00000000AOIYLK</TxId></Refs><RltdPties><Dbtr><Nm>PayPal</Nm><PstlAdr><AdrLine>2211 N 1st Street San Jose CA 95131</AdrLine><Ctry/></PstlAdr></Dbtr><DbtrAcct><Id><PrtryAcct><Id>23526278959595</Id></PrtryAcct></Id></DbtrAcct><Cdtr><Nm>Patrick Doyle</Nm><PstlAdr><AdrLine>20 Hill Street</AdrLine><Ctry/></PstlAdr></Cdtr><CdtrAcct><Id><PrtryAcct><Id>23008200402195</Id></PrtryAcct></Id></CdtrAcct><Prtry><Tp>PPWDL4BFJ2AL7L5CXA</Tp><Pty/></Prtry></RltdPties><RmtInf><Strd><RfrdDocInf><RfrdDocTp><Prtry>002</Prtry></RfrdDocTp></RfrdDocInf><AddtlRmtInf>NO REF</AddtlRmtInf></Strd><Strd><AddtlRmtInf>PayPal//PPWDL4BFJ2AL7L5CXA</AddtlRmtInf></Strd></RmtInf><RltdDts><TxDtTm>2018-09-19T13:06:44</TxDtTm></RltdDts><AddtlTxInf>PPWD00000000AOIYLK1020180919826235262</AddtlTxInf></TxDtls><AddtlNtryInf>COMPLETE//0000//002//CREDIT</AddtlNtryInf></Ntry><Ntry><Amt Ccy="GBP">340.00</Amt><CdtDbtInd>CRDT</CdtDbtInd><Sts>BOOK</Sts><BookgDt><Dt>2018-09-19</Dt></BookgDt><BkTxCd><Prtry><Cd>SIP UKBA CR 40269</Cd></Prtry></BkTxCd><TxDtls><Refs><EndToEndId>00150461632BBFGGBV</EndToEndId><TxId>00150461632BBFGGBV</TxId></Refs><RltdPties><Dbtr><Nm>PARAMOUNT PLATFORMS LTD</Nm></Dbtr><DbtrAcct><Id><PrtryAcct><Id>09022210368222</Id></PrtryAcct></Id></DbtrAcct><Cdtr><Nm>Jamie Wallace</Nm></Cdtr><CdtrAcct><Id><PrtryAcct><Id>23008200315208</Id></PrtryAcct></Id></CdtrAcct><Prtry><Tp>Bill</Tp><Pty/></Prtry></RltdPties><RmtInf><Strd><AddtlRmtInf>Bill</AddtlRmtInf></Strd><Strd><AddtlRmtInf>PARAMOUNT PLATFORM//Bill</AddtlRmtInf></Strd></RmtInf><RltdDts><TxDtTm>2018-09-19T13:09:55</TxDtTm></RltdDts><AddtlTxInf>00150461632BBFGGBV1020180919826090222</AddtlTxInf></TxDtls><AddtlNtryInf>COMPLETE//0000//002//CREDIT</AddtlNtryInf></Ntry><Ntry><Amt Ccy="GBP">0.01</Amt><CdtDbtInd>CRDT</CdtDbtInd><Sts>BOOK</Sts><BookgDt><Dt>2018-09-19</Dt></BookgDt><BkTxCd><Prtry><Cd>SIP UKBA CR 40269</Cd></Prtry></BkTxCd><TxDtls><Refs><EndToEndId>PPRD00000000AOIZQC</EndToEndId><TxId>PPRD00000000AOIZQC</TxId></Refs><RltdPties><Dbtr><Nm>PAYPAL CODE 4623</Nm><PstlAdr><AdrLine>2211 N 1st Street San Jose CA 95131</AdrLine><Ctry/></PstlAdr></Dbtr><DbtrAcct><Id><PrtryAcct><Id>23526285010101</Id></PrtryAcct></Id></DbtrAcct><Cdtr><Nm>Kevin Roddy</Nm><PstlAdr><AdrLine>4 Lynne Close</AdrLine><Ctry/></PstlAdr></Cdtr><CdtrAcct><Id><PrtryAcct><Id>23008200454233</Id></PrtryAcct></Id></CdtrAcct><Prtry><Tp>PAYPAL CODE 4623</Tp><Pty/></Prtry></RltdPties><RmtInf><Strd><RfrdDocInf><RfrdDocTp><Prtry>002</Prtry></RfrdDocTp></RfrdDocInf><AddtlRmtInf>NO REF</AddtlRmtInf></Strd><Strd><AddtlRmtInf>PAYPAL CODE 4623//PAYPAL CODE 4623</AddtlRmtInf></Strd></RmtInf><RltdDts><TxDtTm>2018-09-19T13:09:59</TxDtTm></RltdDts><AddtlTxInf>PPRD00000000AOIZQC1020180919826235262</AddtlTxInf></TxDtls><AddtlNtryInf>COMPLETE//0000//002//CREDIT</AddtlNtryInf></Ntry><Ntry><Amt Ccy="GBP">5.00</Amt><CdtDbtInd>CRDT</CdtDbtInd><Sts>BOOK</Sts><BookgDt><Dt>2018-09-19</Dt></BookgDt><BkTxCd><Prtry><Cd>SIP UKBA CR 40269</Cd></Prtry></BkTxCd><TxDtls><Refs><EndToEndId>NOREF</EndToEndId><TxId>200000000388341214</TxId></Refs><RltdPties><Dbtr><Nm>M Bolger</Nm></Dbtr><DbtrAcct><Id><PrtryAcct><Id>30989161064668</Id></PrtryAcct></Id></DbtrAcct><Cdtr><Nm>TADHG POWER</Nm></Cdtr><CdtrAcct><Id><PrtryAcct><Id>23008200293606</Id></PrtryAcct></Id></CdtrAcct><Prtry><Tp>LOAN</Tp><Pty/></Prtry></RltdPties><RmtInf><Strd><AddtlRmtInf>NO REF</AddtlRmtInf></Strd><Strd><AddtlRmtInf>M Bolger//LOAN</AddtlRmtInf></Strd></RmtInf><RltdDts><TxDtTm>2018-09-19T13:11:41</TxDtTm></RltdDts><AddtlTxInf>2000000003883412141020180919826309891</AddtlTxInf></TxDtls><AddtlNtryInf>COMPLETE//0000//002//CREDIT</AddtlNtryInf></Ntry><Ntry><Amt Ccy="GBP">61.50</Amt><CdtDbtInd>CRDT</CdtDbtInd><Sts>BOOK</Sts><BookgDt><Dt>2018-09-19</Dt></BookgDt><BkTxCd><Prtry><Cd>SIP UKBA CR 40269</Cd></Prtry></BkTxCd><TxDtls><Refs><EndToEndId>BILLS</EndToEndId><TxId>59131639637098000N</TxId><Prtry><Tp>STO REF</Tp><Ref>0000</Ref></Prtry></Refs><RltdPties><Dbtr><Nm>MORRISON G &amp; L</Nm></Dbtr><DbtrAcct><Id><PrtryAcct><Id>01095460680067</Id></PrtryAcct></Id></DbtrAcct><Cdtr><Nm>ARRO BILL CARD</Nm></Cdtr><CdtrAcct><Id><PrtryAcct><Id>23008200181249</Id></PrtryAcct></Id></CdtrAcct><Prtry><Tp>BILLS</Tp><Pty/></Prtry></RltdPties><RmtInf><Strd><AddtlRmtInf>MORRISON G &amp; L    BILLS             VIA MOBILE - LVP</AddtlRmtInf></Strd><Strd><AddtlRmtInf>MORRISON G &amp; L//BILLS</AddtlRmtInf></Strd></RmtInf><RltdDts><TxDtTm>2018-09-19T13:16:40</TxDtTm></RltdDts><AddtlTxInf>59131639637098000N1020180919826010954</AddtlTxInf></TxDtls><AddtlNtryInf>COMPLETE//0000//002//CREDIT</AddtlNtryInf></Ntry><Ntry><Amt Ccy="GBP">0.01</Amt><CdtDbtInd>CRDT</CdtDbtInd><Sts>BOOK</Sts><BookgDt><Dt>2018-09-19</Dt></BookgDt><BkTxCd><Prtry><Cd>SIP UKBA CR 40269</Cd></Prtry></BkTxCd><TxDtls><Refs><EndToEndId>PPRD00000000AOJ2ZG</EndToEndId><TxId>PPRD00000000AOJ2ZG</TxId></Refs><RltdPties><Dbtr><Nm>PAYPAL CODE 3830</Nm><PstlAdr><AdrLine>2211 N 1st Street San Jose CA 95131</AdrLine><Ctry/></PstlAdr></Dbtr><DbtrAcct><Id><PrtryAcct><Id>23526285010101</Id></PrtryAcct></Id></DbtrAcct><Cdtr><Nm>Michael Lee</Nm><PstlAdr><AdrLine>3 Park Villas</AdrLine><Ctry/></PstlAdr></Cdtr><CdtrAcct><Id><PrtryAcct><Id>23008200402896</Id></PrtryAcct></Id></CdtrAcct><Prtry><Tp>PAYPAL CODE 3830</Tp><Pty/></Prtry></RltdPties><RmtInf><Strd><RfrdDocInf><RfrdDocTp><Prtry>002</Prtry></RfrdDocTp></RfrdDocInf><AddtlRmtInf>NO REF</AddtlRmtInf></Strd><Strd><AddtlRmtInf>PAYPAL CODE 3830//PAYPAL CODE 3830</AddtlRmtInf></Strd></RmtInf><RltdDts><TxDtTm>2018-09-19T13:19:28</TxDtTm></RltdDts><AddtlTxInf>PPRD00000000AOJ2ZG1020180919826235262</AddtlTxInf></TxDtls><AddtlNtryInf>COMPLETE//0000//002//CREDIT</AddtlNtryInf></Ntry><Ntry><Amt Ccy="GBP">65.00</Amt><CdtDbtInd>CRDT</CdtDbtInd><Sts>BOOK</Sts><BookgDt><Dt>2018-09-19</Dt></BookgDt><BkTxCd><Prtry><Cd>SIP UKBA CR 40269</Cd></Prtry></BkTxCd><TxDtls><Refs><EndToEndId>00153425632BWCMDDM</EndToEndId><TxId>00153425632BWCMDDM</TxId></Refs><RltdPties><Dbtr><Nm>JOHNSON ADEBAYO</Nm></Dbtr><DbtrAcct><Id><PrtryAcct><Id>09012904500872</Id></PrtryAcct></Id></DbtrAcct><Cdtr><Nm>TANNES SOLUTIONS</Nm></Cdtr><CdtrAcct><Id><PrtryAcct><Id>23008200220991</Id></PrtryAcct></Id></CdtrAcct><Prtry><Tp>Johnson Adebayo</Tp><Pty/></Prtry></RltdPties><RmtInf><Strd><AddtlRmtInf>NO REF</AddtlRmtInf></Strd><Strd><AddtlRmtInf>JOHNSON ADEBAYO//Johnson Adebayo</AddtlRmtInf></Strd></RmtInf><RltdDts><TxDtTm>2018-09-19T13:19:52</TxDtTm></RltdDts><AddtlTxInf>00153425632BWCMDDM1020180919826090129</AddtlTxInf></TxDtls><AddtlNtryInf>COMPLETE//0000//002//CREDIT</AddtlNtryInf></Ntry><Ntry><Amt Ccy="GBP">600.00</Amt><CdtDbtInd>CRDT</CdtDbtInd><Sts>BOOK</Sts><BookgDt><Dt>2018-09-19</Dt></BookgDt><BkTxCd><Prtry><Cd>SIP UKBA CR 40269</Cd></Prtry></BkTxCd><TxDtls><Refs><EndToEndId>NOREF</EndToEndId><TxId>RP4679961737624500</TxId></Refs><RltdPties><Dbtr><Nm>RAMASCANU G</Nm></Dbtr><DbtrAcct><Id><PrtryAcct><Id>20359093680789</Id></PrtryAcct></Id></DbtrAcct><Cdtr><Nm>GLOBE MOTORING</Nm></Cdtr><CdtrAcct><Id><PrtryAcct><Id>23008200454037</Id></PrtryAcct></Id></CdtrAcct><Prtry><Tp>31677119</Tp><Pty/></Prtry></RltdPties><RmtInf><Strd><AddtlRmtInf>NO REF</AddtlRmtInf></Strd><Strd><AddtlRmtInf>RAMASCANU G//31677119</AddtlRmtInf></Strd></RmtInf><RltdDts><TxDtTm>2018-09-19T13:22:31</TxDtTm></RltdDts><AddtlTxInf>RP46799617376245001020180919826200026</AddtlTxInf></TxDtls><AddtlNtryInf>COMPLETE//0000//002//CREDIT</AddtlNtryInf></Ntry><Ntry><Amt Ccy="GBP">200.00</Amt><CdtDbtInd>CRDT</CdtDbtInd><Sts>BOOK</Sts><BookgDt><Dt>2018-09-19</Dt></BookgDt><BkTxCd><Prtry><Cd>SIP UKBA CR 40269</Cd></Prtry></BkTxCd><TxDtls><Refs><EndToEndId>PPWD00000000AOJ3RW</EndToEndId><TxId>PPWD00000000AOJ3RW</TxId></Refs><RltdPties><Dbtr><Nm>PayPal</Nm><PstlAdr><AdrLine>2211 N 1st Street San Jose CA 95131</AdrLine><Ctry/></PstlAdr></Dbtr><DbtrAcct><Id><PrtryAcct><Id>23526278959595</Id></PrtryAcct></Id></DbtrAcct><Cdtr><Nm>Karen Hagen</Nm><PstlAdr><AdrLine>145 Bath Street</AdrLine><Ctry/></PstlAdr></Cdtr><CdtrAcct><Id><PrtryAcct><Id>23008200044651</Id></PrtryAcct></Id></CdtrAcct><Prtry><Tp>PPWDL4Z422AL4Z9GR8</Tp><Pty/></Prtry></RltdPties><RmtInf><Strd><RfrdDocInf><RfrdDocTp><Prtry>002</Prtry></RfrdDocTp></RfrdDocInf><AddtlRmtInf>NO REF</AddtlRmtInf></Strd><Strd><AddtlRmtInf>PayPal//PPWDL4Z422AL4Z9GR8</AddtlRmtInf></Strd></RmtInf><RltdDts><TxDtTm>2018-09-19T13:26:49</TxDtTm></RltdDts><AddtlTxInf>PPWD00000000AOJ3RW1020180919826235262</AddtlTxInf></TxDtls><AddtlNtryInf>COMPLETE//0000//002//CREDIT</AddtlNtryInf></Ntry><Ntry><Amt Ccy="GBP">364.00</Amt><CdtDbtInd>CRDT</CdtDbtInd><Sts>BOOK</Sts><BookgDt><Dt>2018-09-19</Dt></BookgDt><BkTxCd><Prtry><Cd>SIP UKBA CR 40269</Cd></Prtry></BkTxCd><TxDtls><Refs><EndToEndId>NOREF</EndToEndId><TxId>RP4679961738082900</TxId></Refs><RltdPties><Dbtr><Nm>KNAPPER B</Nm></Dbtr><DbtrAcct><Id><PrtryAcct><Id>20987460315850</Id></PrtryAcct></Id></DbtrAcct><Cdtr><Nm>JAMES PARKES</Nm></Cdtr><CdtrAcct><Id><PrtryAcct><Id>23008200349562</Id></PrtryAcct></Id></CdtrAcct><Prtry><Tp>KNAPPER</Tp><Pty/></Prtry></RltdPties><RmtInf><Strd><AddtlRmtInf>NO REF</AddtlRmtInf></Strd><Strd><AddtlRmtInf>KNAPPER B//KNAPPER</AddtlRmtInf></Strd></RmtInf><RltdDts><TxDtTm>2018-09-19T13:28:00</TxDtTm></RltdDts><AddtlTxInf>RP46799617380829001020180919826200026</AddtlTxInf></TxDtls><AddtlNtryInf>COMPLETE//0000//002//CREDIT</AddtlNtryInf></Ntry><Ntry><Amt Ccy="GBP">150.00</Amt><CdtDbtInd>CRDT</CdtDbtInd><Sts>BOOK</Sts><BookgDt><Dt>2018-09-19</Dt></BookgDt><BkTxCd><Prtry><Cd>SIP UKBA CR 40269</Cd></Prtry></BkTxCd><TxDtls><Refs><EndToEndId>00151999632BBDGTNN</EndToEndId><TxId>00151999632BBDGTNN</TxId></Refs><RltdPties><Dbtr><Nm>R16527290</Nm></Dbtr><DbtrAcct><Id><PrtryAcct><Id>09000000050005</Id></PrtryAcct></Id></DbtrAcct><Cdtr><Nm>MRS WARD</Nm></Cdtr><CdtrAcct><Id><PrtryAcct><Id>23008200337721</Id></PrtryAcct></Id></CdtrAcct><Prtry><Tp>mr mccann</Tp><Pty/></Prtry></RltdPties><RmtInf><Strd><AddtlRmtInf>NO REF</AddtlRmtInf></Strd><Strd><AddtlRmtInf>R16527290//mr mccann</AddtlRmtInf></Strd></RmtInf><RltdDts><TxDtTm>2018-09-19T13:29:09</TxDtTm></RltdDts><AddtlTxInf>00151999632BBDGTNN1020180919826090000</AddtlTxInf></TxDtls><AddtlNtryInf>COMPLETE//0000//002//CREDIT</AddtlNtryInf></Ntry></Ntfctn></BkToCstmrDbtCdtNtfctnV01></Document>