<?xml version="1.0" encoding="UTF-8"?><Document xmlns:xsi="http://www.w3.org/2001/XMLSchema-instance" xmlns="urn:iso:std:iso:20022:tech:xsd:camt.054.001.01"><BkToCstmrDbtCdtNtfctnV01><GrpHdr><MsgId>80309K//12956</MsgId><CreDtTm>2018-09-17T07:30:00</CreDtTm></GrpHdr><Ntfctn><Id>80309K//12956//1</Id><CreDtTm>2018-09-17T07:30:00</CreDtTm><Acct><Id><PrtryAcct><Id>20594233939774</Id></PrtryAcct></Id><Ccy>GBP</Ccy></Acct><TxsSummry><TtlNtries><NbOfNtries>9</NbOfNtries><Sum>539.00</Sum></TtlNtries><TtlCdtNtries><NbOfNtries>9</NbOfNtries><Sum>539.00</Sum></TtlCdtNtries><TtlDbtNtries><NbOfNtries>0</NbOfNtries><Sum>0.00</Sum></TtlDbtNtries></TxsSummry><Ntry><Amt Ccy="GBP">80.00</Amt><CdtDbtInd>CRDT</CdtDbtInd><Sts>BOOK</Sts><BookgDt><Dt>2018-09-17</Dt></BookgDt><BkTxCd><Prtry><Cd>SIP UKBA CR 40269</Cd></Prtry></BkTxCd><TxDtls><Refs><EndToEndId>00151171632BBHZWDR</EndToEndId><TxId>00151171632BBHZWDR</TxId></Refs><RltdPties><Dbtr><Nm>CEMILE KILINC-DOLLERY</Nm></Dbtr><DbtrAcct><Id><PrtryAcct><Id>09012703706945</Id></PrtryAcct></Id></DbtrAcct><Cdtr><Nm>BAEMMS LTD</Nm></Cdtr><CdtrAcct><Id><PrtryAcct><Id>23008200223303</Id></PrtryAcct></Id></CdtrAcct><Prtry><Tp>lisa jones</Tp><Pty/></Prtry></RltdPties><RmtInf><Strd><AddtlRmtInf>NO REF</AddtlRmtInf></Strd><Strd><AddtlRmtInf>CEMILE KILINC-DOLL//lisa jones</AddtlRmtInf></Strd></RmtInf><RltdDts><TxDtTm>2018-09-17T07:01:50</TxDtTm></RltdDts><AddtlTxInf>00151171632BBHZWDR1020180917826090127</AddtlTxInf></TxDtls><AddtlNtryInf>COMPLETE//0000//001//CREDIT</AddtlNtryInf></Ntry><Ntry><Amt Ccy="GBP">130.00</Amt><CdtDbtInd>CRDT</CdtDbtInd><Sts>BOOK</Sts><BookgDt><Dt>2018-09-17</Dt></BookgDt><BkTxCd><Prtry><Cd>DCA UKBA CR 40269</Cd></Prtry></BkTxCd><TxDtls><Refs><EndToEndId>NOREF</EndToEndId><TxId>000000013579934301</TxId><Prtry><Tp>STO REF</Tp><Ref>0000</Ref></Prtry></Refs><RltdPties><Dbtr><Nm>23327202803435</Nm></Dbtr><DbtrAcct><Id><PrtryAcct><Id>20594263428524</Id></PrtryAcct></Id></DbtrAcct><Cdtr><Nm>OLUFUNMILOLA ABIOL</Nm></Cdtr><CdtrAcct><Id><PrtryAcct><Id>23008200395349</Id></PrtryAcct></Id></CdtrAcct><Prtry><Tp>BILLS</Tp><Pty/></Prtry></RltdPties><RmtInf><Strd><AddtlRmtInf>NO REF</AddtlRmtInf></Strd><Strd><AddtlRmtInf>23327202803435//BILLS</AddtlRmtInf></Strd></RmtInf><RltdDts><TxDtTm>2018-09-17T07:16:37</TxDtTm></RltdDts><AddtlTxInf>0000000135799343015020180917826205942</AddtlTxInf></TxDtls><AddtlNtryInf>COMPLETE//0000//001//CREDIT</AddtlNtryInf></Ntry><Ntry><Amt Ccy="GBP">9.00</Amt><CdtDbtInd>CRDT</CdtDbtInd><Sts>BOOK</Sts><BookgDt><Dt>2018-09-17</Dt></BookgDt><BkTxCd><Prtry><Cd>DCA UKBA CR 40269</Cd></Prtry></BkTxCd><TxDtls><Refs><EndToEndId>NOREF</EndToEndId><TxId>000000013579934001</TxId><Prtry><Tp>STO REF</Tp><Ref>0000</Ref></Prtry></Refs><RltdPties><Dbtr><Nm>23327200076916</Nm></Dbtr><DbtrAcct><Id><PrtryAcct><Id>20594263428524</Id></PrtryAcct></Id></DbtrAcct><Cdtr><Nm>SAMUEL JOHNSON</Nm></Cdtr><CdtrAcct><Id><PrtryAcct><Id>23008200173909</Id></PrtryAcct></Id></CdtrAcct><Prtry><Tp>ME</Tp><Pty/></Prtry></RltdPties><RmtInf><Strd><AddtlRmtInf>NO REF</AddtlRmtInf></Strd><Strd><AddtlRmtInf>23327200076916//ME</AddtlRmtInf></Strd></RmtInf><RltdDts><TxDtTm>2018-09-17T07:16:37</TxDtTm></RltdDts><AddtlTxInf>0000000135799340015020180917826205942</AddtlTxInf></TxDtls><AddtlNtryInf>COMPLETE//0000//001//CREDIT</AddtlNtryInf></Ntry><Ntry><Amt Ccy="GBP">50.00</Amt><CdtDbtInd>CRDT</CdtDbtInd><Sts>BOOK</Sts><BookgDt><Dt>2018-09-17</Dt></BookgDt><BkTxCd><Prtry><Cd>DCA UKBA CR 40269</Cd></Prtry></BkTxCd><TxDtls><Refs><EndToEndId>NOREF</EndToEndId><TxId>000000013579934601</TxId><Prtry><Tp>STO REF</Tp><Ref>0000</Ref></Prtry></Refs><RltdPties><Dbtr><Nm>23327200076916</Nm></Dbtr><DbtrAcct><Id><PrtryAcct><Id>20594263428524</Id></PrtryAcct></Id></DbtrAcct><Cdtr><Nm>SAMUEL JOHNSON</Nm></Cdtr><CdtrAcct><Id><PrtryAcct><Id>23008200173909</Id></PrtryAcct></Id></CdtrAcct><Prtry><Tp>ME2</Tp><Pty/></Prtry></RltdPties><RmtInf><Strd><AddtlRmtInf>NO REF</AddtlRmtInf></Strd><Strd><AddtlRmtInf>23327200076916//ME2</AddtlRmtInf></Strd></RmtInf><RltdDts><TxDtTm>2018-09-17T07:16:37</TxDtTm></RltdDts><AddtlTxInf>0000000135799346015020180917826205942</AddtlTxInf></TxDtls><AddtlNtryInf>COMPLETE//0000//001//CREDIT</AddtlNtryInf></Ntry><Ntry><Amt Ccy="GBP">145.00</Amt><CdtDbtInd>CRDT</CdtDbtInd><Sts>BOOK</Sts><BookgDt><Dt>2018-09-17</Dt></BookgDt><BkTxCd><Prtry><Cd>DCA UKBA CR 40269</Cd></Prtry></BkTxCd><TxDtls><Refs><EndToEndId>NOREF</EndToEndId><TxId>000000013579943701</TxId><Prtry><Tp>STO REF</Tp><Ref>0000</Ref></Prtry></Refs><RltdPties><Dbtr><Nm>23327201561444</Nm></Dbtr><DbtrAcct><Id><PrtryAcct><Id>20594263428524</Id></PrtryAcct></Id></DbtrAcct><Cdtr><Nm>PATRIK DEMETER</Nm></Cdtr><CdtrAcct><Id><PrtryAcct><Id>23008200412094</Id></PrtryAcct></Id></CdtrAcct><Prtry><Tp>5574220192463486</Tp><Pty/></Prtry></RltdPties><RmtInf><Strd><AddtlRmtInf>NO REF</AddtlRmtInf></Strd><Strd><AddtlRmtInf>23327201561444//5574220192463486</AddtlRmtInf></Strd></RmtInf><RltdDts><TxDtTm>2018-09-17T07:17:01</TxDtTm></RltdDts><AddtlTxInf>0000000135799437015020180917826205942</AddtlTxInf></TxDtls><AddtlNtryInf>COMPLETE//0000//001//CREDIT</AddtlNtryInf></Ntry><Ntry><Amt Ccy="GBP">50.00</Amt><CdtDbtInd>CRDT</CdtDbtInd><Sts>BOOK</Sts><BookgDt><Dt>2018-09-17</Dt></BookgDt><BkTxCd><Prtry><Cd>SIP UKBA CR 40269</Cd></Prtry></BkTxCd><TxDtls><Refs><EndToEndId>NOREF</EndToEndId><TxId>300000000393023361</TxId></Refs><RltdPties><Dbtr><Nm>P Clarke</Nm></Dbtr><DbtrAcct><Id><PrtryAcct><Id>30976612489360</Id></PrtryAcct></Id></DbtrAcct><Cdtr><Nm>ARRO</Nm></Cdtr><CdtrAcct><Id><PrtryAcct><Id>23008200295821</Id></PrtryAcct></Id></CdtrAcct><Prtry><Tp>123</Tp><Pty/></Prtry></RltdPties><RmtInf><Strd><AddtlRmtInf>NO REF</AddtlRmtInf></Strd><Strd><AddtlRmtInf>P Clarke//123</AddtlRmtInf></Strd></RmtInf><RltdDts><TxDtTm>2018-09-17T07:17:33</TxDtTm></RltdDts><AddtlTxInf>3000000003930233611020180917826309766</AddtlTxInf></TxDtls><AddtlNtryInf>COMPLETE//0000//001//CREDIT</AddtlNtryInf></Ntry><Ntry><Amt Ccy="GBP">20.00</Amt><CdtDbtInd>CRDT</CdtDbtInd><Sts>BOOK</Sts><BookgDt><Dt>2018-09-17</Dt></BookgDt><BkTxCd><Prtry><Cd>SIP UKBA CR 40269</Cd></Prtry></BkTxCd><TxDtls><Refs><EndToEndId>00151268632BBFRYDC</EndToEndId><TxId>00151268632BBFRYDC</TxId></Refs><RltdPties><Dbtr><Nm>LEANNE MOORE</Nm></Dbtr><DbtrAcct><Id><PrtryAcct><Id>09012853226728</Id></PrtryAcct></Id></DbtrAcct><Cdtr><Nm>LOUISE TURRELL</Nm></Cdtr><CdtrAcct><Id><PrtryAcct><Id>23008200334676</Id></PrtryAcct></Id></CdtrAcct><Prtry><Tp>FROM LEANNE</Tp><Pty/></Prtry></RltdPties><RmtInf><Strd><AddtlRmtInf>NO REF</AddtlRmtInf></Strd><Strd><AddtlRmtInf>LEANNE MOORE//FROM LEANNE</AddtlRmtInf></Strd></RmtInf><RltdDts><TxDtTm>2018-09-17T07:23:08</TxDtTm></RltdDts><AddtlTxInf>00151268632BBFRYDC1020180917826090128</AddtlTxInf></TxDtls><AddtlNtryInf>COMPLETE//0000//001//CREDIT</AddtlNtryInf></Ntry><Ntry><Amt Ccy="GBP">30.00</Amt><CdtDbtInd>CRDT</CdtDbtInd><Sts>BOOK</Sts><BookgDt><Dt>2018-09-17</Dt></BookgDt><BkTxCd><Prtry><Cd>SIP UKBA CR 40269</Cd></Prtry></BkTxCd><TxDtls><Refs><EndToEndId>SAM</EndToEndId><TxId>20072409505265000N</TxId><Prtry><Tp>STO REF</Tp><Ref>0000</Ref></Prtry></Refs><RltdPties><Dbtr><Nm>DANCE KM</Nm></Dbtr><DbtrAcct><Id><PrtryAcct><Id>55811986663798</Id></PrtryAcct></Id></DbtrAcct><Cdtr><Nm>MISS S GALLAGHER</Nm></Cdtr><CdtrAcct><Id><PrtryAcct><Id>23008200155543</Id></PrtryAcct></Id></CdtrAcct><Prtry><Tp>SAM</Tp><Pty/></Prtry></RltdPties><RmtInf><Strd><AddtlRmtInf>DANCE KM          SAM               VIA MOBILE - LVP</AddtlRmtInf></Strd><Strd><AddtlRmtInf>DANCE KM//SAM</AddtlRmtInf></Strd></RmtInf><RltdDts><TxDtTm>2018-09-17T07:24:09</TxDtTm></RltdDts><AddtlTxInf>20072409505265000N1020180917826558119</AddtlTxInf></TxDtls><AddtlNtryInf>COMPLETE//0000//001//CREDIT</AddtlNtryInf></Ntry><Ntry><Amt Ccy="GBP">25.00</Amt><CdtDbtInd>CRDT</CdtDbtInd><Sts>BOOK</Sts><BookgDt><Dt>2018-09-17</Dt></BookgDt><BkTxCd><Prtry><Cd>SIP UKBA CR 40269</Cd></Prtry></BkTxCd><TxDtls><Refs><EndToEndId>00151596632BBDHKYJ</EndToEndId><TxId>00151596632BBDHKYJ</TxId></Refs><RltdPties><Dbtr><Nm>ADENIYI OKE</Nm></Dbtr><DbtrAcct><Id><PrtryAcct><Id>09012745555112</Id></PrtryAcct></Id></DbtrAcct><Cdtr><Nm>TANNES SOLUTION</Nm></Cdtr><CdtrAcct><Id><PrtryAcct><Id>23008200220991</Id></PrtryAcct></Id></CdtrAcct><Prtry><Tp>Niyi</Tp><Pty/></Prtry></RltdPties><RmtInf><Strd><AddtlRmtInf>NO REF</AddtlRmtInf></Strd><Strd><AddtlRmtInf>ADENIYI OKE//Niyi</AddtlRmtInf></Strd></RmtInf><RltdDts><TxDtTm>2018-09-17T07:28:18</TxDtTm></RltdDts><AddtlTxInf>00151596632BBDHKYJ1020180917826090127</AddtlTxInf></TxDtls><AddtlNtryInf>COMPLETE//0000//001//CREDIT</AddtlNtryInf></Ntry></Ntfctn></BkToCstmrDbtCdtNtfctnV01></Document>