<?xml version="1.0" encoding="UTF-8"?><Document xmlns:xsi="http://www.w3.org/2001/XMLSchema-instance" xmlns="urn:iso:std:iso:20022:tech:xsd:camt.054.001.01"><BkToCstmrDbtCdtNtfctnV01><GrpHdr><MsgId>80309K//13431</MsgId><CreDtTm>2018-09-28T05:00:00</CreDtTm></GrpHdr><Ntfctn><Id>80309K//13431//1</Id><CreDtTm>2018-09-28T05:00:00</CreDtTm><Acct><Id><PrtryAcct><Id>20594233939774</Id></PrtryAcct></Id><Ccy>GBP</Ccy></Acct><TxsSummry><TtlNtries><NbOfNtries>9</NbOfNtries><Sum>4909.30</Sum></TtlNtries><TtlCdtNtries><NbOfNtries>9</NbOfNtries><Sum>4909.30</Sum></TtlCdtNtries><TtlDbtNtries><NbOfNtries>0</NbOfNtries><Sum>0.00</Sum></TtlDbtNtries></TxsSummry><Ntry><Amt Ccy="GBP">61.31</Amt><CdtDbtInd>CRDT</CdtDbtInd><Sts>BOOK</Sts><BookgDt><Dt>2018-09-28</Dt></BookgDt><BkTxCd><Prtry><Cd>FDP UKBA CR 40269</Cd></Prtry></BkTxCd><TxDtls><Refs><EndToEndId>NO REF</EndToEndId><TxId>MF076439613BE9D300</TxId></Refs><RltdPties><Dbtr><Nm>SYFT ONLIN LTDSW FMQ</Nm></Dbtr><DbtrAcct><Id><PrtryAcct><Id>20691560802409</Id></PrtryAcct></Id></DbtrAcct><Cdtr><Nm>R BARRIFFE</Nm></Cdtr><CdtrAcct><Id><PrtryAcct><Id>23008200355687</Id></PrtryAcct></Id></CdtrAcct><Prtry><Tp>NO REF</Tp><Pty/></Prtry></RltdPties><RmtInf><Strd><RfrdDocInf><RfrdDocTp><Prtry>002</Prtry></RfrdDocTp></RfrdDocInf><AddtlRmtInf>NO REF</AddtlRmtInf></Strd><Strd><AddtlRmtInf>SYFT ONLIN LTDSW F//NO REF</AddtlRmtInf></Strd></RmtInf><RltdDts><TxDtTm>2018-09-28T04:31:56</TxDtTm></RltdDts><AddtlTxInf>MF076439613BE9D3004020180928826200026</AddtlTxInf></TxDtls><AddtlNtryInf>COMPLETE//0000//003//CREDIT</AddtlNtryInf></Ntry><Ntry><Amt Ccy="GBP">160.00</Amt><CdtDbtInd>CRDT</CdtDbtInd><Sts>BOOK</Sts><BookgDt><Dt>2018-09-28</Dt></BookgDt><BkTxCd><Prtry><Cd>SIP UKBA CR 40269</Cd></Prtry></BkTxCd><TxDtls><Refs><EndToEndId>SPEF180927001748</EndToEndId><TxId>500000000392698288</TxId></Refs><RltdPties><Dbtr><Nm>sarah</Nm></Dbtr><DbtrAcct><Id><PrtryAcct><Id>90212761085191</Id></PrtryAcct></Id></DbtrAcct><Cdtr><Nm>d tyler</Nm></Cdtr><CdtrAcct><Id><PrtryAcct><Id>23008200413281</Id></PrtryAcct></Id></CdtrAcct><Prtry><Tp>sarah</Tp><Pty/></Prtry></RltdPties><RmtInf><Strd><AddtlRmtInf>sarah</AddtlRmtInf></Strd><Strd><AddtlRmtInf>sarah//sarah</AddtlRmtInf></Strd></RmtInf><RltdDts><TxDtTm>2018-09-28T04:38:34</TxDtTm></RltdDts><AddtlTxInf>5000000003926982881020180928826309634</AddtlTxInf></TxDtls><AddtlNtryInf>COMPLETE//0000//003//CREDIT</AddtlNtryInf></Ntry><Ntry><Amt Ccy="GBP">1605.79</Amt><CdtDbtInd>CRDT</CdtDbtInd><Sts>BOOK</Sts><BookgDt><Dt>2018-09-28</Dt></BookgDt><BkTxCd><Prtry><Cd>FDP UKBA CR 40269</Cd></Prtry></BkTxCd><TxDtls><Refs><EndToEndId>NOREF</EndToEndId><TxId>62023259318764000R</TxId><Prtry><Tp>STO REF</Tp><Ref>0000</Ref></Prtry></Refs><RltdPties><Dbtr><Nm>MAGNETIC SYS TECH</Nm></Dbtr><DbtrAcct><Id><PrtryAcct><Id>16000813213087</Id></PrtryAcct></Id></DbtrAcct><Cdtr><Nm>MR MARK TAYLOR</Nm></Cdtr><CdtrAcct><Id><PrtryAcct><Id>23008200407960</Id></PrtryAcct></Id></CdtrAcct><Prtry><Tp>MAGNETIC SYS TECH</Tp><Pty/></Prtry></RltdPties><RmtInf><Strd><AddtlRmtInf>MAGNETIC SYS TECH</AddtlRmtInf></Strd><Strd><AddtlRmtInf>MAGNETIC SYS TECH//MAGNETIC SYS TECH</AddtlRmtInf></Strd></RmtInf><RltdDts><TxDtTm>2018-09-28T04:42:06</TxDtTm></RltdDts><AddtlTxInf>62023259318764000R4020180928826160008</AddtlTxInf></TxDtls><AddtlNtryInf>COMPLETE//0000//003//CREDIT</AddtlNtryInf></Ntry><Ntry><Amt Ccy="GBP">304.23</Amt><CdtDbtInd>CRDT</CdtDbtInd><Sts>BOOK</Sts><BookgDt><Dt>2018-09-28</Dt></BookgDt><BkTxCd><Prtry><Cd>FDP UKBA CR 40269</Cd></Prtry></BkTxCd><TxDtls><Refs><EndToEndId>MF003239613A215500</EndToEndId><TxId>MF003239613A215500</TxId></Refs><RltdPties><Dbtr><Nm>EFT POPPYPRIDE</Nm></Dbtr><DbtrAcct><Id><PrtryAcct><Id>20822343909530</Id></PrtryAcct></Id></DbtrAcct><Cdtr><Nm>L ANGHELINA</Nm></Cdtr><CdtrAcct><Id><PrtryAcct><Id>23008200075365</Id></PrtryAcct></Id></CdtrAcct><Prtry><Tp>Poppypride-1525</Tp><Pty/></Prtry></RltdPties><RmtInf><Strd><RfrdDocInf><RfrdDocTp><Prtry>002</Prtry></RfrdDocTp></RfrdDocInf><AddtlRmtInf>NO REF</AddtlRmtInf></Strd><Strd><AddtlRmtInf>EFT POPPYPRIDE//Poppypride-1525</AddtlRmtInf></Strd></RmtInf><RltdDts><TxDtTm>2018-09-28T04:42:25</TxDtTm></RltdDts><AddtlTxInf>MF003239613A2155004020180928826200026</AddtlTxInf></TxDtls><AddtlNtryInf>COMPLETE//0000//003//CREDIT</AddtlNtryInf></Ntry><Ntry><Amt Ccy="GBP">188.63</Amt><CdtDbtInd>CRDT</CdtDbtInd><Sts>BOOK</Sts><BookgDt><Dt>2018-09-28</Dt></BookgDt><BkTxCd><Prtry><Cd>FDP UKBA CR 40269</Cd></Prtry></BkTxCd><TxDtls><Refs><EndToEndId>00156541632BBNBTGZ</EndToEndId><TxId>00156541632BBNBTGZ</TxId></Refs><RltdPties><Dbtr><Nm>BRIGHTER FOODS LTD</Nm></Dbtr><DbtrAcct><Id><PrtryAcct><Id>09022210230952</Id></PrtryAcct></Id></DbtrAcct><Cdtr><Nm>SHAUN HARLEY</Nm></Cdtr><CdtrAcct><Id><PrtryAcct><Id>23008200398153</Id></PrtryAcct></Id></CdtrAcct><Prtry><Tp>MULTIBACS-44</Tp><Pty/></Prtry></RltdPties><RmtInf><Strd><AddtlRmtInf>NO REF</AddtlRmtInf></Strd><Strd><AddtlRmtInf>BRIGHTER FOODS LTD//MULTIBACS-44</AddtlRmtInf></Strd></RmtInf><RltdDts><TxDtTm>2018-09-28T04:47:53</TxDtTm></RltdDts><AddtlTxInf>00156541632BBNBTGZ4020180928826090222</AddtlTxInf></TxDtls><AddtlNtryInf>COMPLETE//0000//003//CREDIT</AddtlNtryInf></Ntry><Ntry><Amt Ccy="GBP">1699.03</Amt><CdtDbtInd>CRDT</CdtDbtInd><Sts>BOOK</Sts><BookgDt><Dt>2018-09-28</Dt></BookgDt><BkTxCd><Prtry><Cd>FDP UKBA CR 40269</Cd></Prtry></BkTxCd><TxDtls><Refs><EndToEndId>00150467632BBFPKBP</EndToEndId><TxId>00150467632BBFPKBP</TxId></Refs><RltdPties><Dbtr><Nm>BUFFALOAD LOGISTICS LIMITED</Nm></Dbtr><DbtrAcct><Id><PrtryAcct><Id>09022210385085</Id></PrtryAcct></Id></DbtrAcct><Cdtr><Nm>ROBERT ANDREWS</Nm></Cdtr><CdtrAcct><Id><PrtryAcct><Id>23008200053966</Id></PrtryAcct></Id></CdtrAcct><Prtry><Tp>Buffaload</Tp><Pty/></Prtry></RltdPties><RmtInf><Strd><AddtlRmtInf>NO REF</AddtlRmtInf></Strd><Strd><AddtlRmtInf>BUFFALOAD LOGISTIC//Buffaload</AddtlRmtInf></Strd></RmtInf><RltdDts><TxDtTm>2018-09-28T04:47:53</TxDtTm></RltdDts><AddtlTxInf>00150467632BBFPKBP4020180928826090222</AddtlTxInf></TxDtls><AddtlNtryInf>COMPLETE//0000//003//CREDIT</AddtlNtryInf></Ntry><Ntry><Amt Ccy="GBP">58.73</Amt><CdtDbtInd>CRDT</CdtDbtInd><Sts>BOOK</Sts><BookgDt><Dt>2018-09-28</Dt></BookgDt><BkTxCd><Prtry><Cd>FDP UKBA CR 40269</Cd></Prtry></BkTxCd><TxDtls><Refs><EndToEndId>NOREF</EndToEndId><TxId>37024232852896000N</TxId><Prtry><Tp>STO REF</Tp><Ref>0000</Ref></Prtry></Refs><RltdPties><Dbtr><Nm>EZY PAYMENT SOLS L</Nm></Dbtr><DbtrAcct><Id><PrtryAcct><Id>60023576436802</Id></PrtryAcct></Id></DbtrAcct><Cdtr><Nm>PETRONELA BOCA</Nm></Cdtr><CdtrAcct><Id><PrtryAcct><Id>23008200460070</Id></PrtryAcct></Id></CdtrAcct><Prtry><Tp>PERIOD W26-29036</Tp><Pty/></Prtry></RltdPties><RmtInf><Strd><AddtlRmtInf>PERIOD W26-29036</AddtlRmtInf></Strd><Strd><AddtlRmtInf>EZY PAYMENT SOLS L//PERIOD W26-29036</AddtlRmtInf></Strd></RmtInf><RltdDts><TxDtTm>2018-09-28T04:48:59</TxDtTm></RltdDts><AddtlTxInf>37024232852896000N4020180928826600235</AddtlTxInf></TxDtls><AddtlNtryInf>COMPLETE//0000//003//CREDIT</AddtlNtryInf></Ntry><Ntry><Amt Ccy="GBP">439.94</Amt><CdtDbtInd>CRDT</CdtDbtInd><Sts>BOOK</Sts><BookgDt><Dt>2018-09-28</Dt></BookgDt><BkTxCd><Prtry><Cd>FDP UKBA CR 40269</Cd></Prtry></BkTxCd><TxDtls><Refs><EndToEndId>NOREF</EndToEndId><TxId>63024233405524000N</TxId><Prtry><Tp>STO REF</Tp><Ref>0000</Ref></Prtry></Refs><RltdPties><Dbtr><Nm>EZY PAYMENT SOLS L</Nm></Dbtr><DbtrAcct><Id><PrtryAcct><Id>60023576436802</Id></PrtryAcct></Id></DbtrAcct><Cdtr><Nm>RAULESCU</Nm></Cdtr><CdtrAcct><Id><PrtryAcct><Id>23008200376399</Id></PrtryAcct></Id></CdtrAcct><Prtry><Tp>PERIOD W26-25181</Tp><Pty/></Prtry></RltdPties><RmtInf><Strd><AddtlRmtInf>PERIOD W26-25181</AddtlRmtInf></Strd><Strd><AddtlRmtInf>EZY PAYMENT SOLS L//PERIOD W26-25181</AddtlRmtInf></Strd></RmtInf><RltdDts><TxDtTm>2018-09-28T04:49:53</TxDtTm></RltdDts><AddtlTxInf>63024233405524000N4020180928826600235</AddtlTxInf></TxDtls><AddtlNtryInf>COMPLETE//0000//003//CREDIT</AddtlNtryInf></Ntry><Ntry><Amt Ccy="GBP">391.64</Amt><CdtDbtInd>CRDT</CdtDbtInd><Sts>BOOK</Sts><BookgDt><Dt>2018-09-28</Dt></BookgDt><BkTxCd><Prtry><Cd>FDP UKBA CR 40269</Cd></Prtry></BkTxCd><TxDtls><Refs><EndToEndId>NOREF</EndToEndId><TxId>62024233405430000N</TxId><Prtry><Tp>STO REF</Tp><Ref>0000</Ref></Prtry></Refs><RltdPties><Dbtr><Nm>EZY PAYMENT SOLS L</Nm></Dbtr><DbtrAcct><Id><PrtryAcct><Id>60023576436802</Id></PrtryAcct></Id></DbtrAcct><Cdtr><Nm>F SEMEN</Nm></Cdtr><CdtrAcct><Id><PrtryAcct><Id>23008200370358</Id></PrtryAcct></Id></CdtrAcct><Prtry><Tp>PERIOD W26-25159</Tp><Pty/></Prtry></RltdPties><RmtInf><Strd><AddtlRmtInf>PERIOD W26-25159</AddtlRmtInf></Strd><Strd><AddtlRmtInf>EZY PAYMENT SOLS L//PERIOD W26-25159</AddtlRmtInf></Strd></RmtInf><RltdDts><TxDtTm>2018-09-28T04:52:21</TxDtTm></RltdDts><AddtlTxInf>62024233405430000N4020180928826600235</AddtlTxInf></TxDtls><AddtlNtryInf>COMPLETE//0000//003//CREDIT</AddtlNtryInf></Ntry></Ntfctn></BkToCstmrDbtCdtNtfctnV01></Document>