<?xml version="1.0" encoding="UTF-8"?><Document xmlns:xsi="http://www.w3.org/2001/XMLSchema-instance" xmlns="urn:iso:std:iso:20022:tech:xsd:camt.054.001.01"><BkToCstmrDbtCdtNtfctnV01><GrpHdr><MsgId>80309K//13543</MsgId><CreDtTm>2018-09-30T22:00:00</CreDtTm></GrpHdr><Ntfctn><Id>80309K//13543//1</Id><CreDtTm>2018-09-30T22:00:00</CreDtTm><Acct><Id><PrtryAcct><Id>20594233939774</Id></PrtryAcct></Id><Ccy>GBP</Ccy></Acct><TxsSummry><TtlNtries><NbOfNtries>1</NbOfNtries><Sum>10.00</Sum></TtlNtries><TtlCdtNtries><NbOfNtries>1</NbOfNtries><Sum>10.00</Sum></TtlCdtNtries><TtlDbtNtries><NbOfNtries>0</NbOfNtries><Sum>0.00</Sum></TtlDbtNtries></TxsSummry><Ntry><Amt Ccy="GBP">10.00</Amt><CdtDbtInd>CRDT</CdtDbtInd><Sts>BOOK</Sts><BookgDt><Dt>2018-10-01</Dt></BookgDt><BkTxCd><Prtry><Cd>SIP UKBA CR 40269</Cd></Prtry></BkTxCd><TxDtls><Refs><EndToEndId>PUTNAM EDWARD MA</EndToEndId><TxId>TW0000000041151925</TxId></Refs><RltdPties><Dbtr><Nm>edward mark putnam TW</Nm></Dbtr><DbtrAcct><Id><PrtryAcct><Id>23147045668879</Id></PrtryAcct></Id></DbtrAcct><Cdtr><Nm>edward putnam</Nm></Cdtr><CdtrAcct><Id><PrtryAcct><Id>23008200473725</Id></PrtryAcct></Id></CdtrAcct><Prtry><Tp>PUTNAM EDWARD MA</Tp><Pty/></Prtry></RltdPties><RmtInf><Strd><AddtlRmtInf>NO REF</AddtlRmtInf></Strd><Strd><AddtlRmtInf>edward mark putnam//PUTNAM EDWARD MA</AddtlRmtInf></Strd></RmtInf><RltdDts><TxDtTm>2018-09-30T21:44:57</TxDtTm></RltdDts><AddtlTxInf>TW00000000411519251020180930826231470</AddtlTxInf></TxDtls><AddtlNtryInf>COMPLETE//0000//003//CREDIT</AddtlNtryInf></Ntry></Ntfctn></BkToCstmrDbtCdtNtfctnV01></Document>