<?xml version="1.0" encoding="UTF-8"?><Document xmlns:xsi="http://www.w3.org/2001/XMLSchema-instance" xmlns="urn:iso:std:iso:20022:tech:xsd:camt.054.001.01"><BkToCstmrDbtCdtNtfctnV01><GrpHdr><MsgId>80309K//13393</MsgId><CreDtTm>2018-09-27T10:00:00</CreDtTm></GrpHdr><Ntfctn><Id>80309K//13393//1</Id><CreDtTm>2018-09-27T10:00:00</CreDtTm><Acct><Id><PrtryAcct><Id>20594233939774</Id></PrtryAcct></Id><Ccy>GBP</Ccy></Acct><TxsSummry><TtlNtries><NbOfNtries>10</NbOfNtries><Sum>2737.72</Sum></TtlNtries><TtlCdtNtries><NbOfNtries>10</NbOfNtries><Sum>2737.72</Sum></TtlCdtNtries><TtlDbtNtries><NbOfNtries>0</NbOfNtries><Sum>0.00</Sum></TtlDbtNtries></TxsSummry><Ntry><Amt Ccy="GBP">25.30</Amt><CdtDbtInd>CRDT</CdtDbtInd><Sts>BOOK</Sts><BookgDt><Dt>2018-09-27</Dt></BookgDt><BkTxCd><Prtry><Cd>SIP UKBA CR 40269</Cd></Prtry></BkTxCd><TxDtls><Refs><EndToEndId>PPWD00000000AQI420</EndToEndId><TxId>PPWD00000000AQI420</TxId></Refs><RltdPties><Dbtr><Nm>PayPal</Nm><PstlAdr><AdrLine>2211 N 1st Street San Jose CA 95131</AdrLine><Ctry/></PstlAdr></Dbtr><DbtrAcct><Id><PrtryAcct><Id>23526278959595</Id></PrtryAcct></Id></DbtrAcct><Cdtr><Nm>Mohammed Haque</Nm><PstlAdr><AdrLine>129 Alexandra Road</AdrLine><Ctry/></PstlAdr></Cdtr><CdtrAcct><Id><PrtryAcct><Id>23008200468030</Id></PrtryAcct></Id></CdtrAcct><Prtry><Tp>PPWDL4V6J2ALE5S6RN</Tp><Pty/></Prtry></RltdPties><RmtInf><Strd><RfrdDocInf><RfrdDocTp><Prtry>002</Prtry></RfrdDocTp></RfrdDocInf><AddtlRmtInf>NO REF</AddtlRmtInf></Strd><Strd><AddtlRmtInf>PayPal//PPWDL4V6J2ALE5S6RN</AddtlRmtInf></Strd></RmtInf><RltdDts><TxDtTm>2018-09-27T09:30:05</TxDtTm></RltdDts><AddtlTxInf>PPWD00000000AQI4201020180927826235262</AddtlTxInf></TxDtls><AddtlNtryInf>COMPLETE//0000//001//CREDIT</AddtlNtryInf></Ntry><Ntry><Amt Ccy="GBP">30.00</Amt><CdtDbtInd>CRDT</CdtDbtInd><Sts>BOOK</Sts><BookgDt><Dt>2018-09-27</Dt></BookgDt><BkTxCd><Prtry><Cd>SIP UKBA CR 40269</Cd></Prtry></BkTxCd><TxDtls><Refs><EndToEndId>00152053632BPNLKMM</EndToEndId><TxId>00152053632BPNLKMM</TxId></Refs><RltdPties><Dbtr><Nm>OLUWAYEMISI OMOTAYO</Nm></Dbtr><DbtrAcct><Id><PrtryAcct><Id>09013154639087</Id></PrtryAcct></Id></DbtrAcct><Cdtr><Nm>OLABANJI BAMIDUR</Nm></Cdtr><CdtrAcct><Id><PrtryAcct><Id>23008200095126</Id></PrtryAcct></Id></CdtrAcct><Prtry><Tp>Arro</Tp><Pty/></Prtry></RltdPties><RmtInf><Strd><AddtlRmtInf>NO REF</AddtlRmtInf></Strd><Strd><AddtlRmtInf>OLUWAYEMISI OMOTAY//Arro</AddtlRmtInf></Strd></RmtInf><RltdDts><TxDtTm>2018-09-27T09:31:54</TxDtTm></RltdDts><AddtlTxInf>00152053632BPNLKMM1020180927826090131</AddtlTxInf></TxDtls><AddtlNtryInf>COMPLETE//0000//001//CREDIT</AddtlNtryInf></Ntry><Ntry><Amt Ccy="GBP">17.00</Amt><CdtDbtInd>CRDT</CdtDbtInd><Sts>BOOK</Sts><BookgDt><Dt>2018-09-27</Dt></BookgDt><BkTxCd><Prtry><Cd>SIP UKBA CR 40269</Cd></Prtry></BkTxCd><TxDtls><Refs><EndToEndId>NOREF</EndToEndId><TxId>RP4679962352487500</TxId></Refs><RltdPties><Dbtr><Nm>HILL J</Nm></Dbtr><DbtrAcct><Id><PrtryAcct><Id>20709420683817</Id></PrtryAcct></Id></DbtrAcct><Cdtr><Nm>JOHN HILL</Nm></Cdtr><CdtrAcct><Id><PrtryAcct><Id>23008200333328</Id></PrtryAcct></Id></CdtrAcct><Prtry><Tp>NEW</Tp><Pty/></Prtry></RltdPties><RmtInf><Strd><AddtlRmtInf>NO REF</AddtlRmtInf></Strd><Strd><AddtlRmtInf>HILL J//NEW</AddtlRmtInf></Strd></RmtInf><RltdDts><TxDtTm>2018-09-27T09:32:58</TxDtTm></RltdDts><AddtlTxInf>RP46799623524875001020180927826200026</AddtlTxInf></TxDtls><AddtlNtryInf>COMPLETE//0000//001//CREDIT</AddtlNtryInf></Ntry><Ntry><Amt Ccy="GBP">20.00</Amt><CdtDbtInd>CRDT</CdtDbtInd><Sts>BOOK</Sts><BookgDt><Dt>2018-09-27</Dt></BookgDt><BkTxCd><Prtry><Cd>SIP UKBA CR 40269</Cd></Prtry></BkTxCd><TxDtls><Refs><EndToEndId>NOREF</EndToEndId><TxId>100000000390636242</TxId></Refs><RltdPties><Dbtr><Nm>D Lakatos</Nm></Dbtr><DbtrAcct><Id><PrtryAcct><Id>30987180276660</Id></PrtryAcct></Id></DbtrAcct><Cdtr><Nm>SAJAT</Nm></Cdtr><CdtrAcct><Id><PrtryAcct><Id>23008200463069</Id></PrtryAcct></Id></CdtrAcct><Prtry><Tp>PENZ</Tp><Pty/></Prtry></RltdPties><RmtInf><Strd><AddtlRmtInf>NO REF</AddtlRmtInf></Strd><Strd><AddtlRmtInf>D Lakatos//PENZ</AddtlRmtInf></Strd></RmtInf><RltdDts><TxDtTm>2018-09-27T09:35:28</TxDtTm></RltdDts><AddtlTxInf>1000000003906362421020180927826309871</AddtlTxInf></TxDtls><AddtlNtryInf>COMPLETE//0000//001//CREDIT</AddtlNtryInf></Ntry><Ntry><Amt Ccy="GBP">1480.00</Amt><CdtDbtInd>CRDT</CdtDbtInd><Sts>BOOK</Sts><BookgDt><Dt>2018-09-27</Dt></BookgDt><BkTxCd><Prtry><Cd>SIP UKBA CR 40269</Cd></Prtry></BkTxCd><TxDtls><Refs><EndToEndId>NOREF</EndToEndId><TxId>RP4679962352815200</TxId></Refs><RltdPties><Dbtr><Nm>AIHIOKHAI E</Nm></Dbtr><DbtrAcct><Id><PrtryAcct><Id>20251953670325</Id></PrtryAcct></Id></DbtrAcct><Cdtr><Nm>JOMO TRAVEL</Nm></Cdtr><CdtrAcct><Id><PrtryAcct><Id>23008200467647</Id></PrtryAcct></Id></CdtrAcct><Prtry><Tp>PATRIK</Tp><Pty/></Prtry></RltdPties><RmtInf><Strd><AddtlRmtInf>NO REF</AddtlRmtInf></Strd><Strd><AddtlRmtInf>AIHIOKHAI E//PATRIK</AddtlRmtInf></Strd></RmtInf><RltdDts><TxDtTm>2018-09-27T09:35:58</TxDtTm></RltdDts><AddtlTxInf>RP46799623528152001020180927826200026</AddtlTxInf></TxDtls><AddtlNtryInf>COMPLETE//0000//001//CREDIT</AddtlNtryInf></Ntry><Ntry><Amt Ccy="GBP">7.78</Amt><CdtDbtInd>CRDT</CdtDbtInd><Sts>BOOK</Sts><BookgDt><Dt>2018-09-27</Dt></BookgDt><BkTxCd><Prtry><Cd>SIP UKBA CR 40269</Cd></Prtry></BkTxCd><TxDtls><Refs><EndToEndId>NOREF</EndToEndId><TxId>500000000392296505</TxId></Refs><RltdPties><Dbtr><Nm>M Murray</Nm></Dbtr><DbtrAcct><Id><PrtryAcct><Id>11718027898063</Id></PrtryAcct></Id></DbtrAcct><Cdtr><Nm>MR MALACHI MURRAY</Nm></Cdtr><CdtrAcct><Id><PrtryAcct><Id>23008200429208</Id></PrtryAcct></Id></CdtrAcct><Prtry><Tp>TRANSFER</Tp><Pty/></Prtry></RltdPties><RmtInf><Strd><AddtlRmtInf>NO REF</AddtlRmtInf></Strd><Strd><AddtlRmtInf>M Murray//TRANSFER</AddtlRmtInf></Strd></RmtInf><RltdDts><TxDtTm>2018-09-27T09:42:31</TxDtTm></RltdDts><AddtlTxInf>5000000003922965051020180927826117180</AddtlTxInf></TxDtls><AddtlNtryInf>COMPLETE//0000//001//CREDIT</AddtlNtryInf></Ntry><Ntry><Amt Ccy="GBP">150.00</Amt><CdtDbtInd>CRDT</CdtDbtInd><Sts>BOOK</Sts><BookgDt><Dt>2018-09-27</Dt></BookgDt><BkTxCd><Prtry><Cd>SIP UKBA CR 40269</Cd></Prtry></BkTxCd><TxDtls><Refs><EndToEndId>ROBBY</EndToEndId><TxId>30094600411388000R</TxId><Prtry><Tp>STO REF</Tp><Ref>0000</Ref></Prtry></Refs><RltdPties><Dbtr><Nm>MURPHY R &amp; M</Nm></Dbtr><DbtrAcct><Id><PrtryAcct><Id>16252710251451</Id></PrtryAcct></Id></DbtrAcct><Cdtr><Nm>MISS M QUARTEY</Nm></Cdtr><CdtrAcct><Id><PrtryAcct><Id>23008200182550</Id></PrtryAcct></Id></CdtrAcct><Prtry><Tp>ROBBY</Tp><Pty/></Prtry></RltdPties><RmtInf><Strd><AddtlRmtInf>MURPHY R &amp; M      ROBBY             VIA MOBILE - PYMT</AddtlRmtInf></Strd><Strd><AddtlRmtInf>MURPHY R &amp; M//ROBBY</AddtlRmtInf></Strd></RmtInf><RltdDts><TxDtTm>2018-09-27T09:46:00</TxDtTm></RltdDts><AddtlTxInf>30094600411388000R1020180927826162527</AddtlTxInf></TxDtls><AddtlNtryInf>COMPLETE//0000//001//CREDIT</AddtlNtryInf></Ntry><Ntry><Amt Ccy="GBP">20.00</Amt><CdtDbtInd>CRDT</CdtDbtInd><Sts>BOOK</Sts><BookgDt><Dt>2018-09-27</Dt></BookgDt><BkTxCd><Prtry><Cd>SIP UKBA CR 40269</Cd></Prtry></BkTxCd><TxDtls><Refs><EndToEndId>ROBBY</EndToEndId><TxId>36095143006791000R</TxId><Prtry><Tp>STO REF</Tp><Ref>0000</Ref></Prtry></Refs><RltdPties><Dbtr><Nm>MURPHY R &amp; M</Nm></Dbtr><DbtrAcct><Id><PrtryAcct><Id>16252710251451</Id></PrtryAcct></Id></DbtrAcct><Cdtr><Nm>MISS M QUARTEY</Nm></Cdtr><CdtrAcct><Id><PrtryAcct><Id>23008200182550</Id></PrtryAcct></Id></CdtrAcct><Prtry><Tp>ROBBY</Tp><Pty/></Prtry></RltdPties><RmtInf><Strd><AddtlRmtInf>MURPHY R &amp; M      ROBBY             VIA MOBILE - PYMT</AddtlRmtInf></Strd><Strd><AddtlRmtInf>MURPHY R &amp; M//ROBBY</AddtlRmtInf></Strd></RmtInf><RltdDts><TxDtTm>2018-09-27T09:51:43</TxDtTm></RltdDts><AddtlTxInf>36095143006791000R1020180927826162527</AddtlTxInf></TxDtls><AddtlNtryInf>COMPLETE//0000//001//CREDIT</AddtlNtryInf></Ntry><Ntry><Amt Ccy="GBP">511.64</Amt><CdtDbtInd>CRDT</CdtDbtInd><Sts>BOOK</Sts><BookgDt><Dt>2018-09-27</Dt></BookgDt><BkTxCd><Prtry><Cd>SIP UKBA CR 40269</Cd></Prtry></BkTxCd><TxDtls><Refs><EndToEndId>NOREF</EndToEndId><TxId>RP4659985418440900</TxId></Refs><RltdPties><Dbtr><Nm>FEED BEL LTD SW</Nm></Dbtr><DbtrAcct><Id><PrtryAcct><Id>20466553010090</Id></PrtryAcct></Id></DbtrAcct><Cdtr><Nm>NEW CHINA PAYPAL</Nm></Cdtr><CdtrAcct><Id><PrtryAcct><Id>23008200174990</Id></PrtryAcct></Id></CdtrAcct><Prtry><Tp>FEEDBELLY140507</Tp><Pty/></Prtry></RltdPties><RmtInf><Strd><AddtlRmtInf>NO REF</AddtlRmtInf></Strd><Strd><AddtlRmtInf>FEED BEL LTD SW//FEEDBELLY140507</AddtlRmtInf></Strd></RmtInf><RltdDts><TxDtTm>2018-09-27T09:55:23</TxDtTm></RltdDts><AddtlTxInf>RP46599854184409001020180927826200026</AddtlTxInf></TxDtls><AddtlNtryInf>COMPLETE//0000//001//CREDIT</AddtlNtryInf></Ntry><Ntry><Amt Ccy="GBP">476.00</Amt><CdtDbtInd>CRDT</CdtDbtInd><Sts>BOOK</Sts><BookgDt><Dt>2018-09-27</Dt></BookgDt><BkTxCd><Prtry><Cd>SIP UKBA CR 40269</Cd></Prtry></BkTxCd><TxDtls><Refs><EndToEndId>NOREF</EndToEndId><TxId>400000000397099998</TxId></Refs><RltdPties><Dbtr><Nm>L Mukudu</Nm></Dbtr><DbtrAcct><Id><PrtryAcct><Id>11102100398608</Id></PrtryAcct></Id></DbtrAcct><Cdtr><Nm>HOLIDAY LOVE</Nm></Cdtr><CdtrAcct><Id><PrtryAcct><Id>23008200390950</Id></PrtryAcct></Id></CdtrAcct><Prtry><Tp>L R MUKUDU</Tp><Pty/></Prtry></RltdPties><RmtInf><Strd><AddtlRmtInf>NO REF</AddtlRmtInf></Strd><Strd><AddtlRmtInf>L Mukudu//L R MUKUDU</AddtlRmtInf></Strd></RmtInf><RltdDts><TxDtTm>2018-09-27T09:58:08</TxDtTm></RltdDts><AddtlTxInf>4000000003970999981020180927826111021</AddtlTxInf></TxDtls><AddtlNtryInf>COMPLETE//0000//001//CREDIT</AddtlNtryInf></Ntry></Ntfctn></BkToCstmrDbtCdtNtfctnV01></Document>