<?xml version="1.0" encoding="UTF-8"?><Document xmlns:xsi="http://www.w3.org/2001/XMLSchema-instance" xmlns="urn:iso:std:iso:20022:tech:xsd:camt.054.001.01"><BkToCstmrDbtCdtNtfctnV01><GrpHdr><MsgId>80309K//12795</MsgId><CreDtTm>2018-09-13T12:30:00</CreDtTm></GrpHdr><Ntfctn><Id>80309K//12795//1</Id><CreDtTm>2018-09-13T12:30:00</CreDtTm><Acct><Id><PrtryAcct><Id>20594233939774</Id></PrtryAcct></Id><Ccy>GBP</Ccy></Acct><TxsSummry><TtlNtries><NbOfNtries>13</NbOfNtries><Sum>12333.65</Sum></TtlNtries><TtlCdtNtries><NbOfNtries>13</NbOfNtries><Sum>12333.65</Sum></TtlCdtNtries><TtlDbtNtries><NbOfNtries>0</NbOfNtries><Sum>0.00</Sum></TtlDbtNtries></TxsSummry><Ntry><Amt Ccy="GBP">549.00</Amt><CdtDbtInd>CRDT</CdtDbtInd><Sts>BOOK</Sts><BookgDt><Dt>2018-09-13</Dt></BookgDt><BkTxCd><Prtry><Cd>SIP UKBA CR 40269</Cd></Prtry></BkTxCd><TxDtls><Refs><EndToEndId>NOREF</EndToEndId><TxId>100000000386695594</TxId></Refs><RltdPties><Dbtr><Nm>A Azeez-Mukaila</Nm></Dbtr><DbtrAcct><Id><PrtryAcct><Id>77910725401760</Id></PrtryAcct></Id></DbtrAcct><Cdtr><Nm>TANNES SOLUTION</Nm></Cdtr><CdtrAcct><Id><PrtryAcct><Id>23008200220991</Id></PrtryAcct></Id></CdtrAcct><Prtry><Tp>MRS AZEEZ</Tp><Pty/></Prtry></RltdPties><RmtInf><Strd><AddtlRmtInf>NO REF</AddtlRmtInf></Strd><Strd><AddtlRmtInf>A Azeez-Mukaila//MRS AZEEZ</AddtlRmtInf></Strd></RmtInf><RltdDts><TxDtTm>2018-09-13T12:04:57</TxDtTm></RltdDts><AddtlTxInf>1000000003866955941020180913826779107</AddtlTxInf></TxDtls><AddtlNtryInf>COMPLETE//0000//001//CREDIT</AddtlNtryInf></Ntry><Ntry><Amt Ccy="GBP">3000.00</Amt><CdtDbtInd>CRDT</CdtDbtInd><Sts>BOOK</Sts><BookgDt><Dt>2018-09-13</Dt></BookgDt><BkTxCd><Prtry><Cd>SIP UKBA CR 40269</Cd></Prtry></BkTxCd><TxDtls><Refs><EndToEndId>NOREF</EndToEndId><TxId>RP4679961279205700</TxId></Refs><RltdPties><Dbtr><Nm>UNI LTD T/AS CU</Nm></Dbtr><DbtrAcct><Id><PrtryAcct><Id>20199553969029</Id></PrtryAcct></Id></DbtrAcct><Cdtr><Nm>FINN ASSOCIATES</Nm></Cdtr><CdtrAcct><Id><PrtryAcct><Id>23008200221260</Id></PrtryAcct></Id></CdtrAcct><Prtry><Tp>INVOICE</Tp><Pty/></Prtry></RltdPties><RmtInf><Strd><AddtlRmtInf>NO REF</AddtlRmtInf></Strd><Strd><AddtlRmtInf>UNI LTD T/AS CU//INVOICE</AddtlRmtInf></Strd></RmtInf><RltdDts><TxDtTm>2018-09-13T12:09:01</TxDtTm></RltdDts><AddtlTxInf>RP46799612792057001020180913826200026</AddtlTxInf></TxDtls><AddtlNtryInf>COMPLETE//0000//001//CREDIT</AddtlNtryInf></Ntry><Ntry><Amt Ccy="GBP">227.00</Amt><CdtDbtInd>CRDT</CdtDbtInd><Sts>BOOK</Sts><BookgDt><Dt>2018-09-13</Dt></BookgDt><BkTxCd><Prtry><Cd>SIP UKBA CR 40269</Cd></Prtry></BkTxCd><TxDtls><Refs><EndToEndId>00151922632BBGPSTC</EndToEndId><TxId>00151922632BBGPSTC</TxId></Refs><RltdPties><Dbtr><Nm>SUSAN UKHUREBOR</Nm></Dbtr><DbtrAcct><Id><PrtryAcct><Id>09012712210587</Id></PrtryAcct></Id></DbtrAcct><Cdtr><Nm>RELIABLE SHOP</Nm></Cdtr><CdtrAcct><Id><PrtryAcct><Id>23008200035589</Id></PrtryAcct></Id></CdtrAcct><Prtry><Tp>Mrs Akugbe</Tp><Pty/></Prtry></RltdPties><RmtInf><Strd><AddtlRmtInf>NO REF</AddtlRmtInf></Strd><Strd><AddtlRmtInf>SUSAN UKHUREBOR//Mrs Akugbe</AddtlRmtInf></Strd></RmtInf><RltdDts><TxDtTm>2018-09-13T12:10:11</TxDtTm></RltdDts><AddtlTxInf>00151922632BBGPSTC1020180913826090127</AddtlTxInf></TxDtls><AddtlNtryInf>COMPLETE//0000//001//CREDIT</AddtlNtryInf></Ntry><Ntry><Amt Ccy="GBP">0.01</Amt><CdtDbtInd>CRDT</CdtDbtInd><Sts>BOOK</Sts><BookgDt><Dt>2018-09-13</Dt></BookgDt><BkTxCd><Prtry><Cd>SIP UKBA CR 40269</Cd></Prtry></BkTxCd><TxDtls><Refs><EndToEndId>PPRD00000000AN0BIU</EndToEndId><TxId>PPRD00000000AN0BIU</TxId></Refs><RltdPties><Dbtr><Nm>PAYPAL CODE 2231</Nm><PstlAdr><AdrLine>2211 N 1st Street San Jose CA 95131</AdrLine><Ctry/></PstlAdr></Dbtr><DbtrAcct><Id><PrtryAcct><Id>23526285010101</Id></PrtryAcct></Id></DbtrAcct><Cdtr><Nm>Jason Goodier</Nm><PstlAdr><AdrLine>Flat 6</AdrLine><Ctry/></PstlAdr></Cdtr><CdtrAcct><Id><PrtryAcct><Id>23008200221249</Id></PrtryAcct></Id></CdtrAcct><Prtry><Tp>PAYPAL CODE 2231</Tp><Pty/></Prtry></RltdPties><RmtInf><Strd><RfrdDocInf><RfrdDocTp><Prtry>002</Prtry></RfrdDocTp></RfrdDocInf><AddtlRmtInf>NO REF</AddtlRmtInf></Strd><Strd><AddtlRmtInf>PAYPAL CODE 2231//PAYPAL CODE 2231</AddtlRmtInf></Strd></RmtInf><RltdDts><TxDtTm>2018-09-13T12:14:53</TxDtTm></RltdDts><AddtlTxInf>PPRD00000000AN0BIU1020180913826235262</AddtlTxInf></TxDtls><AddtlNtryInf>COMPLETE//0000//001//CREDIT</AddtlNtryInf></Ntry><Ntry><Amt Ccy="GBP">0.01</Amt><CdtDbtInd>CRDT</CdtDbtInd><Sts>BOOK</Sts><BookgDt><Dt>2018-09-13</Dt></BookgDt><BkTxCd><Prtry><Cd>SIP UKBA CR 40269</Cd></Prtry></BkTxCd><TxDtls><Refs><EndToEndId>PPRD00000000AN0BPS</EndToEndId><TxId>PPRD00000000AN0BPS</TxId></Refs><RltdPties><Dbtr><Nm>PAYPAL CODE 3978</Nm><PstlAdr><AdrLine>2211 N 1st Street San Jose CA 95131</AdrLine><Ctry/></PstlAdr></Dbtr><DbtrAcct><Id><PrtryAcct><Id>23526285010101</Id></PrtryAcct></Id></DbtrAcct><Cdtr><Nm>Sebastian Bejma</Nm><PstlAdr><AdrLine>23 Buckstone Crescent</AdrLine><Ctry/></PstlAdr></Cdtr><CdtrAcct><Id><PrtryAcct><Id>23008200443745</Id></PrtryAcct></Id></CdtrAcct><Prtry><Tp>PAYPAL CODE 3978</Tp><Pty/></Prtry></RltdPties><RmtInf><Strd><RfrdDocInf><RfrdDocTp><Prtry>002</Prtry></RfrdDocTp></RfrdDocInf><AddtlRmtInf>NO REF</AddtlRmtInf></Strd><Strd><AddtlRmtInf>PAYPAL CODE 3978//PAYPAL CODE 3978</AddtlRmtInf></Strd></RmtInf><RltdDts><TxDtTm>2018-09-13T12:15:26</TxDtTm></RltdDts><AddtlTxInf>PPRD00000000AN0BPS1020180913826235262</AddtlTxInf></TxDtls><AddtlNtryInf>COMPLETE//0000//001//CREDIT</AddtlNtryInf></Ntry><Ntry><Amt Ccy="GBP">40.00</Amt><CdtDbtInd>CRDT</CdtDbtInd><Sts>BOOK</Sts><BookgDt><Dt>2018-09-13</Dt></BookgDt><BkTxCd><Prtry><Cd>DCA UKBA CR 40269</Cd></Prtry></BkTxCd><TxDtls><Refs><EndToEndId>NOREF</EndToEndId><TxId>000000013553554401</TxId><Prtry><Tp>STO REF</Tp><Ref>0000</Ref></Prtry></Refs><RltdPties><Dbtr><Nm>23327201971664</Nm></Dbtr><DbtrAcct><Id><PrtryAcct><Id>20594263428524</Id></PrtryAcct></Id></DbtrAcct><Cdtr><Nm>AYOBOLA ADEBAYO</Nm></Cdtr><CdtrAcct><Id><PrtryAcct><Id>23008200396290</Id></PrtryAcct></Id></CdtrAcct><Prtry><Tp>R</Tp><Pty/></Prtry></RltdPties><RmtInf><Strd><AddtlRmtInf>NO REF</AddtlRmtInf></Strd><Strd><AddtlRmtInf>23327201971664//R</AddtlRmtInf></Strd></RmtInf><RltdDts><TxDtTm>2018-09-13T12:17:01</TxDtTm></RltdDts><AddtlTxInf>0000000135535544015020180913826205942</AddtlTxInf></TxDtls><AddtlNtryInf>COMPLETE//0000//001//CREDIT</AddtlNtryInf></Ntry><Ntry><Amt Ccy="GBP">1005.25</Amt><CdtDbtInd>CRDT</CdtDbtInd><Sts>BOOK</Sts><BookgDt><Dt>2018-09-13</Dt></BookgDt><BkTxCd><Prtry><Cd>SIP UKBA CR 40269</Cd></Prtry></BkTxCd><TxDtls><Refs><EndToEndId>NOREF</EndToEndId><TxId>43122129957034000N</TxId><Prtry><Tp>STO REF</Tp><Ref>0000</Ref></Prtry></Refs><RltdPties><Dbtr><Nm>DWPGB UC FASTER PA</Nm></Dbtr><DbtrAcct><Id><PrtryAcct><Id>60708010025855</Id></PrtryAcct></Id></DbtrAcct><Cdtr><Nm>MR DAVID NIXON</Nm></Cdtr><CdtrAcct><Id><PrtryAcct><Id>23008200152570</Id></PrtryAcct></Id></CdtrAcct><Prtry><Tp>000R8050Q DWP UC</Tp><Pty/></Prtry></RltdPties><RmtInf><Strd><AddtlRmtInf>000R8050Q DWP UC</AddtlRmtInf></Strd><Strd><AddtlRmtInf>DWPGB UC FASTER PA//000R8050Q DWP UC</AddtlRmtInf></Strd></RmtInf><RltdDts><TxDtTm>2018-09-13T12:21:30</TxDtTm></RltdDts><AddtlTxInf>43122129957034000N1020180913826607080</AddtlTxInf></TxDtls><AddtlNtryInf>COMPLETE//0000//001//CREDIT</AddtlNtryInf></Ntry><Ntry><Amt Ccy="GBP">1005.25</Amt><CdtDbtInd>CRDT</CdtDbtInd><Sts>BOOK</Sts><BookgDt><Dt>2018-09-13</Dt></BookgDt><BkTxCd><Prtry><Cd>SIP UKBA CR 40269</Cd></Prtry></BkTxCd><TxDtls><Refs><EndToEndId>NOREF</EndToEndId><TxId>47122130119138000N</TxId><Prtry><Tp>STO REF</Tp><Ref>0000</Ref></Prtry></Refs><RltdPties><Dbtr><Nm>DWPGB UC FASTER PA</Nm></Dbtr><DbtrAcct><Id><PrtryAcct><Id>60708010025855</Id></PrtryAcct></Id></DbtrAcct><Cdtr><Nm>MR DAVID NIXON</Nm></Cdtr><CdtrAcct><Id><PrtryAcct><Id>23008200152570</Id></PrtryAcct></Id></CdtrAcct><Prtry><Tp>000R8050P DWP UC</Tp><Pty/></Prtry></RltdPties><RmtInf><Strd><AddtlRmtInf>000R8050P DWP UC</AddtlRmtInf></Strd><Strd><AddtlRmtInf>DWPGB UC FASTER PA//000R8050P DWP UC</AddtlRmtInf></Strd></RmtInf><RltdDts><TxDtTm>2018-09-13T12:21:30</TxDtTm></RltdDts><AddtlTxInf>47122130119138000N1020180913826607080</AddtlTxInf></TxDtls><AddtlNtryInf>COMPLETE//0000//001//CREDIT</AddtlNtryInf></Ntry><Ntry><Amt Ccy="GBP">2845.87</Amt><CdtDbtInd>CRDT</CdtDbtInd><Sts>BOOK</Sts><BookgDt><Dt>2018-09-13</Dt></BookgDt><BkTxCd><Prtry><Cd>DCA UKBA CR 40269</Cd></Prtry></BkTxCd><TxDtls><Refs><EndToEndId>NOREF</EndToEndId><TxId>000000013553609701</TxId><Prtry><Tp>STO REF</Tp><Ref>1685</Ref></Prtry></Refs><RltdPties><Dbtr><Nm>- LOOT FINANCIAL S</Nm></Dbtr><DbtrAcct><Id><PrtryAcct><Id>20035373152596</Id></PrtryAcct></Id></DbtrAcct><Cdtr><Nm>R MENDONCA</Nm></Cdtr><CdtrAcct><Id><PrtryAcct><Id>20594233939774</Id></PrtryAcct></Id></CdtrAcct><Prtry><Tp>RM-00353007/230082</Tp><Pty/></Prtry></RltdPties><RmtInf><Strd><AddtlRmtInf>NO REF</AddtlRmtInf></Strd><Strd><AddtlRmtInf>- LOOT FINANCIAL S//RM-00353007/230082</AddtlRmtInf></Strd></RmtInf><RltdDts><TxDtTm>2018-09-13T12:22:12</TxDtTm></RltdDts><AddtlTxInf>0000000135536097015020180913826200353</AddtlTxInf></TxDtls><AddtlNtryInf>COMPLETE//0000//001//CREDIT</AddtlNtryInf></Ntry><Ntry><Amt Ccy="GBP">1501.26</Amt><CdtDbtInd>CRDT</CdtDbtInd><Sts>BOOK</Sts><BookgDt><Dt>2018-09-13</Dt></BookgDt><BkTxCd><Prtry><Cd>SIP UKBA CR 40269</Cd></Prtry></BkTxCd><TxDtls><Refs><EndToEndId>NOREF</EndToEndId><TxId>400000000393154188</TxId></Refs><RltdPties><Dbtr><Nm>CHESTER BUILDINGS</Nm></Dbtr><DbtrAcct><Id><PrtryAcct><Id>30938425494968</Id></PrtryAcct></Id></DbtrAcct><Cdtr><Nm>RORY JOHNSON</Nm></Cdtr><CdtrAcct><Id><PrtryAcct><Id>23008200349763</Id></PrtryAcct></Id></CdtrAcct><Prtry><Tp>HINTON FIRS</Tp><Pty/></Prtry></RltdPties><RmtInf><Strd><AddtlRmtInf>NO REF</AddtlRmtInf></Strd><Strd><AddtlRmtInf>CHESTER BUILDINGS//HINTON FIRS</AddtlRmtInf></Strd></RmtInf><RltdDts><TxDtTm>2018-09-13T12:22:31</TxDtTm></RltdDts><AddtlTxInf>4000000003931541881020180913826309384</AddtlTxInf></TxDtls><AddtlNtryInf>COMPLETE//0000//001//CREDIT</AddtlNtryInf></Ntry><Ntry><Amt Ccy="GBP">1400.00</Amt><CdtDbtInd>CRDT</CdtDbtInd><Sts>BOOK</Sts><BookgDt><Dt>2018-09-13</Dt></BookgDt><BkTxCd><Prtry><Cd>SIP UKBA CR 40269</Cd></Prtry></BkTxCd><TxDtls><Refs><EndToEndId>NOREF</EndToEndId><TxId>RP4659984446927900</TxId></Refs><RltdPties><Dbtr><Nm>SECURE FM LTD</Nm></Dbtr><DbtrAcct><Id><PrtryAcct><Id>20454550932698</Id></PrtryAcct></Id></DbtrAcct><Cdtr><Nm>RELLIEF SECURE</Nm></Cdtr><CdtrAcct><Id><PrtryAcct><Id>23008200031623</Id></PrtryAcct></Id></CdtrAcct><Prtry><Tp>SLA/INV/97523</Tp><Pty/></Prtry></RltdPties><RmtInf><Strd><AddtlRmtInf>NO REF</AddtlRmtInf></Strd><Strd><AddtlRmtInf>SECURE FM LTD//SLA/INV/97523</AddtlRmtInf></Strd></RmtInf><RltdDts><TxDtTm>2018-09-13T12:22:56</TxDtTm></RltdDts><AddtlTxInf>RP46599844469279001020180913826200026</AddtlTxInf></TxDtls><AddtlNtryInf>COMPLETE//0000//001//CREDIT</AddtlNtryInf></Ntry><Ntry><Amt Ccy="GBP">160.00</Amt><CdtDbtInd>CRDT</CdtDbtInd><Sts>BOOK</Sts><BookgDt><Dt>2018-09-13</Dt></BookgDt><BkTxCd><Prtry><Cd>SIP UKBA CR 40269</Cd></Prtry></BkTxCd><TxDtls><Refs><EndToEndId>NOREF</EndToEndId><TxId>180913122756432175</TxId></Refs><RltdPties><Dbtr><Nm>Gordon MacLean</Nm></Dbtr><DbtrAcct><Id><PrtryAcct><Id>87345286295460</Id></PrtryAcct></Id></DbtrAcct><Cdtr><Nm>BAEMMS LTD</Nm></Cdtr><CdtrAcct><Id><PrtryAcct><Id>23008200223303</Id></PrtryAcct></Id></CdtrAcct><Prtry><Tp>Gordy Maclean</Tp><Pty/></Prtry></RltdPties><RmtInf><Strd><AddtlRmtInf>NO REF</AddtlRmtInf></Strd><Strd><AddtlRmtInf>Gordon MacLean//Gordy Maclean</AddtlRmtInf></Strd></RmtInf><RltdDts><TxDtTm>2018-09-13T12:27:53</TxDtTm></RltdDts><AddtlTxInf>1809131227564321751020180913826873452</AddtlTxInf></TxDtls><AddtlNtryInf>COMPLETE//0000//001//CREDIT</AddtlNtryInf></Ntry><Ntry><Amt Ccy="GBP">600.00</Amt><CdtDbtInd>CRDT</CdtDbtInd><Sts>BOOK</Sts><BookgDt><Dt>2018-09-13</Dt></BookgDt><BkTxCd><Prtry><Cd>SIP UKBA CR 40269</Cd></Prtry></BkTxCd><TxDtls><Refs><EndToEndId>NOREF</EndToEndId><TxId>148653139221319001</TxId><Prtry><Tp>STO REF</Tp><Ref>0000</Ref></Prtry></Refs><RltdPties><Dbtr><Nm>STONE J K</Nm></Dbtr><DbtrAcct><Id><PrtryAcct><Id>40243381759701</Id></PrtryAcct></Id></DbtrAcct><Cdtr><Nm>EDUARDO BEUILLE</Nm></Cdtr><CdtrAcct><Id><PrtryAcct><Id>23008200413749</Id></PrtryAcct></Id></CdtrAcct><Prtry><Tp>Depsoite</Tp><Pty/></Prtry></RltdPties><RmtInf><Strd><AddtlRmtInf>NO REF</AddtlRmtInf></Strd><Strd><AddtlRmtInf>STONE J K//Depsoite</AddtlRmtInf></Strd></RmtInf><RltdDts><TxDtTm>2018-09-13T12:29:31</TxDtTm></RltdDts><AddtlTxInf>1486531392213190011020180913826402433</AddtlTxInf></TxDtls><AddtlNtryInf>COMPLETE//0000//001//CREDIT</AddtlNtryInf></Ntry></Ntfctn></BkToCstmrDbtCdtNtfctnV01></Document>