<?xml version="1.0" encoding="UTF-8"?><Document xmlns:xsi="http://www.w3.org/2001/XMLSchema-instance" xmlns="urn:iso:std:iso:20022:tech:xsd:camt.054.001.01"><BkToCstmrDbtCdtNtfctnV01><GrpHdr><MsgId>80309K//13454</MsgId><CreDtTm>2018-09-28T16:30:00</CreDtTm></GrpHdr><Ntfctn><Id>80309K//13454//1</Id><CreDtTm>2018-09-28T16:30:00</CreDtTm><Acct><Id><PrtryAcct><Id>20594233939774</Id></PrtryAcct></Id><Ccy>GBP</Ccy></Acct><TxsSummry><TtlNtries><NbOfNtries>13</NbOfNtries><Sum>2915.78</Sum></TtlNtries><TtlCdtNtries><NbOfNtries>13</NbOfNtries><Sum>2915.78</Sum></TtlCdtNtries><TtlDbtNtries><NbOfNtries>0</NbOfNtries><Sum>0.00</Sum></TtlDbtNtries></TxsSummry><Ntry><Amt Ccy="GBP">312.00</Amt><CdtDbtInd>CRDT</CdtDbtInd><Sts>BOOK</Sts><BookgDt><Dt>2018-09-28</Dt></BookgDt><BkTxCd><Prtry><Cd>SIP UKBA CR 40269</Cd></Prtry></BkTxCd><TxDtls><Refs><EndToEndId>NOREF</EndToEndId><TxId>23160109139378000N</TxId><Prtry><Tp>STO REF</Tp><Ref>0000</Ref></Prtry></Refs><RltdPties><Dbtr><Nm>HAWKINS.HUSK LTD</Nm><PstlAdr><AdrLine>APS COTTONS CENTRE SE1 2QG</AdrLine><Ctry/></PstlAdr></Dbtr><DbtrAcct><Id><PrtryAcct><Id>08719941554757</Id></PrtryAcct></Id></DbtrAcct><Cdtr><Nm>GLEN CHALKLEY</Nm></Cdtr><CdtrAcct><Id><PrtryAcct><Id>23008200029861</Id></PrtryAcct></Id></CdtrAcct><Prtry><Tp>HAWKINS HUSK LTD</Tp><Pty/></Prtry></RltdPties><RmtInf><Strd><AddtlRmtInf>HAWKINS HUSK LTD</AddtlRmtInf></Strd><Strd><AddtlRmtInf>HAWKINS.HUSK LTD//HAWKINS HUSK LTD</AddtlRmtInf></Strd></RmtInf><RltdDts><TxDtTm>2018-09-28T16:01:09</TxDtTm></RltdDts><AddtlTxInf>23160109139378000N1020180928826087199</AddtlTxInf></TxDtls><AddtlNtryInf>COMPLETE//0000//002//CREDIT</AddtlNtryInf></Ntry><Ntry><Amt Ccy="GBP">195.44</Amt><CdtDbtInd>CRDT</CdtDbtInd><Sts>BOOK</Sts><BookgDt><Dt>2018-09-28</Dt></BookgDt><BkTxCd><Prtry><Cd>SIP UKBA CR 40269</Cd></Prtry></BkTxCd><TxDtls><Refs><EndToEndId>NOREF</EndToEndId><TxId>RP4659985582212100</TxId></Refs><RltdPties><Dbtr><Nm>DIALSTONE C T/AS</Nm></Dbtr><DbtrAcct><Id><PrtryAcct><Id>20821330849626</Id></PrtryAcct></Id></DbtrAcct><Cdtr><Nm>K BOROWIK</Nm></Cdtr><CdtrAcct><Id><PrtryAcct><Id>23008200330696</Id></PrtryAcct></Id></CdtrAcct><Prtry><Tp>WAGES</Tp><Pty/></Prtry></RltdPties><RmtInf><Strd><AddtlRmtInf>NO REF</AddtlRmtInf></Strd><Strd><AddtlRmtInf>DIALSTONE C T/AS//WAGES</AddtlRmtInf></Strd></RmtInf><RltdDts><TxDtTm>2018-09-28T16:05:17</TxDtTm></RltdDts><AddtlTxInf>RP46599855822121001020180928826200026</AddtlTxInf></TxDtls><AddtlNtryInf>COMPLETE//0000//002//CREDIT</AddtlNtryInf></Ntry><Ntry><Amt Ccy="GBP">100.00</Amt><CdtDbtInd>CRDT</CdtDbtInd><Sts>BOOK</Sts><BookgDt><Dt>2018-09-28</Dt></BookgDt><BkTxCd><Prtry><Cd>SIP UKBA CR 40269</Cd></Prtry></BkTxCd><TxDtls><Refs><EndToEndId>NOREF</EndToEndId><TxId>600000000392765340</TxId></Refs><RltdPties><Dbtr><Nm>J Chrappah</Nm></Dbtr><DbtrAcct><Id><PrtryAcct><Id>11181131677974</Id></PrtryAcct></Id></DbtrAcct><Cdtr><Nm>JAYARO</Nm></Cdtr><CdtrAcct><Id><PrtryAcct><Id>23008200207569</Id></PrtryAcct></Id></CdtrAcct><Prtry><Tp>FUNDS3</Tp><Pty/></Prtry></RltdPties><RmtInf><Strd><AddtlRmtInf>NO REF</AddtlRmtInf></Strd><Strd><AddtlRmtInf>J Chrappah//FUNDS3</AddtlRmtInf></Strd></RmtInf><RltdDts><TxDtTm>2018-09-28T16:06:23</TxDtTm></RltdDts><AddtlTxInf>6000000003927653401020180928826111811</AddtlTxInf></TxDtls><AddtlNtryInf>COMPLETE//0000//002//CREDIT</AddtlNtryInf></Ntry><Ntry><Amt Ccy="GBP">720.00</Amt><CdtDbtInd>CRDT</CdtDbtInd><Sts>BOOK</Sts><BookgDt><Dt>2018-09-28</Dt></BookgDt><BkTxCd><Prtry><Cd>SIP UKBA CR 40269</Cd></Prtry></BkTxCd><TxDtls><Refs><EndToEndId>NOREF</EndToEndId><TxId>500000000393050702</TxId></Refs><RltdPties><Dbtr><Nm>K Datta</Nm></Dbtr><DbtrAcct><Id><PrtryAcct><Id>30911202536650</Id></PrtryAcct></Id></DbtrAcct><Cdtr><Nm>steven Crossman</Nm></Cdtr><CdtrAcct><Id><PrtryAcct><Id>23008200359162</Id></PrtryAcct></Id></CdtrAcct><Prtry><Tp>Kaushirk k Datta</Tp><Pty/></Prtry></RltdPties><RmtInf><Strd><AddtlRmtInf>NO REF</AddtlRmtInf></Strd><Strd><AddtlRmtInf>K Datta//Kaushirk k Datta</AddtlRmtInf></Strd></RmtInf><RltdDts><TxDtTm>2018-09-28T16:09:18</TxDtTm></RltdDts><AddtlTxInf>5000000003930507021020180928826309112</AddtlTxInf></TxDtls><AddtlNtryInf>COMPLETE//0000//002//CREDIT</AddtlNtryInf></Ntry><Ntry><Amt Ccy="GBP">11.00</Amt><CdtDbtInd>CRDT</CdtDbtInd><Sts>BOOK</Sts><BookgDt><Dt>2018-09-28</Dt></BookgDt><BkTxCd><Prtry><Cd>SIP UKBA CR 40269</Cd></Prtry></BkTxCd><TxDtls><Refs><EndToEndId>NOREF</EndToEndId><TxId>100000000391395330</TxId></Refs><RltdPties><Dbtr><Nm>S Bedford</Nm></Dbtr><DbtrAcct><Id><PrtryAcct><Id>30926845961060</Id></PrtryAcct></Id></DbtrAcct><Cdtr><Nm>ARRO</Nm></Cdtr><CdtrAcct><Id><PrtryAcct><Id>23008200007224</Id></PrtryAcct></Id></CdtrAcct><Prtry><Tp>LLOYDS BANK</Tp><Pty/></Prtry></RltdPties><RmtInf><Strd><AddtlRmtInf>NO REF</AddtlRmtInf></Strd><Strd><AddtlRmtInf>S Bedford//LLOYDS BANK</AddtlRmtInf></Strd></RmtInf><RltdDts><TxDtTm>2018-09-28T16:11:32</TxDtTm></RltdDts><AddtlTxInf>1000000003913953301020180928826309268</AddtlTxInf></TxDtls><AddtlNtryInf>COMPLETE//0000//002//CREDIT</AddtlNtryInf></Ntry><Ntry><Amt Ccy="GBP">73.00</Amt><CdtDbtInd>CRDT</CdtDbtInd><Sts>BOOK</Sts><BookgDt><Dt>2018-09-28</Dt></BookgDt><BkTxCd><Prtry><Cd>SIP UKBA CR 40269</Cd></Prtry></BkTxCd><TxDtls><Refs><EndToEndId>000000FT18271RYP0X</EndToEndId><TxId>000000FT18271RYP0X</TxId></Refs><RltdPties><Dbtr><Nm>EMILY AMBER LEEFIELD</Nm><PstlAdr><AdrLine>GROUND FLOOR FLAT;LONDON</AdrLine><Ctry/></PstlAdr></Dbtr><DbtrAcct><Id><PrtryAcct><Id>23058021664677</Id></PrtryAcct></Id></DbtrAcct><Cdtr><Nm>GIORGIOS KLADAKIS</Nm><PstlAdr><AdrLine>WIRECARD;WIRECARD CARD SOLUTIONS</AdrLine><Ctry/></PstlAdr></Cdtr><CdtrAcct><Id><PrtryAcct><Id>23008200224810</Id></PrtryAcct></Id></CdtrAcct><Prtry><Tp>amber leefield</Tp><Pty/></Prtry></RltdPties><RmtInf><Strd><AddtlRmtInf>NO REF</AddtlRmtInf></Strd><Strd><AddtlRmtInf>EMILY AMBER LEEFIE//amber leefield</AddtlRmtInf></Strd></RmtInf><RltdDts><TxDtTm>2018-09-28T16:14:28</TxDtTm></RltdDts><AddtlTxInf>000000FT18271RYP0X1020180928826230580</AddtlTxInf></TxDtls><AddtlNtryInf>COMPLETE//0000//002//CREDIT</AddtlNtryInf></Ntry><Ntry><Amt Ccy="GBP">100.00</Amt><CdtDbtInd>CRDT</CdtDbtInd><Sts>BOOK</Sts><BookgDt><Dt>2018-09-28</Dt></BookgDt><BkTxCd><Prtry><Cd>SIP UKBA CR 40269</Cd></Prtry></BkTxCd><TxDtls><Refs><EndToEndId>NOREF</EndToEndId><TxId>24162132638033000N</TxId><Prtry><Tp>STO REF</Tp><Ref>0000</Ref></Prtry></Refs><RltdPties><Dbtr><Nm>S. PAGE</Nm></Dbtr><DbtrAcct><Id><PrtryAcct><Id>56006035464720</Id></PrtryAcct></Id></DbtrAcct><Cdtr><Nm>GEORGIA SAVAGE</Nm></Cdtr><CdtrAcct><Id><PrtryAcct><Id>23008200293180</Id></PrtryAcct></Id></CdtrAcct><Prtry><Tp>SOPH</Tp><Pty/></Prtry></RltdPties><RmtInf><Strd><AddtlRmtInf>S. PAGE           SOPH</AddtlRmtInf></Strd><Strd><AddtlRmtInf>S. PAGE//SOPH</AddtlRmtInf></Strd></RmtInf><RltdDts><TxDtTm>2018-09-28T16:21:33</TxDtTm></RltdDts><AddtlTxInf>24162132638033000N1020180928826560060</AddtlTxInf></TxDtls><AddtlNtryInf>COMPLETE//0000//002//CREDIT</AddtlNtryInf></Ntry><Ntry><Amt Ccy="GBP">352.00</Amt><CdtDbtInd>CRDT</CdtDbtInd><Sts>BOOK</Sts><BookgDt><Dt>2018-09-28</Dt></BookgDt><BkTxCd><Prtry><Cd>SIP UKBA CR 40269</Cd></Prtry></BkTxCd><TxDtls><Refs><EndToEndId>NOREF</EndToEndId><TxId>100000000391400850</TxId></Refs><RltdPties><Dbtr><Nm>Surrey Building Co</Nm></Dbtr><DbtrAcct><Id><PrtryAcct><Id>30803336628068</Id></PrtryAcct></Id></DbtrAcct><Cdtr><Nm>LEE HENSTOCK</Nm></Cdtr><CdtrAcct><Id><PrtryAcct><Id>23008200091868</Id></PrtryAcct></Id></CdtrAcct><Prtry><Tp>SURREY BUILDING</Tp><Pty/></Prtry></RltdPties><RmtInf><Strd><AddtlRmtInf>NO REF</AddtlRmtInf></Strd><Strd><AddtlRmtInf>Surrey Building Co//SURREY BUILDING</AddtlRmtInf></Strd></RmtInf><RltdDts><TxDtTm>2018-09-28T16:21:52</TxDtTm></RltdDts><AddtlTxInf>1000000003914008501020180928826308033</AddtlTxInf></TxDtls><AddtlNtryInf>COMPLETE//0000//002//CREDIT</AddtlNtryInf></Ntry><Ntry><Amt Ccy="GBP">87.25</Amt><CdtDbtInd>CRDT</CdtDbtInd><Sts>BOOK</Sts><BookgDt><Dt>2018-09-28</Dt></BookgDt><BkTxCd><Prtry><Cd>SIP UKBA CR 40269</Cd></Prtry></BkTxCd><TxDtls><Refs><EndToEndId>NOREF</EndToEndId><TxId>400000000397857887</TxId></Refs><RltdPties><Dbtr><Nm>A Jabeen</Nm></Dbtr><DbtrAcct><Id><PrtryAcct><Id>80471101051061</Id></PrtryAcct></Id></DbtrAcct><Cdtr><Nm>ABUBAKAR ASHRAF</Nm></Cdtr><CdtrAcct><Id><PrtryAcct><Id>23008200401667</Id></PrtryAcct></Id></CdtrAcct><Prtry><Tp>SAVINGS</Tp><Pty/></Prtry></RltdPties><RmtInf><Strd><AddtlRmtInf>NO REF</AddtlRmtInf></Strd><Strd><AddtlRmtInf>A Jabeen//SAVINGS</AddtlRmtInf></Strd></RmtInf><RltdDts><TxDtTm>2018-09-28T16:22:23</TxDtTm></RltdDts><AddtlTxInf>4000000003978578871020180928826804711</AddtlTxInf></TxDtls><AddtlNtryInf>COMPLETE//0000//002//CREDIT</AddtlNtryInf></Ntry><Ntry><Amt Ccy="GBP">923.08</Amt><CdtDbtInd>CRDT</CdtDbtInd><Sts>BOOK</Sts><BookgDt><Dt>2018-09-28</Dt></BookgDt><BkTxCd><Prtry><Cd>STO UKBA CR 40267</Cd></Prtry></BkTxCd><TxDtls><Refs><EndToEndId>NOREF</EndToEndId><TxId>600000000392777371</TxId></Refs><RltdPties><Dbtr><Nm>ACCESS WEALTH MANA</Nm></Dbtr><DbtrAcct><Id><PrtryAcct><Id>30941933463068</Id></PrtryAcct></Id></DbtrAcct><Cdtr><Nm>G KENNEDY</Nm></Cdtr><CdtrAcct><Id><PrtryAcct><Id>23008200005387</Id></PrtryAcct></Id></CdtrAcct><Prtry><Tp>AML LTD</Tp><Pty/></Prtry></RltdPties><RmtInf><Strd><AddtlRmtInf>NO REF</AddtlRmtInf></Strd><Strd><AddtlRmtInf>ACCESS WEALTH MANA//AML LTD</AddtlRmtInf></Strd></RmtInf><RltdDts><TxDtTm>2018-09-28T16:25:13</TxDtTm></RltdDts><AddtlTxInf>6000000003927773713020180928826309419</AddtlTxInf></TxDtls><AddtlNtryInf>COMPLETE//0000//002//CREDIT</AddtlNtryInf></Ntry><Ntry><Amt Ccy="GBP">22.00</Amt><CdtDbtInd>CRDT</CdtDbtInd><Sts>BOOK</Sts><BookgDt><Dt>2018-09-28</Dt></BookgDt><BkTxCd><Prtry><Cd>SIP UKBA CR 40269</Cd></Prtry></BkTxCd><TxDtls><Refs><EndToEndId>NOREF</EndToEndId><TxId>180928162552931386</TxId></Refs><RltdPties><Dbtr><Nm>Edgars Bluss</Nm></Dbtr><DbtrAcct><Id><PrtryAcct><Id>87343078910662</Id></PrtryAcct></Id></DbtrAcct><Cdtr><Nm>Ruslan Aleksejevs</Nm></Cdtr><CdtrAcct><Id><PrtryAcct><Id>23008200445603</Id></PrtryAcct></Id></CdtrAcct></RltdPties><RmtInf><Strd><AddtlRmtInf>NO REF</AddtlRmtInf></Strd><Strd><AddtlRmtInf>Edgars Bluss//</AddtlRmtInf></Strd></RmtInf><RltdDts><TxDtTm>2018-09-28T16:25:50</TxDtTm></RltdDts><AddtlTxInf>1809281625529313861020180928826873430</AddtlTxInf></TxDtls><AddtlNtryInf>COMPLETE//0000//002//CREDIT</AddtlNtryInf></Ntry><Ntry><Amt Ccy="GBP">20.00</Amt><CdtDbtInd>CRDT</CdtDbtInd><Sts>BOOK</Sts><BookgDt><Dt>2018-09-28</Dt></BookgDt><BkTxCd><Prtry><Cd>SIP UKBA CR 40269</Cd></Prtry></BkTxCd><TxDtls><Refs><EndToEndId>NOREF</EndToEndId><TxId>098425618261829001</TxId><Prtry><Tp>STO REF</Tp><Ref>0000</Ref></Prtry></Refs><RltdPties><Dbtr><Nm>CAPES F</Nm></Dbtr><DbtrAcct><Id><PrtryAcct><Id>40125550332925</Id></PrtryAcct></Id></DbtrAcct><Cdtr><Nm>MR MARTYN MITCHELL</Nm></Cdtr><CdtrAcct><Id><PrtryAcct><Id>23008200389306</Id></PrtryAcct></Id></CdtrAcct><Prtry><Tp>Lend</Tp><Pty/></Prtry></RltdPties><RmtInf><Strd><AddtlRmtInf>NO REF</AddtlRmtInf></Strd><Strd><AddtlRmtInf>CAPES F//Lend</AddtlRmtInf></Strd></RmtInf><RltdDts><TxDtTm>2018-09-28T16:28:16</TxDtTm></RltdDts><AddtlTxInf>0984256182618290011020180928826401255</AddtlTxInf></TxDtls><AddtlNtryInf>COMPLETE//0000//002//CREDIT</AddtlNtryInf></Ntry><Ntry><Amt Ccy="GBP">0.01</Amt><CdtDbtInd>CRDT</CdtDbtInd><Sts>BOOK</Sts><BookgDt><Dt>2018-09-28</Dt></BookgDt><BkTxCd><Prtry><Cd>SIP UKBA CR 40269</Cd></Prtry></BkTxCd><TxDtls><Refs><EndToEndId>PPRD00000000AQVVQY</EndToEndId><TxId>PPRD00000000AQVVQY</TxId></Refs><RltdPties><Dbtr><Nm>PAYPAL CODE 6642</Nm><PstlAdr><AdrLine>2211 N 1st Street San Jose CA 95131</AdrLine><Ctry/></PstlAdr></Dbtr><DbtrAcct><Id><PrtryAcct><Id>23526285010101</Id></PrtryAcct></Id></DbtrAcct><Cdtr><Nm>OBD.SALE</Nm><PstlAdr><AdrLine>3 OLD FORGE ROAD</AdrLine><Ctry/></PstlAdr></Cdtr><CdtrAcct><Id><PrtryAcct><Id>23008200346795</Id></PrtryAcct></Id></CdtrAcct><Prtry><Tp>PAYPAL CODE 6642</Tp><Pty/></Prtry></RltdPties><RmtInf><Strd><RfrdDocInf><RfrdDocTp><Prtry>002</Prtry></RfrdDocTp></RfrdDocInf><AddtlRmtInf>NO REF</AddtlRmtInf></Strd><Strd><AddtlRmtInf>PAYPAL CODE 6642//PAYPAL CODE 6642</AddtlRmtInf></Strd></RmtInf><RltdDts><TxDtTm>2018-09-28T16:29:02</TxDtTm></RltdDts><AddtlTxInf>PPRD00000000AQVVQY1020180928826235262</AddtlTxInf></TxDtls><AddtlNtryInf>COMPLETE//0000//002//CREDIT</AddtlNtryInf></Ntry></Ntfctn></BkToCstmrDbtCdtNtfctnV01></Document>