<?xml version="1.0" encoding="UTF-8"?><Document xmlns:xsi="http://www.w3.org/2001/XMLSchema-instance" xmlns="urn:iso:std:iso:20022:tech:xsd:camt.054.001.01"><BkToCstmrDbtCdtNtfctnV01><GrpHdr><MsgId>80309K//12439</MsgId><CreDtTm>2018-09-05T07:00:00</CreDtTm></GrpHdr><Ntfctn><Id>80309K//12439//1</Id><CreDtTm>2018-09-05T07:00:00</CreDtTm><Acct><Id><PrtryAcct><Id>20594233939774</Id></PrtryAcct></Id><Ccy>GBP</Ccy></Acct><TxsSummry><TtlNtries><NbOfNtries>7</NbOfNtries><Sum>207.01</Sum></TtlNtries><TtlCdtNtries><NbOfNtries>7</NbOfNtries><Sum>207.01</Sum></TtlCdtNtries><TtlDbtNtries><NbOfNtries>0</NbOfNtries><Sum>0.00</Sum></TtlDbtNtries></TxsSummry><Ntry><Amt Ccy="GBP">30.00</Amt><CdtDbtInd>CRDT</CdtDbtInd><Sts>BOOK</Sts><BookgDt><Dt>2018-09-05</Dt></BookgDt><BkTxCd><Prtry><Cd>SIP UKBA CR 40269</Cd></Prtry></BkTxCd><TxDtls><Refs><EndToEndId>TRAVEL</EndToEndId><TxId>55063107802502000N</TxId><Prtry><Tp>STO REF</Tp><Ref>0000</Ref></Prtry></Refs><RltdPties><Dbtr><Nm>FARMER CS</Nm></Dbtr><DbtrAcct><Id><PrtryAcct><Id>60233682539782</Id></PrtryAcct></Id></DbtrAcct><Cdtr><Nm>BEN MORUTHANE</Nm></Cdtr><CdtrAcct><Id><PrtryAcct><Id>23008200209247</Id></PrtryAcct></Id></CdtrAcct><Prtry><Tp>TRAVEL</Tp><Pty/></Prtry></RltdPties><RmtInf><Strd><AddtlRmtInf>FARMER CS         TRAVEL            VIA MOBILE - LVP</AddtlRmtInf></Strd><Strd><AddtlRmtInf>FARMER CS//TRAVEL</AddtlRmtInf></Strd></RmtInf><RltdDts><TxDtTm>2018-09-05T06:31:08</TxDtTm></RltdDts><AddtlTxInf>55063107802502000N1020180905826602336</AddtlTxInf></TxDtls><AddtlNtryInf>COMPLETE//0000//003//CREDIT</AddtlNtryInf></Ntry><Ntry><Amt Ccy="GBP">1.00</Amt><CdtDbtInd>CRDT</CdtDbtInd><Sts>BOOK</Sts><BookgDt><Dt>2018-09-05</Dt></BookgDt><BkTxCd><Prtry><Cd>SIP UKBA CR 40269</Cd></Prtry></BkTxCd><TxDtls><Refs><EndToEndId>MONEU</EndToEndId><TxId>33063240400722000N</TxId><Prtry><Tp>STO REF</Tp><Ref>0000</Ref></Prtry></Refs><RltdPties><Dbtr><Nm>MUSA KI</Nm></Dbtr><DbtrAcct><Id><PrtryAcct><Id>60132045673888</Id></PrtryAcct></Id></DbtrAcct><Cdtr><Nm>YASEN SHARIF</Nm></Cdtr><CdtrAcct><Id><PrtryAcct><Id>23008200350539</Id></PrtryAcct></Id></CdtrAcct><Prtry><Tp>MONEU</Tp><Pty/></Prtry></RltdPties><RmtInf><Strd><AddtlRmtInf>MUSA KI           MONEU             VIA MOBILE - LVP</AddtlRmtInf></Strd><Strd><AddtlRmtInf>MUSA KI//MONEU</AddtlRmtInf></Strd></RmtInf><RltdDts><TxDtTm>2018-09-05T06:32:40</TxDtTm></RltdDts><AddtlTxInf>33063240400722000N1020180905826601320</AddtlTxInf></TxDtls><AddtlNtryInf>COMPLETE//0000//003//CREDIT</AddtlNtryInf></Ntry><Ntry><Amt Ccy="GBP">2.01</Amt><CdtDbtInd>CRDT</CdtDbtInd><Sts>BOOK</Sts><BookgDt><Dt>2018-09-05</Dt></BookgDt><BkTxCd><Prtry><Cd>SIP UKBA CR 40269</Cd></Prtry></BkTxCd><TxDtls><Refs><EndToEndId>00153425632BVWTDTM</EndToEndId><TxId>00153425632BVWTDTM</TxId></Refs><RltdPties><Dbtr><Nm>THOMAS GRAHAM</Nm></Dbtr><DbtrAcct><Id><PrtryAcct><Id>09012876143914</Id></PrtryAcct></Id></DbtrAcct><Cdtr><Nm>ME</Nm></Cdtr><CdtrAcct><Id><PrtryAcct><Id>23008200087540</Id></PrtryAcct></Id></CdtrAcct><Prtry><Tp>transfer</Tp><Pty/></Prtry></RltdPties><RmtInf><Strd><AddtlRmtInf>NO REF</AddtlRmtInf></Strd><Strd><AddtlRmtInf>THOMAS GRAHAM//transfer</AddtlRmtInf></Strd></RmtInf><RltdDts><TxDtTm>2018-09-05T06:32:55</TxDtTm></RltdDts><AddtlTxInf>00153425632BVWTDTM1020180905826090128</AddtlTxInf></TxDtls><AddtlNtryInf>COMPLETE//0000//003//CREDIT</AddtlNtryInf></Ntry><Ntry><Amt Ccy="GBP">24.00</Amt><CdtDbtInd>CRDT</CdtDbtInd><Sts>BOOK</Sts><BookgDt><Dt>2018-09-05</Dt></BookgDt><BkTxCd><Prtry><Cd>SIP UKBA CR 40269</Cd></Prtry></BkTxCd><TxDtls><Refs><EndToEndId>NOREF</EndToEndId><TxId>600000000385818956</TxId></Refs><RltdPties><Dbtr><Nm>E Docherty</Nm></Dbtr><DbtrAcct><Id><PrtryAcct><Id>77210434337960</Id></PrtryAcct></Id></DbtrAcct><Cdtr><Nm>JAMES NEW</Nm></Cdtr><CdtrAcct><Id><PrtryAcct><Id>23008200089440</Id></PrtryAcct></Id></CdtrAcct><Prtry><Tp>LONDON</Tp><Pty/></Prtry></RltdPties><RmtInf><Strd><AddtlRmtInf>NO REF</AddtlRmtInf></Strd><Strd><AddtlRmtInf>E Docherty//LONDON</AddtlRmtInf></Strd></RmtInf><RltdDts><TxDtTm>2018-09-05T06:38:57</TxDtTm></RltdDts><AddtlTxInf>6000000003858189561020180905826772104</AddtlTxInf></TxDtls><AddtlNtryInf>COMPLETE//0000//003//CREDIT</AddtlNtryInf></Ntry><Ntry><Amt Ccy="GBP">100.00</Amt><CdtDbtInd>CRDT</CdtDbtInd><Sts>BOOK</Sts><BookgDt><Dt>2018-09-05</Dt></BookgDt><BkTxCd><Prtry><Cd>SIP UKBA CR 40269</Cd></Prtry></BkTxCd><TxDtls><Refs><EndToEndId>NOREF</EndToEndId><TxId>PDL4SOAANQVBWYLR8V</TxId></Refs><RltdPties><Dbtr><Nm>Gus Nado</Nm><PstlAdr><AdrLine>121 Henshall Avenue, WA4 1XF</AdrLine><Ctry/></PstlAdr></Dbtr><DbtrAcct><Id><PrtryAcct><Id>04000420584983</Id></PrtryAcct></Id></DbtrAcct><Cdtr><Nm>Gus NADO</Nm></Cdtr><CdtrAcct><Id><PrtryAcct><Id>23008200149542</Id></PrtryAcct></Id></CdtrAcct></RltdPties><RmtInf><Strd><AddtlRmtInf>NO REF</AddtlRmtInf></Strd><Strd><AddtlRmtInf>Gus Nado//</AddtlRmtInf></Strd></RmtInf><RltdDts><TxDtTm>2018-09-05T06:44:43</TxDtTm></RltdDts><AddtlTxInf>PDL4SOAANQVBWYLR8V1020180905826040004</AddtlTxInf></TxDtls><AddtlNtryInf>COMPLETE//0000//003//CREDIT</AddtlNtryInf></Ntry><Ntry><Amt Ccy="GBP">40.00</Amt><CdtDbtInd>CRDT</CdtDbtInd><Sts>BOOK</Sts><BookgDt><Dt>2018-09-05</Dt></BookgDt><BkTxCd><Prtry><Cd>SIP UKBA CR 40269</Cd></Prtry></BkTxCd><TxDtls><Refs><EndToEndId>NOREF</EndToEndId><TxId>RP4659983868107000</TxId></Refs><RltdPties><Dbtr><Nm>SOTANDE E O</Nm></Dbtr><DbtrAcct><Id><PrtryAcct><Id>20489503123243</Id></PrtryAcct></Id></DbtrAcct><Cdtr><Nm>EXPORT SOLUTION</Nm></Cdtr><CdtrAcct><Id><PrtryAcct><Id>23008200044254</Id></PrtryAcct></Id></CdtrAcct><Prtry><Tp>E SOTANDE</Tp><Pty/></Prtry></RltdPties><RmtInf><Strd><AddtlRmtInf>NO REF</AddtlRmtInf></Strd><Strd><AddtlRmtInf>SOTANDE E O//E SOTANDE</AddtlRmtInf></Strd></RmtInf><RltdDts><TxDtTm>2018-09-05T06:45:29</TxDtTm></RltdDts><AddtlTxInf>RP46599838681070001020180905826200026</AddtlTxInf></TxDtls><AddtlNtryInf>COMPLETE//0000//003//CREDIT</AddtlNtryInf></Ntry><Ntry><Amt Ccy="GBP">10.00</Amt><CdtDbtInd>CRDT</CdtDbtInd><Sts>BOOK</Sts><BookgDt><Dt>2018-09-05</Dt></BookgDt><BkTxCd><Prtry><Cd>SIP UKBA CR 40269</Cd></Prtry></BkTxCd><TxDtls><Refs><EndToEndId>PPWD00000000AKWBZ4</EndToEndId><TxId>PPWD00000000AKWBZ4</TxId></Refs><RltdPties><Dbtr><Nm>PayPal</Nm><PstlAdr><AdrLine>2211 N 1st Street San Jose CA 95131</AdrLine><Ctry/></PstlAdr></Dbtr><DbtrAcct><Id><PrtryAcct><Id>23526278959595</Id></PrtryAcct></Id></DbtrAcct><Cdtr><Nm>David Hutton</Nm><PstlAdr><AdrLine>23 Medway Drive</AdrLine><Ctry/></PstlAdr></Cdtr><CdtrAcct><Id><PrtryAcct><Id>23008200428212</Id></PrtryAcct></Id></CdtrAcct><Prtry><Tp>PPWDL4X522AKSHMBAA</Tp><Pty/></Prtry></RltdPties><RmtInf><Strd><RfrdDocInf><RfrdDocTp><Prtry>002</Prtry></RfrdDocTp></RfrdDocInf><AddtlRmtInf>NO REF</AddtlRmtInf></Strd><Strd><AddtlRmtInf>PayPal//PPWDL4X522AKSHMBAA</AddtlRmtInf></Strd></RmtInf><RltdDts><TxDtTm>2018-09-05T06:50:42</TxDtTm></RltdDts><AddtlTxInf>PPWD00000000AKWBZ41020180905826235262</AddtlTxInf></TxDtls><AddtlNtryInf>COMPLETE//0000//003//CREDIT</AddtlNtryInf></Ntry></Ntfctn></BkToCstmrDbtCdtNtfctnV01></Document>