<?xml version="1.0" encoding="UTF-8"?><Document xmlns:xsi="http://www.w3.org/2001/XMLSchema-instance" xmlns="urn:iso:std:iso:20022:tech:xsd:camt.054.001.01"><BkToCstmrDbtCdtNtfctnV01><GrpHdr><MsgId>80309K//12774</MsgId><CreDtTm>2018-09-13T00:30:00</CreDtTm></GrpHdr><Ntfctn><Id>80309K//12774//1</Id><CreDtTm>2018-09-13T00:30:00</CreDtTm><Acct><Id><PrtryAcct><Id>20594233939774</Id></PrtryAcct></Id><Ccy>GBP</Ccy></Acct><TxsSummry><TtlNtries><NbOfNtries>2</NbOfNtries><Sum>385.00</Sum></TtlNtries><TtlCdtNtries><NbOfNtries>2</NbOfNtries><Sum>385.00</Sum></TtlCdtNtries><TtlDbtNtries><NbOfNtries>0</NbOfNtries><Sum>0.00</Sum></TtlDbtNtries></TxsSummry><Ntry><Amt Ccy="GBP">5.00</Amt><CdtDbtInd>CRDT</CdtDbtInd><Sts>BOOK</Sts><BookgDt><Dt>2018-09-13</Dt></BookgDt><BkTxCd><Prtry><Cd>SIP UKBA CR 40269</Cd></Prtry></BkTxCd><TxDtls><Refs><EndToEndId>NOREF</EndToEndId><TxId>RP4679961251528300</TxId></Refs><RltdPties><Dbtr><Nm>KELLETT A</Nm></Dbtr><DbtrAcct><Id><PrtryAcct><Id>20707003459993</Id></PrtryAcct></Id></DbtrAcct><Cdtr><Nm>JOYCE MASON</Nm></Cdtr><CdtrAcct><Id><PrtryAcct><Id>23008200387980</Id></PrtryAcct></Id></CdtrAcct><Prtry><Tp>AMANDA</Tp><Pty/></Prtry></RltdPties><RmtInf><Strd><AddtlRmtInf>NO REF</AddtlRmtInf></Strd><Strd><AddtlRmtInf>KELLETT A//AMANDA</AddtlRmtInf></Strd></RmtInf><RltdDts><TxDtTm>2018-09-13T00:12:50</TxDtTm></RltdDts><AddtlTxInf>RP46799612515283001020180913826200026</AddtlTxInf></TxDtls><AddtlNtryInf>COMPLETE//0000//003//CREDIT</AddtlNtryInf></Ntry><Ntry><Amt Ccy="GBP">380.00</Amt><CdtDbtInd>CRDT</CdtDbtInd><Sts>BOOK</Sts><BookgDt><Dt>2018-09-13</Dt></BookgDt><BkTxCd><Prtry><Cd>DCA UKBA CR 40269</Cd></Prtry></BkTxCd><TxDtls><Refs><EndToEndId>NOREF</EndToEndId><TxId>000000013551050001</TxId><Prtry><Tp>STO REF</Tp><Ref>0000</Ref></Prtry></Refs><RltdPties><Dbtr><Nm>23630700822655</Nm></Dbtr><DbtrAcct><Id><PrtryAcct><Id>20594243523659</Id></PrtryAcct></Id></DbtrAcct><Cdtr><Nm>STEPHEN IHEAKAM</Nm></Cdtr><CdtrAcct><Id><PrtryAcct><Id>23008200297824</Id></PrtryAcct></Id></CdtrAcct><Prtry><Tp>UTILITY</Tp><Pty/></Prtry></RltdPties><RmtInf><Strd><AddtlRmtInf>NO REF</AddtlRmtInf></Strd><Strd><AddtlRmtInf>23630700822655//UTILITY</AddtlRmtInf></Strd></RmtInf><RltdDts><TxDtTm>2018-09-13T00:16:26</TxDtTm></RltdDts><AddtlTxInf>0000000135510500015020180913826205942</AddtlTxInf></TxDtls><AddtlNtryInf>COMPLETE//0000//003//CREDIT</AddtlNtryInf></Ntry></Ntfctn></BkToCstmrDbtCdtNtfctnV01></Document>