<?xml version="1.0" encoding="UTF-8"?><Document xmlns:xsi="http://www.w3.org/2001/XMLSchema-instance" xmlns="urn:iso:std:iso:20022:tech:xsd:camt.054.001.01"><BkToCstmrDbtCdtNtfctnV01><GrpHdr><MsgId>80309K//12945</MsgId><CreDtTm>2018-09-17T00:30:00</CreDtTm></GrpHdr><Ntfctn><Id>80309K//12945//1</Id><CreDtTm>2018-09-17T00:30:00</CreDtTm><Acct><Id><PrtryAcct><Id>20594233939774</Id></PrtryAcct></Id><Ccy>GBP</Ccy></Acct><TxsSummry><TtlNtries><NbOfNtries>4</NbOfNtries><Sum>175.00</Sum></TtlNtries><TtlCdtNtries><NbOfNtries>4</NbOfNtries><Sum>175.00</Sum></TtlCdtNtries><TtlDbtNtries><NbOfNtries>0</NbOfNtries><Sum>0.00</Sum></TtlDbtNtries></TxsSummry><Ntry><Amt Ccy="GBP">80.00</Amt><CdtDbtInd>CRDT</CdtDbtInd><Sts>BOOK</Sts><BookgDt><Dt>2018-09-17</Dt></BookgDt><BkTxCd><Prtry><Cd>SIP UKBA CR 40269</Cd></Prtry></BkTxCd><TxDtls><Refs><EndToEndId>PETE</EndToEndId><TxId>23000547255750000N</TxId><Prtry><Tp>STO REF</Tp><Ref>0000</Ref></Prtry></Refs><RltdPties><Dbtr><Nm>ANDERSON P</Nm></Dbtr><DbtrAcct><Id><PrtryAcct><Id>54412648347426</Id></PrtryAcct></Id></DbtrAcct><Cdtr><Nm>LIZ ANDERSON</Nm></Cdtr><CdtrAcct><Id><PrtryAcct><Id>23008200305981</Id></PrtryAcct></Id></CdtrAcct><Prtry><Tp>PETE</Tp><Pty/></Prtry></RltdPties><RmtInf><Strd><AddtlRmtInf>ANDERSON P        PETE              VIA ONLINE - PYMT</AddtlRmtInf></Strd><Strd><AddtlRmtInf>ANDERSON P//PETE</AddtlRmtInf></Strd></RmtInf><RltdDts><TxDtTm>2018-09-17T00:05:47</TxDtTm></RltdDts><AddtlTxInf>23000547255750000N1020180917826544126</AddtlTxInf></TxDtls><AddtlNtryInf>COMPLETE//0000//003//CREDIT</AddtlNtryInf></Ntry><Ntry><Amt Ccy="GBP">10.00</Amt><CdtDbtInd>CRDT</CdtDbtInd><Sts>BOOK</Sts><BookgDt><Dt>2018-09-17</Dt></BookgDt><BkTxCd><Prtry><Cd>SIP UKBA CR 40269</Cd></Prtry></BkTxCd><TxDtls><Refs><EndToEndId>ROY</EndToEndId><TxId>42001453826971000N</TxId><Prtry><Tp>STO REF</Tp><Ref>0000</Ref></Prtry></Refs><RltdPties><Dbtr><Nm>JONES RD</Nm></Dbtr><DbtrAcct><Id><PrtryAcct><Id>55700575708973</Id></PrtryAcct></Id></DbtrAcct><Cdtr><Nm>TASHA ARO</Nm></Cdtr><CdtrAcct><Id><PrtryAcct><Id>23008200109684</Id></PrtryAcct></Id></CdtrAcct><Prtry><Tp>ROY</Tp><Pty/></Prtry></RltdPties><RmtInf><Strd><AddtlRmtInf>JONES RD          ROY               VIA MOBILE - LVP</AddtlRmtInf></Strd><Strd><AddtlRmtInf>JONES RD//ROY</AddtlRmtInf></Strd></RmtInf><RltdDts><TxDtTm>2018-09-17T00:14:54</TxDtTm></RltdDts><AddtlTxInf>42001453826971000N1020180917826557005</AddtlTxInf></TxDtls><AddtlNtryInf>COMPLETE//0000//003//CREDIT</AddtlNtryInf></Ntry><Ntry><Amt Ccy="GBP">5.00</Amt><CdtDbtInd>CRDT</CdtDbtInd><Sts>BOOK</Sts><BookgDt><Dt>2018-09-17</Dt></BookgDt><BkTxCd><Prtry><Cd>SIP UKBA CR 40269</Cd></Prtry></BkTxCd><TxDtls><Refs><EndToEndId>NOREF</EndToEndId><TxId>RP4679961544934500</TxId></Refs><RltdPties><Dbtr><Nm>ADEBAYO O</Nm></Dbtr><DbtrAcct><Id><PrtryAcct><Id>20542593314898</Id></PrtryAcct></Id></DbtrAcct><Cdtr><Nm>S HARRIS</Nm></Cdtr><CdtrAcct><Id><PrtryAcct><Id>23008200449527</Id></PrtryAcct></Id></CdtrAcct><Prtry><Tp>HARRIS</Tp><Pty/></Prtry></RltdPties><RmtInf><Strd><AddtlRmtInf>NO REF</AddtlRmtInf></Strd><Strd><AddtlRmtInf>ADEBAYO O//HARRIS</AddtlRmtInf></Strd></RmtInf><RltdDts><TxDtTm>2018-09-17T00:16:01</TxDtTm></RltdDts><AddtlTxInf>RP46799615449345001020180917826200026</AddtlTxInf></TxDtls><AddtlNtryInf>COMPLETE//0000//003//CREDIT</AddtlNtryInf></Ntry><Ntry><Amt Ccy="GBP">80.00</Amt><CdtDbtInd>CRDT</CdtDbtInd><Sts>BOOK</Sts><BookgDt><Dt>2018-09-17</Dt></BookgDt><BkTxCd><Prtry><Cd>SIP UKBA CR 40269</Cd></Prtry></BkTxCd><TxDtls><Refs><EndToEndId>NOREF</EndToEndId><TxId>500000000389235411</TxId></Refs><RltdPties><Dbtr><Nm>J Cruickshank</Nm></Dbtr><DbtrAcct><Id><PrtryAcct><Id>30927930940568</Id></PrtryAcct></Id></DbtrAcct><Cdtr><Nm>BAEMMS LTD</Nm></Cdtr><CdtrAcct><Id><PrtryAcct><Id>23008200223303</Id></PrtryAcct></Id></CdtrAcct><Prtry><Tp>JUNE CRUICKSHANK</Tp><Pty/></Prtry></RltdPties><RmtInf><Strd><AddtlRmtInf>NO REF</AddtlRmtInf></Strd><Strd><AddtlRmtInf>J Cruickshank//JUNE CRUICKSHANK</AddtlRmtInf></Strd></RmtInf><RltdDts><TxDtTm>2018-09-17T00:20:24</TxDtTm></RltdDts><AddtlTxInf>5000000003892354111020180917826309279</AddtlTxInf></TxDtls><AddtlNtryInf>COMPLETE//0000//003//CREDIT</AddtlNtryInf></Ntry></Ntfctn></BkToCstmrDbtCdtNtfctnV01></Document>