<?xml version="1.0" encoding="UTF-8"?><Document xmlns:xsi="http://www.w3.org/2001/XMLSchema-instance" xmlns="urn:iso:std:iso:20022:tech:xsd:camt.054.001.01"><BkToCstmrDbtCdtNtfctnV01><GrpHdr><MsgId>80309K//13309</MsgId><CreDtTm>2018-09-25T11:00:00</CreDtTm></GrpHdr><Ntfctn><Id>80309K//13309//1</Id><CreDtTm>2018-09-25T11:00:00</CreDtTm><Acct><Id><PrtryAcct><Id>20594233939774</Id></PrtryAcct></Id><Ccy>GBP</Ccy></Acct><TxsSummry><TtlNtries><NbOfNtries>8</NbOfNtries><Sum>1303.16</Sum></TtlNtries><TtlCdtNtries><NbOfNtries>8</NbOfNtries><Sum>1303.16</Sum></TtlCdtNtries><TtlDbtNtries><NbOfNtries>0</NbOfNtries><Sum>0.00</Sum></TtlDbtNtries></TxsSummry><Ntry><Amt Ccy="GBP">50.00</Amt><CdtDbtInd>CRDT</CdtDbtInd><Sts>BOOK</Sts><BookgDt><Dt>2018-09-25</Dt></BookgDt><BkTxCd><Prtry><Cd>SIP UKBA CR 40269</Cd></Prtry></BkTxCd><TxDtls><Refs><EndToEndId>PPWD00000000APZJCA</EndToEndId><TxId>PPWD00000000APZJCA</TxId></Refs><RltdPties><Dbtr><Nm>PayPal</Nm><PstlAdr><AdrLine>2211 N 1st Street San Jose CA 95131</AdrLine><Ctry/></PstlAdr></Dbtr><DbtrAcct><Id><PrtryAcct><Id>23526278959595</Id></PrtryAcct></Id></DbtrAcct><Cdtr><Nm>Nicolas Kkama</Nm><PstlAdr><AdrLine>2 Hamilton Road</AdrLine><Ctry/></PstlAdr></Cdtr><CdtrAcct><Id><PrtryAcct><Id>23008200452534</Id></PrtryAcct></Id></CdtrAcct><Prtry><Tp>PPWDL4QQJ2ALCGMHTL</Tp><Pty/></Prtry></RltdPties><RmtInf><Strd><RfrdDocInf><RfrdDocTp><Prtry>002</Prtry></RfrdDocTp></RfrdDocInf><AddtlRmtInf>NO REF</AddtlRmtInf></Strd><Strd><AddtlRmtInf>PayPal//PPWDL4QQJ2ALCGMHTL</AddtlRmtInf></Strd></RmtInf><RltdDts><TxDtTm>2018-09-25T10:30:35</TxDtTm></RltdDts><AddtlTxInf>PPWD00000000APZJCA1020180925826235262</AddtlTxInf></TxDtls><AddtlNtryInf>COMPLETE//0000//001//CREDIT</AddtlNtryInf></Ntry><Ntry><Amt Ccy="GBP">455.00</Amt><CdtDbtInd>CRDT</CdtDbtInd><Sts>BOOK</Sts><BookgDt><Dt>2018-09-25</Dt></BookgDt><BkTxCd><Prtry><Cd>SIP UKBA CR 40269</Cd></Prtry></BkTxCd><TxDtls><Refs><EndToEndId>NOREF</EndToEndId><TxId>29103320921649000N</TxId><Prtry><Tp>STO REF</Tp><Ref>0000</Ref></Prtry></Refs><RltdPties><Dbtr><Nm>KATLENE MANHAS</Nm></Dbtr><DbtrAcct><Id><PrtryAcct><Id>50000022758992</Id></PrtryAcct></Id></DbtrAcct><Cdtr><Nm>MRS KATLENE MANHAS</Nm></Cdtr><CdtrAcct><Id><PrtryAcct><Id>23008200114636</Id></PrtryAcct></Id></CdtrAcct><Prtry><Tp>TRANSFER BRASIL</Tp><Pty/></Prtry></RltdPties><RmtInf><Strd><AddtlRmtInf>TRANSFER BRASIL</AddtlRmtInf></Strd><Strd><AddtlRmtInf>KATLENE MANHAS//TRANSFER BRASIL</AddtlRmtInf></Strd></RmtInf><RltdDts><TxDtTm>2018-09-25T10:33:21</TxDtTm></RltdDts><AddtlTxInf>29103320921649000N1020180925826500000</AddtlTxInf></TxDtls><AddtlNtryInf>COMPLETE//0000//001//CREDIT</AddtlNtryInf></Ntry><Ntry><Amt Ccy="GBP">20.00</Amt><CdtDbtInd>CRDT</CdtDbtInd><Sts>BOOK</Sts><BookgDt><Dt>2018-09-25</Dt></BookgDt><BkTxCd><Prtry><Cd>SIP UKBA CR 40269</Cd></Prtry></BkTxCd><TxDtls><Refs><EndToEndId>NOREF</EndToEndId><TxId>200000000390003458</TxId></Refs><RltdPties><Dbtr><Nm>G Ford</Nm></Dbtr><DbtrAcct><Id><PrtryAcct><Id>30996602134248</Id></PrtryAcct></Id></DbtrAcct><Cdtr><Nm>FRANK NEW</Nm></Cdtr><CdtrAcct><Id><PrtryAcct><Id>23008200060593</Id></PrtryAcct></Id></CdtrAcct><Prtry><Tp>SAINOS</Tp><Pty/></Prtry></RltdPties><RmtInf><Strd><AddtlRmtInf>NO REF</AddtlRmtInf></Strd><Strd><AddtlRmtInf>G Ford//SAINOS</AddtlRmtInf></Strd></RmtInf><RltdDts><TxDtTm>2018-09-25T10:33:23</TxDtTm></RltdDts><AddtlTxInf>2000000003900034581020180925826309966</AddtlTxInf></TxDtls><AddtlNtryInf>COMPLETE//0000//001//CREDIT</AddtlNtryInf></Ntry><Ntry><Amt Ccy="GBP">68.16</Amt><CdtDbtInd>CRDT</CdtDbtInd><Sts>BOOK</Sts><BookgDt><Dt>2018-09-25</Dt></BookgDt><BkTxCd><Prtry><Cd>SIP UKBA CR 40269</Cd></Prtry></BkTxCd><TxDtls><Refs><EndToEndId>NOREF</EndToEndId><TxId>200000000390006736</TxId></Refs><RltdPties><Dbtr><Nm>C Ekeanyanwu</Nm></Dbtr><DbtrAcct><Id><PrtryAcct><Id>11143100061366</Id></PrtryAcct></Id></DbtrAcct><Cdtr><Nm>GMK ENTERPRISES</Nm></Cdtr><CdtrAcct><Id><PrtryAcct><Id>23008200042277</Id></PrtryAcct></Id></CdtrAcct><Prtry><Tp>CC</Tp><Pty/></Prtry></RltdPties><RmtInf><Strd><AddtlRmtInf>NO REF</AddtlRmtInf></Strd><Strd><AddtlRmtInf>C Ekeanyanwu//CC</AddtlRmtInf></Strd></RmtInf><RltdDts><TxDtTm>2018-09-25T10:43:29</TxDtTm></RltdDts><AddtlTxInf>2000000003900067361020180925826111431</AddtlTxInf></TxDtls><AddtlNtryInf>COMPLETE//0000//001//CREDIT</AddtlNtryInf></Ntry><Ntry><Amt Ccy="GBP">420.00</Amt><CdtDbtInd>CRDT</CdtDbtInd><Sts>BOOK</Sts><BookgDt><Dt>2018-09-25</Dt></BookgDt><BkTxCd><Prtry><Cd>SIP UKBA CR 40269</Cd></Prtry></BkTxCd><TxDtls><Refs><EndToEndId>NOREF</EndToEndId><TxId>397924944501529001</TxId><Prtry><Tp>STO REF</Tp><Ref>0000</Ref></Prtry></Refs><RltdPties><Dbtr><Nm>OPRIS</Nm></Dbtr><DbtrAcct><Id><PrtryAcct><Id>40160854355199</Id></PrtryAcct></Id></DbtrAcct><Cdtr><Nm>VALLCARE</Nm></Cdtr><CdtrAcct><Id><PrtryAcct><Id>23008200037344</Id></PrtryAcct></Id></CdtrAcct><Prtry><Tp>Rent</Tp><Pty/></Prtry></RltdPties><RmtInf><Strd><AddtlRmtInf>NO REF</AddtlRmtInf></Strd><Strd><AddtlRmtInf>OPRIS//Rent</AddtlRmtInf></Strd></RmtInf><RltdDts><TxDtTm>2018-09-25T10:54:49</TxDtTm></RltdDts><AddtlTxInf>3979249445015290011020180925826401608</AddtlTxInf></TxDtls><AddtlNtryInf>COMPLETE//0000//001//CREDIT</AddtlNtryInf></Ntry><Ntry><Amt Ccy="GBP">30.00</Amt><CdtDbtInd>CRDT</CdtDbtInd><Sts>BOOK</Sts><BookgDt><Dt>2018-09-25</Dt></BookgDt><BkTxCd><Prtry><Cd>SIP UKBA CR 40269</Cd></Prtry></BkTxCd><TxDtls><Refs><EndToEndId>NOREF</EndToEndId><TxId>400000000396474920</TxId></Refs><RltdPties><Dbtr><Nm>C Ward</Nm></Dbtr><DbtrAcct><Id><PrtryAcct><Id>77130861265662</Id></PrtryAcct></Id></DbtrAcct><Cdtr><Nm>IBRAHIM UTHMAN</Nm></Cdtr><CdtrAcct><Id><PrtryAcct><Id>23008200404016</Id></PrtryAcct></Id></CdtrAcct></RltdPties><RmtInf><Strd><AddtlRmtInf>NO REF</AddtlRmtInf></Strd><Strd><AddtlRmtInf>C Ward//</AddtlRmtInf></Strd></RmtInf><RltdDts><TxDtTm>2018-09-25T10:56:12</TxDtTm></RltdDts><AddtlTxInf>4000000003964749201020180925826771308</AddtlTxInf></TxDtls><AddtlNtryInf>COMPLETE//0000//001//CREDIT</AddtlNtryInf></Ntry><Ntry><Amt Ccy="GBP">200.00</Amt><CdtDbtInd>CRDT</CdtDbtInd><Sts>BOOK</Sts><BookgDt><Dt>2018-09-25</Dt></BookgDt><BkTxCd><Prtry><Cd>SIP UKBA CR 40269</Cd></Prtry></BkTxCd><TxDtls><Refs><EndToEndId>RBS</EndToEndId><TxId>41105629210436000R</TxId><Prtry><Tp>STO REF</Tp><Ref>0000</Ref></Prtry></Refs><RltdPties><Dbtr><Nm>HOGG KK</Nm></Dbtr><DbtrAcct><Id><PrtryAcct><Id>83193600611814</Id></PrtryAcct></Id></DbtrAcct><Cdtr><Nm>KAY HOGG</Nm></Cdtr><CdtrAcct><Id><PrtryAcct><Id>23008200407222</Id></PrtryAcct></Id></CdtrAcct><Prtry><Tp>RBS</Tp><Pty/></Prtry></RltdPties><RmtInf><Strd><AddtlRmtInf>HOGG KK           RBS               VIA ONLINE - PYMT</AddtlRmtInf></Strd><Strd><AddtlRmtInf>HOGG KK//RBS</AddtlRmtInf></Strd></RmtInf><RltdDts><TxDtTm>2018-09-25T10:56:29</TxDtTm></RltdDts><AddtlTxInf>41105629210436000R1020180925826831936</AddtlTxInf></TxDtls><AddtlNtryInf>COMPLETE//0000//001//CREDIT</AddtlNtryInf></Ntry><Ntry><Amt Ccy="GBP">60.00</Amt><CdtDbtInd>CRDT</CdtDbtInd><Sts>BOOK</Sts><BookgDt><Dt>2018-09-25</Dt></BookgDt><BkTxCd><Prtry><Cd>SIP UKBA CR 40269</Cd></Prtry></BkTxCd><TxDtls><Refs><EndToEndId>000000FT18268QF8ZJ</EndToEndId><TxId>000000FT18268QF8ZJ</TxId></Refs><RltdPties><Dbtr><Nm>JOANNE IRIS RUDDELL</Nm><PstlAdr><AdrLine>21 FAIRFIELD ROAD;KENT</AdrLine><Ctry/></PstlAdr></Dbtr><DbtrAcct><Id><PrtryAcct><Id>23058026247659</Id></PrtryAcct></Id></DbtrAcct><Cdtr><Nm>BAEMMS LTD</Nm><PstlAdr><AdrLine>WIRECARD;Newcastle Upon Tyne</AdrLine><Ctry/></PstlAdr></Cdtr><CdtrAcct><Id><PrtryAcct><Id>23008200223303</Id></PrtryAcct></Id></CdtrAcct><Prtry><Tp>Joanne Ruddell</Tp><Pty/></Prtry></RltdPties><RmtInf><Strd><AddtlRmtInf>NO REF</AddtlRmtInf></Strd><Strd><AddtlRmtInf>JOANNE IRIS RUDDEL//Joanne Ruddell</AddtlRmtInf></Strd></RmtInf><RltdDts><TxDtTm>2018-09-25T10:59:11</TxDtTm></RltdDts><AddtlTxInf>000000FT18268QF8ZJ1020180925826230580</AddtlTxInf></TxDtls><AddtlNtryInf>COMPLETE//0000//001//CREDIT</AddtlNtryInf></Ntry></Ntfctn></BkToCstmrDbtCdtNtfctnV01></Document>