<?xml version="1.0" encoding="UTF-8"?><Document xmlns:xsi="http://www.w3.org/2001/XMLSchema-instance" xmlns="urn:iso:std:iso:20022:tech:xsd:camt.054.001.01"><BkToCstmrDbtCdtNtfctnV01><GrpHdr><MsgId>80309K//12419</MsgId><CreDtTm>2018-09-04T18:00:00</CreDtTm></GrpHdr><Ntfctn><Id>80309K//12419//1</Id><CreDtTm>2018-09-04T18:00:00</CreDtTm><Acct><Id><PrtryAcct><Id>20594233939774</Id></PrtryAcct></Id><Ccy>GBP</Ccy></Acct><TxsSummry><TtlNtries><NbOfNtries>3</NbOfNtries><Sum>204.00</Sum></TtlNtries><TtlCdtNtries><NbOfNtries>3</NbOfNtries><Sum>204.00</Sum></TtlCdtNtries><TtlDbtNtries><NbOfNtries>0</NbOfNtries><Sum>0.00</Sum></TtlDbtNtries></TxsSummry><Ntry><Amt Ccy="GBP">100.00</Amt><CdtDbtInd>CRDT</CdtDbtInd><Sts>BOOK</Sts><BookgDt><Dt>2018-09-04</Dt></BookgDt><BkTxCd><Prtry><Cd>SIP UKBA CR 40269</Cd></Prtry></BkTxCd><TxDtls><Refs><EndToEndId>NOREF</EndToEndId><TxId>300000000389609855</TxId></Refs><RltdPties><Dbtr><Nm>J Stevens</Nm></Dbtr><DbtrAcct><Id><PrtryAcct><Id>30963150075968</Id></PrtryAcct></Id></DbtrAcct><Cdtr><Nm>EMILY GILBERT</Nm></Cdtr><CdtrAcct><Id><PrtryAcct><Id>23008200421722</Id></PrtryAcct></Id></CdtrAcct><Prtry><Tp>VAN DEPOSIT</Tp><Pty/></Prtry></RltdPties><RmtInf><Strd><AddtlRmtInf>NO REF</AddtlRmtInf></Strd><Strd><AddtlRmtInf>J Stevens//VAN DEPOSIT</AddtlRmtInf></Strd></RmtInf><RltdDts><TxDtTm>2018-09-04T17:38:50</TxDtTm></RltdDts><AddtlTxInf>3000000003896098551020180904826309631</AddtlTxInf></TxDtls><AddtlNtryInf>COMPLETE//0000//003//CREDIT</AddtlNtryInf></Ntry><Ntry><Amt Ccy="GBP">20.00</Amt><CdtDbtInd>CRDT</CdtDbtInd><Sts>BOOK</Sts><BookgDt><Dt>2018-09-04</Dt></BookgDt><BkTxCd><Prtry><Cd>SIP UKBA CR 40269</Cd></Prtry></BkTxCd><TxDtls><Refs><EndToEndId>NOREF</EndToEndId><TxId>FP18247O11563377</TxId></Refs><RltdPties><Dbtr><Nm>Powis Clayton</Nm></Dbtr><DbtrAcct><Id><PrtryAcct><Id>07043633307119</Id></PrtryAcct></Id></DbtrAcct><Cdtr><Nm>CLAYTON POWIS</Nm></Cdtr><CdtrAcct><Id><PrtryAcct><Id>23008200023182</Id></PrtryAcct></Id></CdtrAcct><Prtry><Tp>H</Tp><Pty/></Prtry></RltdPties><RmtInf><Strd><AddtlRmtInf>NO REF</AddtlRmtInf></Strd><Strd><AddtlRmtInf>Powis Clayton//H</AddtlRmtInf></Strd></RmtInf><RltdDts><TxDtTm>2018-09-04T17:39:05</TxDtTm></RltdDts><AddtlTxInf>FP18247O11563377  1020180904826070436</AddtlTxInf></TxDtls><AddtlNtryInf>COMPLETE//0000//003//CREDIT</AddtlNtryInf></Ntry><Ntry><Amt Ccy="GBP">84.00</Amt><CdtDbtInd>CRDT</CdtDbtInd><Sts>BOOK</Sts><BookgDt><Dt>2018-09-04</Dt></BookgDt><BkTxCd><Prtry><Cd>SIP UKBA CR 40269</Cd></Prtry></BkTxCd><TxDtls><Refs><EndToEndId>DEB</EndToEndId><TxId>34175317720710000N</TxId><Prtry><Tp>STO REF</Tp><Ref>0000</Ref></Prtry></Refs><RltdPties><Dbtr><Nm>DODSWORTH DM CP</Nm></Dbtr><DbtrAcct><Id><PrtryAcct><Id>54215431029744</Id></PrtryAcct></Id></DbtrAcct><Cdtr><Nm>MR DARREN HARRISON</Nm></Cdtr><CdtrAcct><Id><PrtryAcct><Id>23008200309125</Id></PrtryAcct></Id></CdtrAcct><Prtry><Tp>DEB</Tp><Pty/></Prtry></RltdPties><RmtInf><Strd><AddtlRmtInf>DODSWORTH DM CP   DEB               VIA MOBILE - LVP</AddtlRmtInf></Strd><Strd><AddtlRmtInf>DODSWORTH DM CP//DEB</AddtlRmtInf></Strd></RmtInf><RltdDts><TxDtTm>2018-09-04T17:53:18</TxDtTm></RltdDts><AddtlTxInf>34175317720710000N1020180904826542154</AddtlTxInf></TxDtls><AddtlNtryInf>COMPLETE//0000//003//CREDIT</AddtlNtryInf></Ntry></Ntfctn></BkToCstmrDbtCdtNtfctnV01></Document>