<?xml version="1.0" encoding="UTF-8"?><Document xmlns:xsi="http://www.w3.org/2001/XMLSchema-instance" xmlns="urn:iso:std:iso:20022:tech:xsd:camt.054.001.01"><BkToCstmrDbtCdtNtfctnV01><GrpHdr><MsgId>80309K//12294</MsgId><CreDtTm>2018-09-01T22:00:00</CreDtTm></GrpHdr><Ntfctn><Id>80309K//12294//1</Id><CreDtTm>2018-09-01T22:00:00</CreDtTm><Acct><Id><PrtryAcct><Id>20594233939774</Id></PrtryAcct></Id><Ccy>GBP</Ccy></Acct><TxsSummry><TtlNtries><NbOfNtries>2</NbOfNtries><Sum>59.00</Sum></TtlNtries><TtlCdtNtries><NbOfNtries>2</NbOfNtries><Sum>59.00</Sum></TtlCdtNtries><TtlDbtNtries><NbOfNtries>0</NbOfNtries><Sum>0.00</Sum></TtlDbtNtries></TxsSummry><Ntry><Amt Ccy="GBP">30.00</Amt><CdtDbtInd>CRDT</CdtDbtInd><Sts>BOOK</Sts><BookgDt><Dt>2018-09-03</Dt></BookgDt><BkTxCd><Prtry><Cd>SIP UKBA CR 40269</Cd></Prtry></BkTxCd><TxDtls><Refs><EndToEndId>NOREF</EndToEndId><TxId>180901213929043945</TxId></Refs><RltdPties><Dbtr><Nm>Jennifer Walmsley</Nm></Dbtr><DbtrAcct><Id><PrtryAcct><Id>77202459894468</Id></PrtryAcct></Id></DbtrAcct><Cdtr><Nm>kris arro</Nm></Cdtr><CdtrAcct><Id><PrtryAcct><Id>23008200414931</Id></PrtryAcct></Id></CdtrAcct></RltdPties><RmtInf><Strd><AddtlRmtInf>NO REF</AddtlRmtInf></Strd><Strd><AddtlRmtInf>Jennifer Walmsley//</AddtlRmtInf></Strd></RmtInf><RltdDts><TxDtTm>2018-09-01T21:39:26</TxDtTm></RltdDts><AddtlTxInf>1809012139290439451020180901826772024</AddtlTxInf></TxDtls><AddtlNtryInf>COMPLETE//0000//003//CREDIT</AddtlNtryInf></Ntry><Ntry><Amt Ccy="GBP">29.00</Amt><CdtDbtInd>CRDT</CdtDbtInd><Sts>BOOK</Sts><BookgDt><Dt>2018-09-03</Dt></BookgDt><BkTxCd><Prtry><Cd>SIP UKBA CR 40269</Cd></Prtry></BkTxCd><TxDtls><Refs><EndToEndId>NOREF</EndToEndId><TxId>755167649312109001</TxId><Prtry><Tp>STO REF</Tp><Ref>0000</Ref></Prtry></Refs><RltdPties><Dbtr><Nm>ALESSANDRO L</Nm></Dbtr><DbtrAcct><Id><PrtryAcct><Id>40090094515056</Id></PrtryAcct></Id></DbtrAcct><Cdtr><Nm>Lisa</Nm></Cdtr><CdtrAcct><Id><PrtryAcct><Id>23008200190699</Id></PrtryAcct></Id></CdtrAcct><Prtry><Tp>Mobey</Tp><Pty/></Prtry></RltdPties><RmtInf><Strd><AddtlRmtInf>NO REF</AddtlRmtInf></Strd><Strd><AddtlRmtInf>ALESSANDRO L//Mobey</AddtlRmtInf></Strd></RmtInf><RltdDts><TxDtTm>2018-09-01T21:39:47</TxDtTm></RltdDts><AddtlTxInf>7551676493121090011020180901826400900</AddtlTxInf></TxDtls><AddtlNtryInf>COMPLETE//0000//003//CREDIT</AddtlNtryInf></Ntry></Ntfctn></BkToCstmrDbtCdtNtfctnV01></Document>