<?xml version="1.0" encoding="UTF-8"?><Document xmlns:xsi="http://www.w3.org/2001/XMLSchema-instance" xmlns="urn:iso:std:iso:20022:tech:xsd:camt.054.001.01"><BkToCstmrDbtCdtNtfctnV01><GrpHdr><MsgId>80309K//12639</MsgId><CreDtTm>2018-09-09T20:00:00</CreDtTm></GrpHdr><Ntfctn><Id>80309K//12639//1</Id><CreDtTm>2018-09-09T20:00:00</CreDtTm><Acct><Id><PrtryAcct><Id>20594233939774</Id></PrtryAcct></Id><Ccy>GBP</Ccy></Acct><TxsSummry><TtlNtries><NbOfNtries>7</NbOfNtries><Sum>7305.01</Sum></TtlNtries><TtlCdtNtries><NbOfNtries>7</NbOfNtries><Sum>7305.01</Sum></TtlCdtNtries><TtlDbtNtries><NbOfNtries>0</NbOfNtries><Sum>0.00</Sum></TtlDbtNtries></TxsSummry><Ntry><Amt Ccy="GBP">20.00</Amt><CdtDbtInd>CRDT</CdtDbtInd><Sts>BOOK</Sts><BookgDt><Dt>2018-09-10</Dt></BookgDt><BkTxCd><Prtry><Cd>SIP UKBA CR 40269</Cd></Prtry></BkTxCd><TxDtls><Refs><EndToEndId>00151037632BBHKYNW</EndToEndId><TxId>00151037632BBHKYNW</TxId></Refs><RltdPties><Dbtr><Nm>KYLE THOMAS</Nm></Dbtr><DbtrAcct><Id><PrtryAcct><Id>09012827849788</Id></PrtryAcct></Id></DbtrAcct><Cdtr><Nm>CLAIRE</Nm></Cdtr><CdtrAcct><Id><PrtryAcct><Id>23008200248775</Id></PrtryAcct></Id></CdtrAcct><Prtry><Tp>Claire</Tp><Pty/></Prtry></RltdPties><RmtInf><Strd><AddtlRmtInf>NO REF</AddtlRmtInf></Strd><Strd><AddtlRmtInf>KYLE THOMAS//Claire</AddtlRmtInf></Strd></RmtInf><RltdDts><TxDtTm>2018-09-09T19:32:24</TxDtTm></RltdDts><AddtlTxInf>00151037632BBHKYNW1020180909826090128</AddtlTxInf></TxDtls><AddtlNtryInf>COMPLETE//0000//003//CREDIT</AddtlNtryInf></Ntry><Ntry><Amt Ccy="GBP">10.00</Amt><CdtDbtInd>CRDT</CdtDbtInd><Sts>BOOK</Sts><BookgDt><Dt>2018-09-10</Dt></BookgDt><BkTxCd><Prtry><Cd>SIP UKBA CR 40269</Cd></Prtry></BkTxCd><TxDtls><Refs><EndToEndId>NOREF</EndToEndId><TxId>600000000387038931</TxId></Refs><RltdPties><Dbtr><Nm>R Greenhouse</Nm></Dbtr><DbtrAcct><Id><PrtryAcct><Id>77330813767360</Id></PrtryAcct></Id></DbtrAcct><Cdtr><Nm>S HARLEY</Nm></Cdtr><CdtrAcct><Id><PrtryAcct><Id>23008200398153</Id></PrtryAcct></Id></CdtrAcct></RltdPties><RmtInf><Strd><AddtlRmtInf>NO REF</AddtlRmtInf></Strd><Strd><AddtlRmtInf>R Greenhouse//</AddtlRmtInf></Strd></RmtInf><RltdDts><TxDtTm>2018-09-09T19:43:55</TxDtTm></RltdDts><AddtlTxInf>6000000003870389311020180909826773308</AddtlTxInf></TxDtls><AddtlNtryInf>COMPLETE//0000//003//CREDIT</AddtlNtryInf></Ntry><Ntry><Amt Ccy="GBP">3500.00</Amt><CdtDbtInd>CRDT</CdtDbtInd><Sts>BOOK</Sts><BookgDt><Dt>2018-09-10</Dt></BookgDt><BkTxCd><Prtry><Cd>SIP UKBA CR 40269</Cd></Prtry></BkTxCd><TxDtls><Refs><EndToEndId>NOREF</EndToEndId><TxId>RP4679961005401200</TxId></Refs><RltdPties><Dbtr><Nm>TACIT BESPO T/AS</Nm></Dbtr><DbtrAcct><Id><PrtryAcct><Id>20895683461882</Id></PrtryAcct></Id></DbtrAcct><Cdtr><Nm>M M DEEN</Nm></Cdtr><CdtrAcct><Id><PrtryAcct><Id>23008200237869</Id></PrtryAcct></Id></CdtrAcct><Prtry><Tp>M DEEN ARROW</Tp><Pty/></Prtry></RltdPties><RmtInf><Strd><AddtlRmtInf>NO REF</AddtlRmtInf></Strd><Strd><AddtlRmtInf>TACIT BESPO T/AS//M DEEN ARROW</AddtlRmtInf></Strd></RmtInf><RltdDts><TxDtTm>2018-09-09T19:44:51</TxDtTm></RltdDts><AddtlTxInf>RP46799610054012001020180909826200026</AddtlTxInf></TxDtls><AddtlNtryInf>COMPLETE//0000//003//CREDIT</AddtlNtryInf></Ntry><Ntry><Amt Ccy="GBP">3540.00</Amt><CdtDbtInd>CRDT</CdtDbtInd><Sts>BOOK</Sts><BookgDt><Dt>2018-09-10</Dt></BookgDt><BkTxCd><Prtry><Cd>SIP UKBA CR 40269</Cd></Prtry></BkTxCd><TxDtls><Refs><EndToEndId>NOREF</EndToEndId><TxId>RP4679961005430500</TxId></Refs><RltdPties><Dbtr><Nm>TACIT BESPO T/AS</Nm></Dbtr><DbtrAcct><Id><PrtryAcct><Id>20895683461882</Id></PrtryAcct></Id></DbtrAcct><Cdtr><Nm>G C SERVICES</Nm></Cdtr><CdtrAcct><Id><PrtryAcct><Id>23008200035423</Id></PrtryAcct></Id></CdtrAcct><Prtry><Tp>ARRO</Tp><Pty/></Prtry></RltdPties><RmtInf><Strd><AddtlRmtInf>NO REF</AddtlRmtInf></Strd><Strd><AddtlRmtInf>TACIT BESPO T/AS//ARRO</AddtlRmtInf></Strd></RmtInf><RltdDts><TxDtTm>2018-09-09T19:45:28</TxDtTm></RltdDts><AddtlTxInf>RP46799610054305001020180909826200026</AddtlTxInf></TxDtls><AddtlNtryInf>COMPLETE//0000//003//CREDIT</AddtlNtryInf></Ntry><Ntry><Amt Ccy="GBP">0.01</Amt><CdtDbtInd>CRDT</CdtDbtInd><Sts>BOOK</Sts><BookgDt><Dt>2018-09-10</Dt></BookgDt><BkTxCd><Prtry><Cd>SIP UKBA CR 40269</Cd></Prtry></BkTxCd><TxDtls><Refs><EndToEndId>PPRD00000000AM1AZE</EndToEndId><TxId>PPRD00000000AM1AZE</TxId></Refs><RltdPties><Dbtr><Nm>PAYPAL CODE 4174</Nm><PstlAdr><AdrLine>2211 N 1st Street San Jose CA 95131</AdrLine><Ctry/></PstlAdr></Dbtr><DbtrAcct><Id><PrtryAcct><Id>23526285010101</Id></PrtryAcct></Id></DbtrAcct><Cdtr><Nm>Alan Pickard</Nm><PstlAdr><AdrLine>7 Kempton Close</AdrLine><Ctry/></PstlAdr></Cdtr><CdtrAcct><Id><PrtryAcct><Id>23008200436716</Id></PrtryAcct></Id></CdtrAcct><Prtry><Tp>PAYPAL CODE 4174</Tp><Pty/></Prtry></RltdPties><RmtInf><Strd><RfrdDocInf><RfrdDocTp><Prtry>002</Prtry></RfrdDocTp></RfrdDocInf><AddtlRmtInf>NO REF</AddtlRmtInf></Strd><Strd><AddtlRmtInf>PAYPAL CODE 4174//PAYPAL CODE 4174</AddtlRmtInf></Strd></RmtInf><RltdDts><TxDtTm>2018-09-09T19:45:49</TxDtTm></RltdDts><AddtlTxInf>PPRD00000000AM1AZE1020180909826235262</AddtlTxInf></TxDtls><AddtlNtryInf>COMPLETE//0000//003//CREDIT</AddtlNtryInf></Ntry><Ntry><Amt Ccy="GBP">5.00</Amt><CdtDbtInd>CRDT</CdtDbtInd><Sts>BOOK</Sts><BookgDt><Dt>2018-09-10</Dt></BookgDt><BkTxCd><Prtry><Cd>SIP UKBA CR 40269</Cd></Prtry></BkTxCd><TxDtls><Refs><EndToEndId>TERNOVYI OLEKSAN</EndToEndId><TxId>TW0000000039556747</TxId></Refs><RltdPties><Dbtr><Nm>Oleksandr Ternovyi TW</Nm></Dbtr><DbtrAcct><Id><PrtryAcct><Id>23147067215993</Id></PrtryAcct></Id></DbtrAcct><Cdtr><Nm>Scott Cavanagh</Nm></Cdtr><CdtrAcct><Id><PrtryAcct><Id>23008200436970</Id></PrtryAcct></Id></CdtrAcct><Prtry><Tp>TERNOVYI OLEKSAN</Tp><Pty/></Prtry></RltdPties><RmtInf><Strd><AddtlRmtInf>NO REF</AddtlRmtInf></Strd><Strd><AddtlRmtInf>Oleksandr Ternovyi//TERNOVYI OLEKSAN</AddtlRmtInf></Strd></RmtInf><RltdDts><TxDtTm>2018-09-09T19:50:36</TxDtTm></RltdDts><AddtlTxInf>TW00000000395567471020180909826231470</AddtlTxInf></TxDtls><AddtlNtryInf>COMPLETE//0000//003//CREDIT</AddtlNtryInf></Ntry><Ntry><Amt Ccy="GBP">230.00</Amt><CdtDbtInd>CRDT</CdtDbtInd><Sts>BOOK</Sts><BookgDt><Dt>2018-09-10</Dt></BookgDt><BkTxCd><Prtry><Cd>SIP UKBA CR 40269</Cd></Prtry></BkTxCd><TxDtls><Refs><EndToEndId>NOREF</EndToEndId><TxId>400000000392122415</TxId></Refs><RltdPties><Dbtr><Nm>K Tonge</Nm></Dbtr><DbtrAcct><Id><PrtryAcct><Id>11069301188999</Id></PrtryAcct></Id></DbtrAcct><Cdtr><Nm>ENID</Nm></Cdtr><CdtrAcct><Id><PrtryAcct><Id>23008200436697</Id></PrtryAcct></Id></CdtrAcct><Prtry><Tp>K TONGE</Tp><Pty/></Prtry></RltdPties><RmtInf><Strd><AddtlRmtInf>NO REF</AddtlRmtInf></Strd><Strd><AddtlRmtInf>K Tonge//K TONGE</AddtlRmtInf></Strd></RmtInf><RltdDts><TxDtTm>2018-09-09T19:58:26</TxDtTm></RltdDts><AddtlTxInf>4000000003921224151020180909826110693</AddtlTxInf></TxDtls><AddtlNtryInf>COMPLETE//0000//003//CREDIT</AddtlNtryInf></Ntry></Ntfctn></BkToCstmrDbtCdtNtfctnV01></Document>