<?xml version="1.0" encoding="UTF-8"?><Document xmlns:xsi="http://www.w3.org/2001/XMLSchema-instance" xmlns="urn:iso:std:iso:20022:tech:xsd:camt.054.001.01"><BkToCstmrDbtCdtNtfctnV01><GrpHdr><MsgId>80309K//12946</MsgId><CreDtTm>2018-09-17T01:00:00</CreDtTm></GrpHdr><Ntfctn><Id>80309K//12946//1</Id><CreDtTm>2018-09-17T01:00:00</CreDtTm><Acct><Id><PrtryAcct><Id>20594233939774</Id></PrtryAcct></Id><Ccy>GBP</Ccy></Acct><TxsSummry><TtlNtries><NbOfNtries>4</NbOfNtries><Sum>686.03</Sum></TtlNtries><TtlCdtNtries><NbOfNtries>4</NbOfNtries><Sum>686.03</Sum></TtlCdtNtries><TtlDbtNtries><NbOfNtries>0</NbOfNtries><Sum>0.00</Sum></TtlDbtNtries></TxsSummry><Ntry><Amt Ccy="GBP">181.02</Amt><CdtDbtInd>CRDT</CdtDbtInd><Sts>BOOK</Sts><BookgDt><Dt>2018-09-17</Dt></BookgDt><BkTxCd><Prtry><Cd>STO UKBA CR 40267</Cd></Prtry></BkTxCd><TxDtls><Refs><EndToEndId>NOREF</EndToEndId><TxId>YBSOX0037402207341</TxId></Refs><RltdPties><Dbtr><Nm>EDMUND HOUSE CLUB</Nm></Dbtr><DbtrAcct><Id><PrtryAcct><Id>05017111501551</Id></PrtryAcct></Id></DbtrAcct><Cdtr><Nm>DAMIEN ROBINSON</Nm></Cdtr><CdtrAcct><Id><PrtryAcct><Id>23008200098115</Id></PrtryAcct></Id></CdtrAcct><Prtry><Tp>WAGES</Tp><Pty/></Prtry></RltdPties><RmtInf><Strd><RfrdDocInf><RfrdDocTp><Prtry>003</Prtry></RfrdDocTp></RfrdDocInf><AddtlRmtInf>NO REF</AddtlRmtInf></Strd><Strd><AddtlRmtInf>EDMUND HOUSE CLUB//WAGES</AddtlRmtInf></Strd></RmtInf><RltdDts><TxDtTm>2018-09-17T00:37:41</TxDtTm></RltdDts><AddtlTxInf>YBSOX00374022073413020180917826050171</AddtlTxInf></TxDtls><AddtlNtryInf>COMPLETE//0000//003//CREDIT</AddtlNtryInf></Ntry><Ntry><Amt Ccy="GBP">5.00</Amt><CdtDbtInd>CRDT</CdtDbtInd><Sts>BOOK</Sts><BookgDt><Dt>2018-09-17</Dt></BookgDt><BkTxCd><Prtry><Cd>SIP UKBA CR 40269</Cd></Prtry></BkTxCd><TxDtls><Refs><EndToEndId>NOREF</EndToEndId><TxId>RP4679961545303300</TxId></Refs><RltdPties><Dbtr><Nm>ADEBAYO O</Nm></Dbtr><DbtrAcct><Id><PrtryAcct><Id>20542593314898</Id></PrtryAcct></Id></DbtrAcct><Cdtr><Nm>C COWPLAND</Nm></Cdtr><CdtrAcct><Id><PrtryAcct><Id>23008200449564</Id></PrtryAcct></Id></CdtrAcct><Prtry><Tp>CARL</Tp><Pty/></Prtry></RltdPties><RmtInf><Strd><AddtlRmtInf>NO REF</AddtlRmtInf></Strd><Strd><AddtlRmtInf>ADEBAYO O//CARL</AddtlRmtInf></Strd></RmtInf><RltdDts><TxDtTm>2018-09-17T00:39:30</TxDtTm></RltdDts><AddtlTxInf>RP46799615453033001020180917826200026</AddtlTxInf></TxDtls><AddtlNtryInf>COMPLETE//0000//003//CREDIT</AddtlNtryInf></Ntry><Ntry><Amt Ccy="GBP">500.00</Amt><CdtDbtInd>CRDT</CdtDbtInd><Sts>BOOK</Sts><BookgDt><Dt>2018-09-17</Dt></BookgDt><BkTxCd><Prtry><Cd>STO UKBA CR 40267</Cd></Prtry></BkTxCd><TxDtls><Refs><EndToEndId>00156521632BHYDQVF</EndToEndId><TxId>00156521632BHYDQVF</TxId></Refs><RltdPties><Dbtr><Nm>REJUVENATION</Nm></Dbtr><DbtrAcct><Id><PrtryAcct><Id>09066642156320</Id></PrtryAcct></Id></DbtrAcct><CdtrAcct><Id><PrtryAcct><Id>23008200040372</Id></PrtryAcct></Id></CdtrAcct><Prtry><Tp>mrs m dempster</Tp><Pty/></Prtry></RltdPties><RmtInf><Strd><AddtlRmtInf>NO REF</AddtlRmtInf></Strd><Strd><AddtlRmtInf>REJUVENATION//mrs m dempster</AddtlRmtInf></Strd></RmtInf><RltdDts><TxDtTm>2018-09-17T00:45:40</TxDtTm></RltdDts><AddtlTxInf>00156521632BHYDQVF3020180917826090666</AddtlTxInf></TxDtls><AddtlNtryInf>COMPLETE//0000//003//CREDIT</AddtlNtryInf></Ntry><Ntry><Amt Ccy="GBP">0.01</Amt><CdtDbtInd>CRDT</CdtDbtInd><Sts>BOOK</Sts><BookgDt><Dt>2018-09-17</Dt></BookgDt><BkTxCd><Prtry><Cd>SIP UKBA CR 40269</Cd></Prtry></BkTxCd><TxDtls><Refs><EndToEndId>PPRD00000000ANUIYI</EndToEndId><TxId>PPRD00000000ANUIYI</TxId></Refs><RltdPties><Dbtr><Nm>PAYPAL CODE 7839</Nm><PstlAdr><AdrLine>2211 N 1st Street San Jose CA 95131</AdrLine><Ctry/></PstlAdr></Dbtr><DbtrAcct><Id><PrtryAcct><Id>23526285010101</Id></PrtryAcct></Id></DbtrAcct><Cdtr><Nm>Great Wazzy Pet Wear</Nm><PstlAdr><AdrLine>100 Surbiton Hill Park</AdrLine><Ctry/></PstlAdr></Cdtr><CdtrAcct><Id><PrtryAcct><Id>23008200449580</Id></PrtryAcct></Id></CdtrAcct><Prtry><Tp>PAYPAL CODE 7839</Tp><Pty/></Prtry></RltdPties><RmtInf><Strd><RfrdDocInf><RfrdDocTp><Prtry>002</Prtry></RfrdDocTp></RfrdDocInf><AddtlRmtInf>NO REF</AddtlRmtInf></Strd><Strd><AddtlRmtInf>PAYPAL CODE 7839//PAYPAL CODE 7839</AddtlRmtInf></Strd></RmtInf><RltdDts><TxDtTm>2018-09-17T00:52:49</TxDtTm></RltdDts><AddtlTxInf>PPRD00000000ANUIYI1020180917826235262</AddtlTxInf></TxDtls><AddtlNtryInf>COMPLETE//0000//003//CREDIT</AddtlNtryInf></Ntry></Ntfctn></BkToCstmrDbtCdtNtfctnV01></Document>