<?xml version="1.0" encoding="UTF-8"?><Document xmlns:xsi="http://www.w3.org/2001/XMLSchema-instance" xmlns="urn:iso:std:iso:20022:tech:xsd:camt.054.001.01"><BkToCstmrDbtCdtNtfctnV01><GrpHdr><MsgId>80309K//12448</MsgId><CreDtTm>2018-09-05T11:30:00</CreDtTm></GrpHdr><Ntfctn><Id>80309K//12448//1</Id><CreDtTm>2018-09-05T11:30:00</CreDtTm><Acct><Id><PrtryAcct><Id>20594233939774</Id></PrtryAcct></Id><Ccy>GBP</Ccy></Acct><TxsSummry><TtlNtries><NbOfNtries>7</NbOfNtries><Sum>450.59</Sum></TtlNtries><TtlCdtNtries><NbOfNtries>7</NbOfNtries><Sum>450.59</Sum></TtlCdtNtries><TtlDbtNtries><NbOfNtries>0</NbOfNtries><Sum>0.00</Sum></TtlDbtNtries></TxsSummry><Ntry><Amt Ccy="GBP">20.00</Amt><CdtDbtInd>CRDT</CdtDbtInd><Sts>BOOK</Sts><BookgDt><Dt>2018-09-05</Dt></BookgDt><BkTxCd><Prtry><Cd>SIP UKBA CR 40269</Cd></Prtry></BkTxCd><TxDtls><Refs><EndToEndId>NOREF</EndToEndId><TxId>RP4679960654156500</TxId></Refs><RltdPties><Dbtr><Nm>BANKETAS D</Nm></Dbtr><DbtrAcct><Id><PrtryAcct><Id>20498693990915</Id></PrtryAcct></Id></DbtrAcct><Cdtr><Nm>JAEDENE</Nm></Cdtr><CdtrAcct><Id><PrtryAcct><Id>23008200335625</Id></PrtryAcct></Id></CdtrAcct><Prtry><Tp>NA</Tp><Pty/></Prtry></RltdPties><RmtInf><Strd><AddtlRmtInf>NO REF</AddtlRmtInf></Strd><Strd><AddtlRmtInf>BANKETAS D//NA</AddtlRmtInf></Strd></RmtInf><RltdDts><TxDtTm>2018-09-05T11:02:56</TxDtTm></RltdDts><AddtlTxInf>RP46799606541565001020180905826200026</AddtlTxInf></TxDtls><AddtlNtryInf>COMPLETE//0000//001//CREDIT</AddtlNtryInf></Ntry><Ntry><Amt Ccy="GBP">232.50</Amt><CdtDbtInd>CRDT</CdtDbtInd><Sts>BOOK</Sts><BookgDt><Dt>2018-09-05</Dt></BookgDt><BkTxCd><Prtry><Cd>DCA UKBA CR 40269</Cd></Prtry></BkTxCd><TxDtls><Refs><EndToEndId>NOREF</EndToEndId><TxId>000000013479453001</TxId><Prtry><Tp>STO REF</Tp><Ref>0000</Ref></Prtry></Refs><RltdPties><Dbtr><Nm>HUDSON</Nm></Dbtr><DbtrAcct><Id><PrtryAcct><Id>20438833206483</Id></PrtryAcct></Id></DbtrAcct><Cdtr><Nm>L H JACOBS</Nm></Cdtr><CdtrAcct><Id><PrtryAcct><Id>23008200039842</Id></PrtryAcct></Id></CdtrAcct><Prtry><Tp>HUDSON</Tp><Pty/></Prtry></RltdPties><RmtInf><Strd><AddtlRmtInf>NO REF</AddtlRmtInf></Strd><Strd><AddtlRmtInf>HUDSON//HUDSON</AddtlRmtInf></Strd></RmtInf><RltdDts><TxDtTm>2018-09-05T11:03:39</TxDtTm></RltdDts><AddtlTxInf>0000000134794530015020180905826204388</AddtlTxInf></TxDtls><AddtlNtryInf>COMPLETE//0000//001//CREDIT</AddtlNtryInf></Ntry><Ntry><Amt Ccy="GBP">29.24</Amt><CdtDbtInd>CRDT</CdtDbtInd><Sts>BOOK</Sts><BookgDt><Dt>2018-09-05</Dt></BookgDt><BkTxCd><Prtry><Cd>FDP UKBA CR 40269</Cd></Prtry></BkTxCd><TxDtls><Refs><EndToEndId>NOREF</EndToEndId><TxId>6229815350115096AH</TxId><Prtry><Tp>STO REF</Tp><Ref>0000</Ref></Prtry></Refs><RltdPties><Dbtr><Nm>HOTSPRING VENTURES</Nm></Dbtr><DbtrAcct><Id><PrtryAcct><Id>40052021612026</Id></PrtryAcct></Id></DbtrAcct><Cdtr><Nm>MATHEWFARN</Nm></Cdtr><CdtrAcct><Id><PrtryAcct><Id>23008200042415</Id></PrtryAcct></Id></CdtrAcct><Prtry><Tp>UK18571-5</Tp><Pty/></Prtry></RltdPties><RmtInf><Strd><AddtlRmtInf>NO REF</AddtlRmtInf></Strd><Strd><AddtlRmtInf>HOTSPRING VENTURES//UK18571-5</AddtlRmtInf></Strd></RmtInf><RltdDts><TxDtTm>2018-09-05T11:05:36</TxDtTm></RltdDts><AddtlTxInf>6229815350115096AH4020180905826400520</AddtlTxInf></TxDtls><AddtlNtryInf>COMPLETE//0000//001//CREDIT</AddtlNtryInf></Ntry><Ntry><Amt Ccy="GBP">48.85</Amt><CdtDbtInd>CRDT</CdtDbtInd><Sts>BOOK</Sts><BookgDt><Dt>2018-09-05</Dt></BookgDt><BkTxCd><Prtry><Cd>FDP UKBA CR 40269</Cd></Prtry></BkTxCd><TxDtls><Refs><EndToEndId>NOREF</EndToEndId><TxId>5874687450115108AH</TxId><Prtry><Tp>STO REF</Tp><Ref>0000</Ref></Prtry></Refs><RltdPties><Dbtr><Nm>HOTSPRING VENTURES</Nm></Dbtr><DbtrAcct><Id><PrtryAcct><Id>40052021612026</Id></PrtryAcct></Id></DbtrAcct><Cdtr><Nm>PERSONALEY</Nm></Cdtr><CdtrAcct><Id><PrtryAcct><Id>23008200043927</Id></PrtryAcct></Id></CdtrAcct><Prtry><Tp>UK74037-3</Tp><Pty/></Prtry></RltdPties><RmtInf><Strd><AddtlRmtInf>NO REF</AddtlRmtInf></Strd><Strd><AddtlRmtInf>HOTSPRING VENTURES//UK74037-3</AddtlRmtInf></Strd></RmtInf><RltdDts><TxDtTm>2018-09-05T11:05:48</TxDtTm></RltdDts><AddtlTxInf>5874687450115108AH4020180905826400520</AddtlTxInf></TxDtls><AddtlNtryInf>COMPLETE//0000//001//CREDIT</AddtlNtryInf></Ntry><Ntry><Amt Ccy="GBP">100.00</Amt><CdtDbtInd>CRDT</CdtDbtInd><Sts>BOOK</Sts><BookgDt><Dt>2018-09-05</Dt></BookgDt><BkTxCd><Prtry><Cd>DCA UKBA CR 40269</Cd></Prtry></BkTxCd><TxDtls><Refs><EndToEndId>NOREF</EndToEndId><TxId>000000013479614101</TxId><Prtry><Tp>STO REF</Tp><Ref>0000</Ref></Prtry></Refs><RltdPties><Dbtr><Nm>23630700793538</Nm></Dbtr><DbtrAcct><Id><PrtryAcct><Id>20594243523659</Id></PrtryAcct></Id></DbtrAcct><Cdtr><Nm>MR GRAHAM AMESTOY</Nm></Cdtr><CdtrAcct><Id><PrtryAcct><Id>23008200360959</Id></PrtryAcct></Id></CdtrAcct><Prtry><Tp>DEPOSIT</Tp><Pty/></Prtry></RltdPties><RmtInf><Strd><AddtlRmtInf>NO REF</AddtlRmtInf></Strd><Strd><AddtlRmtInf>23630700793538//DEPOSIT</AddtlRmtInf></Strd></RmtInf><RltdDts><TxDtTm>2018-09-05T11:16:59</TxDtTm></RltdDts><AddtlTxInf>0000000134796141015020180905826205942</AddtlTxInf></TxDtls><AddtlNtryInf>COMPLETE//0000//001//CREDIT</AddtlNtryInf></Ntry><Ntry><Amt Ccy="GBP">15.00</Amt><CdtDbtInd>CRDT</CdtDbtInd><Sts>BOOK</Sts><BookgDt><Dt>2018-09-05</Dt></BookgDt><BkTxCd><Prtry><Cd>SIP UKBA CR 40269</Cd></Prtry></BkTxCd><TxDtls><Refs><EndToEndId>NOREF</EndToEndId><TxId>32111725699527000N</TxId><Prtry><Tp>STO REF</Tp><Ref>0000</Ref></Prtry></Refs><RltdPties><Dbtr><Nm>DANIEL KASPROWICZ</Nm><PstlAdr><AdrLine>APS COTTONS CENTRE SE1 2QG</AdrLine><Ctry/></PstlAdr></Dbtr><DbtrAcct><Id><PrtryAcct><Id>08719905428667</Id></PrtryAcct></Id></DbtrAcct><Cdtr><Nm>SANTYNA KASPROWICZ</Nm></Cdtr><CdtrAcct><Id><PrtryAcct><Id>23008200143786</Id></PrtryAcct></Id></CdtrAcct><Prtry><Tp>LOWE TUKE</Tp><Pty/></Prtry></RltdPties><RmtInf><Strd><AddtlRmtInf>LOWE TUKE</AddtlRmtInf></Strd><Strd><AddtlRmtInf>DANIEL KASPROWICZ//LOWE TUKE</AddtlRmtInf></Strd></RmtInf><RltdDts><TxDtTm>2018-09-05T11:17:26</TxDtTm></RltdDts><AddtlTxInf>32111725699527000N1020180905826087199</AddtlTxInf></TxDtls><AddtlNtryInf>COMPLETE//0000//001//CREDIT</AddtlNtryInf></Ntry><Ntry><Amt Ccy="GBP">5.00</Amt><CdtDbtInd>CRDT</CdtDbtInd><Sts>BOOK</Sts><BookgDt><Dt>2018-09-05</Dt></BookgDt><BkTxCd><Prtry><Cd>SIP UKBA CR 40269</Cd></Prtry></BkTxCd><TxDtls><Refs><EndToEndId>NOREF</EndToEndId><TxId>400000000390966855</TxId></Refs><RltdPties><Dbtr><Nm>A Gee-Camara</Nm></Dbtr><DbtrAcct><Id><PrtryAcct><Id>11045400979645</Id></PrtryAcct></Id></DbtrAcct><Cdtr><Nm>A CAMARA</Nm></Cdtr><CdtrAcct><Id><PrtryAcct><Id>23008200239944</Id></PrtryAcct></Id></CdtrAcct><Prtry><Tp>SAVE</Tp><Pty/></Prtry></RltdPties><RmtInf><Strd><AddtlRmtInf>NO REF</AddtlRmtInf></Strd><Strd><AddtlRmtInf>A Gee-Camara//SAVE</AddtlRmtInf></Strd></RmtInf><RltdDts><TxDtTm>2018-09-05T11:25:28</TxDtTm></RltdDts><AddtlTxInf>4000000003909668551020180905826110454</AddtlTxInf></TxDtls><AddtlNtryInf>COMPLETE//0000//001//CREDIT</AddtlNtryInf></Ntry></Ntfctn></BkToCstmrDbtCdtNtfctnV01></Document>