<?xml version="1.0" encoding="UTF-8"?><Document xmlns:xsi="http://www.w3.org/2001/XMLSchema-instance" xmlns="urn:iso:std:iso:20022:tech:xsd:camt.054.001.01"><BkToCstmrDbtCdtNtfctnV01><GrpHdr><MsgId>80309K//13496</MsgId><CreDtTm>2018-09-29T17:00:00</CreDtTm></GrpHdr><Ntfctn><Id>80309K//13496//1</Id><CreDtTm>2018-09-29T17:00:00</CreDtTm><Acct><Id><PrtryAcct><Id>20594233939774</Id></PrtryAcct></Id><Ccy>GBP</Ccy></Acct><TxsSummry><TtlNtries><NbOfNtries>8</NbOfNtries><Sum>2063.40</Sum></TtlNtries><TtlCdtNtries><NbOfNtries>8</NbOfNtries><Sum>2063.40</Sum></TtlCdtNtries><TtlDbtNtries><NbOfNtries>0</NbOfNtries><Sum>0.00</Sum></TtlDbtNtries></TxsSummry><Ntry><Amt Ccy="GBP">75.00</Amt><CdtDbtInd>CRDT</CdtDbtInd><Sts>BOOK</Sts><BookgDt><Dt>2018-10-01</Dt></BookgDt><BkTxCd><Prtry><Cd>SIP UKBA CR 40269</Cd></Prtry></BkTxCd><TxDtls><Refs><EndToEndId>NOREF</EndToEndId><TxId>RP4659985671075300</TxId></Refs><RltdPties><Dbtr><Nm>VEDACHHIA M</Nm></Dbtr><DbtrAcct><Id><PrtryAcct><Id>20097240259756</Id></PrtryAcct></Id></DbtrAcct><Cdtr><Nm>MONIKA</Nm></Cdtr><CdtrAcct><Id><PrtryAcct><Id>23008200465768</Id></PrtryAcct></Id></CdtrAcct><Prtry><Tp>IPHONE XS</Tp><Pty/></Prtry></RltdPties><RmtInf><Strd><AddtlRmtInf>NO REF</AddtlRmtInf></Strd><Strd><AddtlRmtInf>VEDACHHIA M//IPHONE XS</AddtlRmtInf></Strd></RmtInf><RltdDts><TxDtTm>2018-09-29T16:30:11</TxDtTm></RltdDts><AddtlTxInf>RP46599856710753001020180929826200026</AddtlTxInf></TxDtls><AddtlNtryInf>COMPLETE//0000//003//CREDIT</AddtlNtryInf></Ntry><Ntry><Amt Ccy="GBP">0.01</Amt><CdtDbtInd>CRDT</CdtDbtInd><Sts>BOOK</Sts><BookgDt><Dt>2018-10-01</Dt></BookgDt><BkTxCd><Prtry><Cd>SIP UKBA CR 40269</Cd></Prtry></BkTxCd><TxDtls><Refs><EndToEndId>PPRD00000000AR3ST2</EndToEndId><TxId>PPRD00000000AR3ST2</TxId></Refs><RltdPties><Dbtr><Nm>PAYPAL CODE 3781</Nm><PstlAdr><AdrLine>2211 N 1st Street San Jose CA 95131</AdrLine><Ctry/></PstlAdr></Dbtr><DbtrAcct><Id><PrtryAcct><Id>23526285010101</Id></PrtryAcct></Id></DbtrAcct><Cdtr><Nm>Muhammad Nadeem Khan</Nm><PstlAdr><AdrLine>54 Luddesdown Road</AdrLine><Ctry/></PstlAdr></Cdtr><CdtrAcct><Id><PrtryAcct><Id>23008200455523</Id></PrtryAcct></Id></CdtrAcct><Prtry><Tp>PAYPAL CODE 3781</Tp><Pty/></Prtry></RltdPties><RmtInf><Strd><RfrdDocInf><RfrdDocTp><Prtry>002</Prtry></RfrdDocTp></RfrdDocInf><AddtlRmtInf>NO REF</AddtlRmtInf></Strd><Strd><AddtlRmtInf>PAYPAL CODE 3781//PAYPAL CODE 3781</AddtlRmtInf></Strd></RmtInf><RltdDts><TxDtTm>2018-09-29T16:33:30</TxDtTm></RltdDts><AddtlTxInf>PPRD00000000AR3ST21020180929826235262</AddtlTxInf></TxDtls><AddtlNtryInf>COMPLETE//0000//003//CREDIT</AddtlNtryInf></Ntry><Ntry><Amt Ccy="GBP">1500.00</Amt><CdtDbtInd>CRDT</CdtDbtInd><Sts>BOOK</Sts><BookgDt><Dt>2018-10-01</Dt></BookgDt><BkTxCd><Prtry><Cd>SIP UKBA CR 40269</Cd></Prtry></BkTxCd><TxDtls><Refs><EndToEndId>NOREF</EndToEndId><TxId>FP18272O12867982</TxId></Refs><RltdPties><Dbtr><Nm>Trust Adjoa</Nm></Dbtr><DbtrAcct><Id><PrtryAcct><Id>07445608544374</Id></PrtryAcct></Id></DbtrAcct><Cdtr><Nm>G CARS</Nm></Cdtr><CdtrAcct><Id><PrtryAcct><Id>23008200459468</Id></PrtryAcct></Id></CdtrAcct><Prtry><Tp>FRANKEY CARS</Tp><Pty/></Prtry></RltdPties><RmtInf><Strd><AddtlRmtInf>NO REF</AddtlRmtInf></Strd><Strd><AddtlRmtInf>Trust Adjoa//FRANKEY CARS</AddtlRmtInf></Strd></RmtInf><RltdDts><TxDtTm>2018-09-29T16:34:32</TxDtTm></RltdDts><AddtlTxInf>FP18272O12867982  1020180929826074456</AddtlTxInf></TxDtls><AddtlNtryInf>COMPLETE//0000//003//CREDIT</AddtlNtryInf></Ntry><Ntry><Amt Ccy="GBP">75.00</Amt><CdtDbtInd>CRDT</CdtDbtInd><Sts>BOOK</Sts><BookgDt><Dt>2018-10-01</Dt></BookgDt><BkTxCd><Prtry><Cd>SIP UKBA CR 40269</Cd></Prtry></BkTxCd><TxDtls><Refs><EndToEndId>NOREF</EndToEndId><TxId>RP4659985671390400</TxId></Refs><RltdPties><Dbtr><Nm>VEDACHHIA M</Nm></Dbtr><DbtrAcct><Id><PrtryAcct><Id>20097240259756</Id></PrtryAcct></Id></DbtrAcct><Cdtr><Nm>MONIKA</Nm></Cdtr><CdtrAcct><Id><PrtryAcct><Id>23008200465768</Id></PrtryAcct></Id></CdtrAcct><Prtry><Tp>IPHONE XS</Tp><Pty/></Prtry></RltdPties><RmtInf><Strd><AddtlRmtInf>NO REF</AddtlRmtInf></Strd><Strd><AddtlRmtInf>VEDACHHIA M//IPHONE XS</AddtlRmtInf></Strd></RmtInf><RltdDts><TxDtTm>2018-09-29T16:34:46</TxDtTm></RltdDts><AddtlTxInf>RP46599856713904001020180929826200026</AddtlTxInf></TxDtls><AddtlNtryInf>COMPLETE//0000//003//CREDIT</AddtlNtryInf></Ntry><Ntry><Amt Ccy="GBP">15.00</Amt><CdtDbtInd>CRDT</CdtDbtInd><Sts>BOOK</Sts><BookgDt><Dt>2018-10-01</Dt></BookgDt><BkTxCd><Prtry><Cd>SIP UKBA CR 40269</Cd></Prtry></BkTxCd><TxDtls><Refs><EndToEndId>NOREF</EndToEndId><TxId>500000000393358466</TxId></Refs><RltdPties><Dbtr><Nm>S Warren</Nm></Dbtr><DbtrAcct><Id><PrtryAcct><Id>77857658323968</Id></PrtryAcct></Id></DbtrAcct><Cdtr><Nm>ANDY</Nm></Cdtr><CdtrAcct><Id><PrtryAcct><Id>23008200381285</Id></PrtryAcct></Id></CdtrAcct><Prtry><Tp>Owed</Tp><Pty/></Prtry></RltdPties><RmtInf><Strd><AddtlRmtInf>NO REF</AddtlRmtInf></Strd><Strd><AddtlRmtInf>S Warren//Owed</AddtlRmtInf></Strd></RmtInf><RltdDts><TxDtTm>2018-09-29T16:46:34</TxDtTm></RltdDts><AddtlTxInf>5000000003933584661020180929826778576</AddtlTxInf></TxDtls><AddtlNtryInf>COMPLETE//0000//003//CREDIT</AddtlNtryInf></Ntry><Ntry><Amt Ccy="GBP">200.00</Amt><CdtDbtInd>CRDT</CdtDbtInd><Sts>BOOK</Sts><BookgDt><Dt>2018-10-01</Dt></BookgDt><BkTxCd><Prtry><Cd>SIP UKBA CR 40269</Cd></Prtry></BkTxCd><TxDtls><Refs><EndToEndId>NOREF</EndToEndId><TxId>386081611561929001</TxId><Prtry><Tp>STO REF</Tp><Ref>0000</Ref></Prtry></Refs><RltdPties><Dbtr><Nm>NAZARY R</Nm></Dbtr><DbtrAcct><Id><PrtryAcct><Id>40251034211111</Id></PrtryAcct></Id></DbtrAcct><Cdtr><Nm>Completely</Nm></Cdtr><CdtrAcct><Id><PrtryAcct><Id>23008200222370</Id></PrtryAcct></Id></CdtrAcct><Prtry><Tp>website</Tp><Pty/></Prtry></RltdPties><RmtInf><Strd><AddtlRmtInf>NO REF</AddtlRmtInf></Strd><Strd><AddtlRmtInf>NAZARY R//website</AddtlRmtInf></Strd></RmtInf><RltdDts><TxDtTm>2018-09-29T16:51:16</TxDtTm></RltdDts><AddtlTxInf>3860816115619290011020180929826402510</AddtlTxInf></TxDtls><AddtlNtryInf>COMPLETE//0000//003//CREDIT</AddtlNtryInf></Ntry><Ntry><Amt Ccy="GBP">1.50</Amt><CdtDbtInd>CRDT</CdtDbtInd><Sts>BOOK</Sts><BookgDt><Dt>2018-10-01</Dt></BookgDt><BkTxCd><Prtry><Cd>SIP UKBA CR 40269</Cd></Prtry></BkTxCd><TxDtls><Refs><EndToEndId>HBV</EndToEndId><TxId>18165814215280000N</TxId><Prtry><Tp>STO REF</Tp><Ref>0000</Ref></Prtry></Refs><RltdPties><Dbtr><Nm>MIAH M</Nm></Dbtr><DbtrAcct><Id><PrtryAcct><Id>60072644680023</Id></PrtryAcct></Id></DbtrAcct><Cdtr><Nm>PCH</Nm></Cdtr><CdtrAcct><Id><PrtryAcct><Id>23008200224439</Id></PrtryAcct></Id></CdtrAcct><Prtry><Tp>HBV</Tp><Pty/></Prtry></RltdPties><RmtInf><Strd><AddtlRmtInf>MIAH M            HBV               VIA MOBILE - LVP</AddtlRmtInf></Strd><Strd><AddtlRmtInf>MIAH M//HBV</AddtlRmtInf></Strd></RmtInf><RltdDts><TxDtTm>2018-09-29T16:58:14</TxDtTm></RltdDts><AddtlTxInf>18165814215280000N1020180929826600726</AddtlTxInf></TxDtls><AddtlNtryInf>COMPLETE//0000//003//CREDIT</AddtlNtryInf></Ntry><Ntry><Amt Ccy="GBP">196.89</Amt><CdtDbtInd>CRDT</CdtDbtInd><Sts>BOOK</Sts><BookgDt><Dt>2018-10-01</Dt></BookgDt><BkTxCd><Prtry><Cd>SIP UKBA CR 40269</Cd></Prtry></BkTxCd><TxDtls><Refs><EndToEndId>NOREF</EndToEndId><TxId>FP18272O12885488</TxId></Refs><RltdPties><Dbtr><Nm>Dean Nicola</Nm></Dbtr><DbtrAcct><Id><PrtryAcct><Id>07043626072599</Id></PrtryAcct></Id></DbtrAcct><Cdtr><Nm>MR JAMES WRIGHT</Nm></Cdtr><CdtrAcct><Id><PrtryAcct><Id>23008200474758</Id></PrtryAcct></Id></CdtrAcct><Prtry><Tp>00474758</Tp><Pty/></Prtry></RltdPties><RmtInf><Strd><AddtlRmtInf>NO REF</AddtlRmtInf></Strd><Strd><AddtlRmtInf>Dean Nicola//00474758</AddtlRmtInf></Strd></RmtInf><RltdDts><TxDtTm>2018-09-29T16:58:38</TxDtTm></RltdDts><AddtlTxInf>FP18272O12885488  1020180929826070436</AddtlTxInf></TxDtls><AddtlNtryInf>COMPLETE//0000//003//CREDIT</AddtlNtryInf></Ntry></Ntfctn></BkToCstmrDbtCdtNtfctnV01></Document>