<?xml version="1.0" encoding="UTF-8"?><Document xmlns:xsi="http://www.w3.org/2001/XMLSchema-instance" xmlns="urn:iso:std:iso:20022:tech:xsd:camt.054.001.01"><BkToCstmrDbtCdtNtfctnV01><GrpHdr><MsgId>80309K//13290</MsgId><CreDtTm>2018-09-25T00:30:00</CreDtTm></GrpHdr><Ntfctn><Id>80309K//13290//1</Id><CreDtTm>2018-09-25T00:30:00</CreDtTm><Acct><Id><PrtryAcct><Id>20594233939774</Id></PrtryAcct></Id><Ccy>GBP</Ccy></Acct><TxsSummry><TtlNtries><NbOfNtries>5</NbOfNtries><Sum>649.44</Sum></TtlNtries><TtlCdtNtries><NbOfNtries>5</NbOfNtries><Sum>649.44</Sum></TtlCdtNtries><TtlDbtNtries><NbOfNtries>0</NbOfNtries><Sum>0.00</Sum></TtlDbtNtries></TxsSummry><Ntry><Amt Ccy="GBP">200.00</Amt><CdtDbtInd>CRDT</CdtDbtInd><Sts>BOOK</Sts><BookgDt><Dt>2018-09-25</Dt></BookgDt><BkTxCd><Prtry><Cd>SIP UKBA CR 40269</Cd></Prtry></BkTxCd><TxDtls><Refs><EndToEndId>STARLING-0ZLW5NP7Z66Q214JMX</EndToEndId><TxId>0ZLW5NP7Z66Q214JMX</TxId></Refs><RltdPties><Dbtr><Nm>Geoffrey Coltman</Nm></Dbtr><DbtrAcct><Id><PrtryAcct><Id>60837172617167</Id></PrtryAcct></Id></DbtrAcct><Cdtr><Nm>Geoffrey Coltman</Nm></Cdtr><CdtrAcct><Id><PrtryAcct><Id>23008200103926</Id></PrtryAcct></Id></CdtrAcct><Prtry><Tp>5574220148432171</Tp><Pty/></Prtry></RltdPties><RmtInf><Strd><AddtlRmtInf>NO REF</AddtlRmtInf></Strd><Strd><AddtlRmtInf>Geoffrey Coltman//5574220148432171</AddtlRmtInf></Strd></RmtInf><RltdDts><TxDtTm>2018-09-25T00:13:23</TxDtTm></RltdDts><AddtlTxInf>0ZLW5NP7Z66Q214JMX1020180925826608371</AddtlTxInf></TxDtls><AddtlNtryInf>COMPLETE//0000//003//CREDIT</AddtlNtryInf></Ntry><Ntry><Amt Ccy="GBP">11.80</Amt><CdtDbtInd>CRDT</CdtDbtInd><Sts>BOOK</Sts><BookgDt><Dt>2018-09-25</Dt></BookgDt><BkTxCd><Prtry><Cd>SIP UKBA CR 40269</Cd></Prtry></BkTxCd><TxDtls><Refs><EndToEndId>NOREF</EndToEndId><TxId>RP4679962158650000</TxId></Refs><RltdPties><Dbtr><Nm>LUCAS L</Nm></Dbtr><DbtrAcct><Id><PrtryAcct><Id>20709420597066</Id></PrtryAcct></Id></DbtrAcct><Cdtr><Nm>MRS LUCY LUCAS</Nm></Cdtr><CdtrAcct><Id><PrtryAcct><Id>23008200426931</Id></PrtryAcct></Id></CdtrAcct><Prtry><Tp>..</Tp><Pty/></Prtry></RltdPties><RmtInf><Strd><AddtlRmtInf>NO REF</AddtlRmtInf></Strd><Strd><AddtlRmtInf>LUCAS L//..</AddtlRmtInf></Strd></RmtInf><RltdDts><TxDtTm>2018-09-25T00:16:23</TxDtTm></RltdDts><AddtlTxInf>RP46799621586500001020180925826200026</AddtlTxInf></TxDtls><AddtlNtryInf>COMPLETE//0000//003//CREDIT</AddtlNtryInf></Ntry><Ntry><Amt Ccy="GBP">207.64</Amt><CdtDbtInd>CRDT</CdtDbtInd><Sts>BOOK</Sts><BookgDt><Dt>2018-09-25</Dt></BookgDt><BkTxCd><Prtry><Cd>DCA UKBA CR 40269</Cd></Prtry></BkTxCd><TxDtls><Refs><EndToEndId>NOREF</EndToEndId><TxId>000000013654027201</TxId><Prtry><Tp>STO REF</Tp><Ref>1229</Ref></Prtry></Refs><RltdPties><Dbtr><Nm>LAUREN PAIGE GOUGH</Nm></Dbtr><DbtrAcct><Id><PrtryAcct><Id>20035373152596</Id></PrtryAcct></Id></DbtrAcct><Cdtr><Nm>LAUREN GOUGH</Nm></Cdtr><CdtrAcct><Id><PrtryAcct><Id>23008200323501</Id></PrtryAcct></Id></CdtrAcct><Prtry><Tp>JACKMOBILERRPAIR</Tp><Pty/></Prtry></RltdPties><RmtInf><Strd><AddtlRmtInf>NO REF</AddtlRmtInf></Strd><Strd><AddtlRmtInf>LAUREN PAIGE GOUGH//JACKMOBILERRPAIR</AddtlRmtInf></Strd></RmtInf><RltdDts><TxDtTm>2018-09-25T00:21:32</TxDtTm></RltdDts><AddtlTxInf>0000000136540272015020180925826200353</AddtlTxInf></TxDtls><AddtlNtryInf>COMPLETE//0000//003//CREDIT</AddtlNtryInf></Ntry><Ntry><Amt Ccy="GBP">30.00</Amt><CdtDbtInd>CRDT</CdtDbtInd><Sts>BOOK</Sts><BookgDt><Dt>2018-09-25</Dt></BookgDt><BkTxCd><Prtry><Cd>DCA UKBA CR 40269</Cd></Prtry></BkTxCd><TxDtls><Refs><EndToEndId>NOREF</EndToEndId><TxId>000000013654031501</TxId><Prtry><Tp>STO REF</Tp><Ref>9675</Ref></Prtry></Refs><RltdPties><Dbtr><Nm>H HAGHANI</Nm></Dbtr><DbtrAcct><Id><PrtryAcct><Id>20035373152596</Id></PrtryAcct></Id></DbtrAcct><Cdtr><Nm>HANIEH EBADOLAHZAD</Nm></Cdtr><CdtrAcct><Id><PrtryAcct><Id>23008200127685</Id></PrtryAcct></Id></CdtrAcct><Prtry><Tp>FROM HANIEH EBADOL</Tp><Pty/></Prtry></RltdPties><RmtInf><Strd><AddtlRmtInf>NO REF</AddtlRmtInf></Strd><Strd><AddtlRmtInf>H HAGHANI//FROM HANIEH EBADOL</AddtlRmtInf></Strd></RmtInf><RltdDts><TxDtTm>2018-09-25T00:21:33</TxDtTm></RltdDts><AddtlTxInf>0000000136540315015020180925826200353</AddtlTxInf></TxDtls><AddtlNtryInf>COMPLETE//0000//003//CREDIT</AddtlNtryInf></Ntry><Ntry><Amt Ccy="GBP">200.00</Amt><CdtDbtInd>CRDT</CdtDbtInd><Sts>BOOK</Sts><BookgDt><Dt>2018-09-25</Dt></BookgDt><BkTxCd><Prtry><Cd>SIP UKBA CR 40269</Cd></Prtry></BkTxCd><TxDtls><Refs><EndToEndId>NOREF</EndToEndId><TxId>300000000395177706</TxId></Refs><RltdPties><Dbtr><Nm>D Jones</Nm></Dbtr><DbtrAcct><Id><PrtryAcct><Id>11181132796104</Id></PrtryAcct></Id></DbtrAcct><Cdtr><Nm>DARRAN JONES</Nm></Cdtr><CdtrAcct><Id><PrtryAcct><Id>23008200125402</Id></PrtryAcct></Id></CdtrAcct><Prtry><Tp>ARRO</Tp><Pty/></Prtry></RltdPties><RmtInf><Strd><AddtlRmtInf>NO REF</AddtlRmtInf></Strd><Strd><AddtlRmtInf>D Jones//ARRO</AddtlRmtInf></Strd></RmtInf><RltdDts><TxDtTm>2018-09-25T00:26:03</TxDtTm></RltdDts><AddtlTxInf>3000000003951777061020180925826111811</AddtlTxInf></TxDtls><AddtlNtryInf>COMPLETE//0000//003//CREDIT</AddtlNtryInf></Ntry></Ntfctn></BkToCstmrDbtCdtNtfctnV01></Document>