<?xml version="1.0" encoding="UTF-8"?><Document xmlns:xsi="http://www.w3.org/2001/XMLSchema-instance" xmlns="urn:iso:std:iso:20022:tech:xsd:camt.054.001.01"><BkToCstmrDbtCdtNtfctnV01><GrpHdr><MsgId>80309K//13437</MsgId><CreDtTm>2018-09-28T08:00:00</CreDtTm></GrpHdr><Ntfctn><Id>80309K//13437//1</Id><CreDtTm>2018-09-28T08:00:00</CreDtTm><Acct><Id><PrtryAcct><Id>20594233939774</Id></PrtryAcct></Id><Ccy>GBP</Ccy></Acct><TxsSummry><TtlNtries><NbOfNtries>9</NbOfNtries><Sum>2537.19</Sum></TtlNtries><TtlCdtNtries><NbOfNtries>9</NbOfNtries><Sum>2537.19</Sum></TtlCdtNtries><TtlDbtNtries><NbOfNtries>0</NbOfNtries><Sum>0.00</Sum></TtlDbtNtries></TxsSummry><Ntry><Amt Ccy="GBP">60.00</Amt><CdtDbtInd>CRDT</CdtDbtInd><Sts>BOOK</Sts><BookgDt><Dt>2018-09-28</Dt></BookgDt><BkTxCd><Prtry><Cd>SIP UKBA CR 40269</Cd></Prtry></BkTxCd><TxDtls><Refs><EndToEndId>NOREF</EndToEndId><TxId>500000000392760288</TxId></Refs><RltdPties><Dbtr><Nm>D Smith</Nm></Dbtr><DbtrAcct><Id><PrtryAcct><Id>11000105704244</Id></PrtryAcct></Id></DbtrAcct><Cdtr><Nm>JOHN DUNCAN</Nm></Cdtr><CdtrAcct><Id><PrtryAcct><Id>23008200167286</Id></PrtryAcct></Id></CdtrAcct><Prtry><Tp>LOAN</Tp><Pty/></Prtry></RltdPties><RmtInf><Strd><AddtlRmtInf>NO REF</AddtlRmtInf></Strd><Strd><AddtlRmtInf>D Smith//LOAN</AddtlRmtInf></Strd></RmtInf><RltdDts><TxDtTm>2018-09-28T07:37:34</TxDtTm></RltdDts><AddtlTxInf>5000000003927602881020180928826110001</AddtlTxInf></TxDtls><AddtlNtryInf>COMPLETE//0000//001//CREDIT</AddtlNtryInf></Ntry><Ntry><Amt Ccy="GBP">2.44</Amt><CdtDbtInd>CRDT</CdtDbtInd><Sts>BOOK</Sts><BookgDt><Dt>2018-09-28</Dt></BookgDt><BkTxCd><Prtry><Cd>SIP UKBA CR 40269</Cd></Prtry></BkTxCd><TxDtls><Refs><EndToEndId>NOREF</EndToEndId><TxId>500000000392760607</TxId></Refs><RltdPties><Dbtr><Nm>J Quick</Nm></Dbtr><DbtrAcct><Id><PrtryAcct><Id>11060212085861</Id></PrtryAcct></Id></DbtrAcct><Cdtr><Nm>JAMIE ARRO</Nm></Cdtr><CdtrAcct><Id><PrtryAcct><Id>23008200165900</Id></PrtryAcct></Id></CdtrAcct><Prtry><Tp>MONEY</Tp><Pty/></Prtry></RltdPties><RmtInf><Strd><AddtlRmtInf>NO REF</AddtlRmtInf></Strd><Strd><AddtlRmtInf>J Quick//MONEY</AddtlRmtInf></Strd></RmtInf><RltdDts><TxDtTm>2018-09-28T07:38:06</TxDtTm></RltdDts><AddtlTxInf>5000000003927606071020180928826110602</AddtlTxInf></TxDtls><AddtlNtryInf>COMPLETE//0000//001//CREDIT</AddtlNtryInf></Ntry><Ntry><Amt Ccy="GBP">2000.00</Amt><CdtDbtInd>CRDT</CdtDbtInd><Sts>BOOK</Sts><BookgDt><Dt>2018-09-28</Dt></BookgDt><BkTxCd><Prtry><Cd>SIP UKBA CR 40269</Cd></Prtry></BkTxCd><TxDtls><Refs><EndToEndId>Domestic Expense</EndToEndId><TxId>TW0000000041028403</TxId></Refs><RltdPties><Dbtr><Nm>Emerald Construction Machinery Co TW</Nm></Dbtr><DbtrAcct><Id><PrtryAcct><Id>23147089618458</Id></PrtryAcct></Id></DbtrAcct><Cdtr><Nm>Keith Wood</Nm></Cdtr><CdtrAcct><Id><PrtryAcct><Id>23008200086276</Id></PrtryAcct></Id></CdtrAcct><Prtry><Tp>Domestic Expense</Tp><Pty/></Prtry></RltdPties><RmtInf><Strd><AddtlRmtInf>NO REF</AddtlRmtInf></Strd><Strd><AddtlRmtInf>Emerald Constructi//Domestic Expense</AddtlRmtInf></Strd></RmtInf><RltdDts><TxDtTm>2018-09-28T07:41:14</TxDtTm></RltdDts><AddtlTxInf>TW00000000410284031020180928826231470</AddtlTxInf></TxDtls><AddtlNtryInf>COMPLETE//0000//001//CREDIT</AddtlNtryInf></Ntry><Ntry><Amt Ccy="GBP">40.75</Amt><CdtDbtInd>CRDT</CdtDbtInd><Sts>BOOK</Sts><BookgDt><Dt>2018-09-28</Dt></BookgDt><BkTxCd><Prtry><Cd>SIP UKBA CR 40269</Cd></Prtry></BkTxCd><TxDtls><Refs><EndToEndId>SCRAP</EndToEndId><TxId>60074631611508000N</TxId><Prtry><Tp>STO REF</Tp><Ref>0000</Ref></Prtry></Refs><RltdPties><Dbtr><Nm>LEATHERBARROW JD</Nm></Dbtr><DbtrAcct><Id><PrtryAcct><Id>60202137069012</Id></PrtryAcct></Id></DbtrAcct><Cdtr><Nm>NEIL</Nm></Cdtr><CdtrAcct><Id><PrtryAcct><Id>23008200319180</Id></PrtryAcct></Id></CdtrAcct><Prtry><Tp>SCRAP</Tp><Pty/></Prtry></RltdPties><RmtInf><Strd><AddtlRmtInf>LEATHERBARROW JD  SCRAP             VIA MOBILE - LVP</AddtlRmtInf></Strd><Strd><AddtlRmtInf>LEATHERBARROW JD//SCRAP</AddtlRmtInf></Strd></RmtInf><RltdDts><TxDtTm>2018-09-28T07:46:31</TxDtTm></RltdDts><AddtlTxInf>60074631611508000N1020180928826602021</AddtlTxInf></TxDtls><AddtlNtryInf>COMPLETE//0000//001//CREDIT</AddtlNtryInf></Ntry><Ntry><Amt Ccy="GBP">64.00</Amt><CdtDbtInd>CRDT</CdtDbtInd><Sts>BOOK</Sts><BookgDt><Dt>2018-09-28</Dt></BookgDt><BkTxCd><Prtry><Cd>SIP UKBA CR 40269</Cd></Prtry></BkTxCd><TxDtls><Refs><EndToEndId>NOREF</EndToEndId><TxId>P6RTNBTIBCU5AQFRRY</TxId></Refs><RltdPties><Dbtr><Nm>Eva Kulakova</Nm><PstlAdr><AdrLine>5 Greenford Gardens, UB6 9LY</AdrLine><Ctry/></PstlAdr></Dbtr><DbtrAcct><Id><PrtryAcct><Id>04000437823866</Id></PrtryAcct></Id></DbtrAcct><Cdtr><Nm>Eva Kulakova</Nm></Cdtr><CdtrAcct><Id><PrtryAcct><Id>23008200411648</Id></PrtryAcct></Id></CdtrAcct></RltdPties><RmtInf><Strd><AddtlRmtInf>NO REF</AddtlRmtInf></Strd><Strd><AddtlRmtInf>Eva Kulakova//</AddtlRmtInf></Strd></RmtInf><RltdDts><TxDtTm>2018-09-28T07:46:45</TxDtTm></RltdDts><AddtlTxInf>P6RTNBTIBCU5AQFRRY1020180928826040004</AddtlTxInf></TxDtls><AddtlNtryInf>COMPLETE//0000//001//CREDIT</AddtlNtryInf></Ntry><Ntry><Amt Ccy="GBP">100.00</Amt><CdtDbtInd>CRDT</CdtDbtInd><Sts>BOOK</Sts><BookgDt><Dt>2018-09-28</Dt></BookgDt><BkTxCd><Prtry><Cd>SIP UKBA CR 40269</Cd></Prtry></BkTxCd><TxDtls><Refs><EndToEndId>NOREF</EndToEndId><TxId>100000000391109427</TxId></Refs><RltdPties><Dbtr><Nm>A Jabeen</Nm></Dbtr><DbtrAcct><Id><PrtryAcct><Id>80471101051061</Id></PrtryAcct></Id></DbtrAcct><Cdtr><Nm>ABUBAKAR ASHRAF</Nm></Cdtr><CdtrAcct><Id><PrtryAcct><Id>23008200401667</Id></PrtryAcct></Id></CdtrAcct><Prtry><Tp>SAVINGS</Tp><Pty/></Prtry></RltdPties><RmtInf><Strd><AddtlRmtInf>NO REF</AddtlRmtInf></Strd><Strd><AddtlRmtInf>A Jabeen//SAVINGS</AddtlRmtInf></Strd></RmtInf><RltdDts><TxDtTm>2018-09-28T07:46:57</TxDtTm></RltdDts><AddtlTxInf>1000000003911094271020180928826804711</AddtlTxInf></TxDtls><AddtlNtryInf>COMPLETE//0000//001//CREDIT</AddtlNtryInf></Ntry><Ntry><Amt Ccy="GBP">20.00</Amt><CdtDbtInd>CRDT</CdtDbtInd><Sts>BOOK</Sts><BookgDt><Dt>2018-09-28</Dt></BookgDt><BkTxCd><Prtry><Cd>SIP UKBA CR 40269</Cd></Prtry></BkTxCd><TxDtls><Refs><EndToEndId>00153425632BWGXXMF</EndToEndId><TxId>00153425632BWGXXMF</TxId></Refs><RltdPties><Dbtr><Nm>JOHN CROMPTON</Nm></Dbtr><DbtrAcct><Id><PrtryAcct><Id>09012893990988</Id></PrtryAcct></Id></DbtrAcct><Cdtr><Nm>J CROM ARRO</Nm></Cdtr><CdtrAcct><Id><PrtryAcct><Id>23008200431266</Id></PrtryAcct></Id></CdtrAcct><Prtry><Tp>arroaccount</Tp><Pty/></Prtry></RltdPties><RmtInf><Strd><AddtlRmtInf>NO REF</AddtlRmtInf></Strd><Strd><AddtlRmtInf>JOHN CROMPTON//arroaccount</AddtlRmtInf></Strd></RmtInf><RltdDts><TxDtTm>2018-09-28T07:47:08</TxDtTm></RltdDts><AddtlTxInf>00153425632BWGXXMF1020180928826090128</AddtlTxInf></TxDtls><AddtlNtryInf>COMPLETE//0000//001//CREDIT</AddtlNtryInf></Ntry><Ntry><Amt Ccy="GBP">100.00</Amt><CdtDbtInd>CRDT</CdtDbtInd><Sts>BOOK</Sts><BookgDt><Dt>2018-09-28</Dt></BookgDt><BkTxCd><Prtry><Cd>SIP UKBA CR 40269</Cd></Prtry></BkTxCd><TxDtls><Refs><EndToEndId>NOREF</EndToEndId><TxId>400000000397568017</TxId></Refs><RltdPties><Dbtr><Nm>A Gee-Camara</Nm></Dbtr><DbtrAcct><Id><PrtryAcct><Id>11045400979645</Id></PrtryAcct></Id></DbtrAcct><Cdtr><Nm>A CAMARA</Nm></Cdtr><CdtrAcct><Id><PrtryAcct><Id>23008200239944</Id></PrtryAcct></Id></CdtrAcct><Prtry><Tp>SAVE</Tp><Pty/></Prtry></RltdPties><RmtInf><Strd><AddtlRmtInf>NO REF</AddtlRmtInf></Strd><Strd><AddtlRmtInf>A Gee-Camara//SAVE</AddtlRmtInf></Strd></RmtInf><RltdDts><TxDtTm>2018-09-28T07:50:05</TxDtTm></RltdDts><AddtlTxInf>4000000003975680171020180928826110454</AddtlTxInf></TxDtls><AddtlNtryInf>COMPLETE//0000//001//CREDIT</AddtlNtryInf></Ntry><Ntry><Amt Ccy="GBP">150.00</Amt><CdtDbtInd>CRDT</CdtDbtInd><Sts>BOOK</Sts><BookgDt><Dt>2018-09-28</Dt></BookgDt><BkTxCd><Prtry><Cd>SIP UKBA CR 40269</Cd></Prtry></BkTxCd><TxDtls><Refs><EndToEndId>NOREF</EndToEndId><TxId>RP4659985508893900</TxId></Refs><RltdPties><Dbtr><Nm>COULTER M L</Nm></Dbtr><DbtrAcct><Id><PrtryAcct><Id>20453583153835</Id></PrtryAcct></Id></DbtrAcct><Cdtr><Nm>M COULTER</Nm></Cdtr><CdtrAcct><Id><PrtryAcct><Id>23008200453700</Id></PrtryAcct></Id></CdtrAcct><Prtry><Tp>-</Tp><Pty/></Prtry></RltdPties><RmtInf><Strd><AddtlRmtInf>NO REF</AddtlRmtInf></Strd><Strd><AddtlRmtInf>COULTER M L//-</AddtlRmtInf></Strd></RmtInf><RltdDts><TxDtTm>2018-09-28T07:52:25</TxDtTm></RltdDts><AddtlTxInf>RP46599855088939001020180928826200026</AddtlTxInf></TxDtls><AddtlNtryInf>COMPLETE//0000//001//CREDIT</AddtlNtryInf></Ntry></Ntfctn></BkToCstmrDbtCdtNtfctnV01></Document>