<?xml version="1.0" encoding="UTF-8"?><Document xmlns:xsi="http://www.w3.org/2001/XMLSchema-instance" xmlns="urn:iso:std:iso:20022:tech:xsd:camt.054.001.01"><BkToCstmrDbtCdtNtfctnV01><GrpHdr><MsgId>80309K//13082</MsgId><CreDtTm>2018-09-20T03:30:00</CreDtTm></GrpHdr><Ntfctn><Id>80309K//13082//1</Id><CreDtTm>2018-09-20T03:30:00</CreDtTm><Acct><Id><PrtryAcct><Id>20594233939774</Id></PrtryAcct></Id><Ccy>GBP</Ccy></Acct><TxsSummry><TtlNtries><NbOfNtries>7</NbOfNtries><Sum>5981.35</Sum></TtlNtries><TtlCdtNtries><NbOfNtries>7</NbOfNtries><Sum>5981.35</Sum></TtlCdtNtries><TtlDbtNtries><NbOfNtries>0</NbOfNtries><Sum>0.00</Sum></TtlDbtNtries></TxsSummry><Ntry><Amt Ccy="GBP">217.62</Amt><CdtDbtInd>CRDT</CdtDbtInd><Sts>BOOK</Sts><BookgDt><Dt>2018-09-20</Dt></BookgDt><BkTxCd><Prtry><Cd>FDP UKBA CR 40269</Cd></Prtry></BkTxCd><TxDtls><Refs><EndToEndId>NOREF</EndToEndId><TxId>23030106157082000N</TxId><Prtry><Tp>STO REF</Tp><Ref>0000</Ref></Prtry></Refs><RltdPties><Dbtr><Nm>GLEN FOUNDRY LIMIT</Nm></Dbtr><DbtrAcct><Id><PrtryAcct><Id>60154278309840</Id></PrtryAcct></Id></DbtrAcct><Cdtr><Nm>C WOODROW</Nm></Cdtr><CdtrAcct><Id><PrtryAcct><Id>23008200393103</Id></PrtryAcct></Id></CdtrAcct><Prtry><Tp>ANDERSON STEWART C</Tp><Pty/></Prtry></RltdPties><RmtInf><Strd><AddtlRmtInf>ANDERSON STEWART C</AddtlRmtInf></Strd><Strd><AddtlRmtInf>GLEN FOUNDRY LIMIT//ANDERSON STEWART C</AddtlRmtInf></Strd></RmtInf><RltdDts><TxDtTm>2018-09-20T03:01:25</TxDtTm></RltdDts><AddtlTxInf>23030106157082000N4020180920826601542</AddtlTxInf></TxDtls><AddtlNtryInf>COMPLETE//0000//003//CREDIT</AddtlNtryInf></Ntry><Ntry><Amt Ccy="GBP">201.00</Amt><CdtDbtInd>CRDT</CdtDbtInd><Sts>BOOK</Sts><BookgDt><Dt>2018-09-20</Dt></BookgDt><BkTxCd><Prtry><Cd>SIP UKBA CR 40269</Cd></Prtry></BkTxCd><TxDtls><Refs><EndToEndId>NOREF</EndToEndId><TxId>600000000389916369</TxId></Refs><RltdPties><Dbtr><Nm>T Harland</Nm></Dbtr><DbtrAcct><Id><PrtryAcct><Id>11055111620867</Id></PrtryAcct></Id></DbtrAcct><Cdtr><Nm>MRS TRACEY HARLAND</Nm></Cdtr><CdtrAcct><Id><PrtryAcct><Id>23008200328937</Id></PrtryAcct></Id></CdtrAcct><Prtry><Tp>MY MONEY</Tp><Pty/></Prtry></RltdPties><RmtInf><Strd><AddtlRmtInf>NO REF</AddtlRmtInf></Strd><Strd><AddtlRmtInf>T Harland//MY MONEY</AddtlRmtInf></Strd></RmtInf><RltdDts><TxDtTm>2018-09-20T03:04:38</TxDtTm></RltdDts><AddtlTxInf>6000000003899163691020180920826110551</AddtlTxInf></TxDtls><AddtlNtryInf>COMPLETE//0000//003//CREDIT</AddtlNtryInf></Ntry><Ntry><Amt Ccy="GBP">2547.60</Amt><CdtDbtInd>CRDT</CdtDbtInd><Sts>BOOK</Sts><BookgDt><Dt>2018-09-20</Dt></BookgDt><BkTxCd><Prtry><Cd>FDP UKBA CR 40269</Cd></Prtry></BkTxCd><TxDtls><Refs><EndToEndId>NOREF</EndToEndId><TxId>09030412085038000N</TxId><Prtry><Tp>STO REF</Tp><Ref>0000</Ref></Prtry></Refs><RltdPties><Dbtr><Nm>KCC RE ST BARNAB</Nm></Dbtr><DbtrAcct><Id><PrtryAcct><Id>60600883298924</Id></PrtryAcct></Id></DbtrAcct><Cdtr><Nm>TERM TIME TEACHERS</Nm></Cdtr><CdtrAcct><Id><PrtryAcct><Id>23008200221461</Id></PrtryAcct></Id></CdtrAcct><Prtry><Tp>STBARNABAS</Tp><Pty/></Prtry></RltdPties><RmtInf><Strd><AddtlRmtInf>STBARNABAS</AddtlRmtInf></Strd><Strd><AddtlRmtInf>KCC RE ST BARNAB//STBARNABAS</AddtlRmtInf></Strd></RmtInf><RltdDts><TxDtTm>2018-09-20T03:05:10</TxDtTm></RltdDts><AddtlTxInf>09030412085038000N4020180920826606008</AddtlTxInf></TxDtls><AddtlNtryInf>COMPLETE//0000//003//CREDIT</AddtlNtryInf></Ntry><Ntry><Amt Ccy="GBP">2140.00</Amt><CdtDbtInd>CRDT</CdtDbtInd><Sts>BOOK</Sts><BookgDt><Dt>2018-09-20</Dt></BookgDt><BkTxCd><Prtry><Cd>FDP UKBA CR 40269</Cd></Prtry></BkTxCd><TxDtls><Refs><EndToEndId>MedaPhor Order 163</EndToEndId><TxId>BX1809191977523000</TxId></Refs><RltdPties><Dbtr><Nm>MEDAPHOR LTD</Nm></Dbtr><DbtrAcct><Id><PrtryAcct><Id>20173543625710</Id></PrtryAcct></Id></DbtrAcct><Cdtr><Nm>ORAS TRADING LTD</Nm></Cdtr><CdtrAcct><Id><PrtryAcct><Id>23008200222812</Id></PrtryAcct></Id></CdtrAcct><Prtry><Tp>MedaPhor Order 163</Tp><Pty/></Prtry></RltdPties><RmtInf><Strd><RfrdDocInf><RfrdDocTp><Prtry>002</Prtry></RfrdDocTp></RfrdDocInf><AddtlRmtInf>NO REF</AddtlRmtInf></Strd><Strd><AddtlRmtInf>MEDAPHOR LTD//MedaPhor Order 163</AddtlRmtInf></Strd></RmtInf><RltdDts><TxDtTm>2018-09-20T03:06:25</TxDtTm></RltdDts><AddtlTxInf>BX18091919775230004020180920826200026</AddtlTxInf></TxDtls><AddtlNtryInf>COMPLETE//0000//003//CREDIT</AddtlNtryInf></Ntry><Ntry><Amt Ccy="GBP">323.91</Amt><CdtDbtInd>CRDT</CdtDbtInd><Sts>BOOK</Sts><BookgDt><Dt>2018-09-20</Dt></BookgDt><BkTxCd><Prtry><Cd>FDP UKBA CR 40269</Cd></Prtry></BkTxCd><TxDtls><Refs><EndToEndId>NO REF</EndToEndId><TxId>MF057539612EF22C00</TxId></Refs><RltdPties><Dbtr><Nm>RESP RECR LTD</Nm></Dbtr><DbtrAcct><Id><PrtryAcct><Id>20930270519634</Id></PrtryAcct></Id></DbtrAcct><Cdtr><Nm>TATIANA DURBACA</Nm></Cdtr><CdtrAcct><Id><PrtryAcct><Id>23008200359228</Id></PrtryAcct></Id></CdtrAcct><Prtry><Tp>NO REF</Tp><Pty/></Prtry></RltdPties><RmtInf><Strd><RfrdDocInf><RfrdDocTp><Prtry>002</Prtry></RfrdDocTp></RfrdDocInf><AddtlRmtInf>NO REF</AddtlRmtInf></Strd><Strd><AddtlRmtInf>RESP RECR LTD//NO REF</AddtlRmtInf></Strd></RmtInf><RltdDts><TxDtTm>2018-09-20T03:12:53</TxDtTm></RltdDts><AddtlTxInf>MF057539612EF22C004020180920826200000</AddtlTxInf></TxDtls><AddtlNtryInf>COMPLETE//0000//003//CREDIT</AddtlNtryInf></Ntry><Ntry><Amt Ccy="GBP">10.00</Amt><CdtDbtInd>CRDT</CdtDbtInd><Sts>BOOK</Sts><BookgDt><Dt>2018-09-20</Dt></BookgDt><BkTxCd><Prtry><Cd>SIP UKBA CR 40269</Cd></Prtry></BkTxCd><TxDtls><Refs><EndToEndId>NOREF</EndToEndId><TxId>200000000388535018</TxId></Refs><RltdPties><Dbtr><Nm>J Ashaley</Nm></Dbtr><DbtrAcct><Id><PrtryAcct><Id>11086611611767</Id></PrtryAcct></Id></DbtrAcct><Cdtr><Nm>C ACHEAMPONG</Nm></Cdtr><CdtrAcct><Id><PrtryAcct><Id>23008200397707</Id></PrtryAcct></Id></CdtrAcct><Prtry><Tp>TICKET</Tp><Pty/></Prtry></RltdPties><RmtInf><Strd><AddtlRmtInf>NO REF</AddtlRmtInf></Strd><Strd><AddtlRmtInf>J Ashaley//TICKET</AddtlRmtInf></Strd></RmtInf><RltdDts><TxDtTm>2018-09-20T03:21:44</TxDtTm></RltdDts><AddtlTxInf>2000000003885350181020180920826110866</AddtlTxInf></TxDtls><AddtlNtryInf>COMPLETE//0000//003//CREDIT</AddtlNtryInf></Ntry><Ntry><Amt Ccy="GBP">541.22</Amt><CdtDbtInd>CRDT</CdtDbtInd><Sts>BOOK</Sts><BookgDt><Dt>2018-09-20</Dt></BookgDt><BkTxCd><Prtry><Cd>FDP UKBA CR 40269</Cd></Prtry></BkTxCd><TxDtls><Refs><EndToEndId>00155988632BCHZZBM</EndToEndId><TxId>00155988632BCHZZBM</TxId></Refs><RltdPties><Dbtr><Nm>ADDINGTON (FORMWORK) LIMITED</Nm></Dbtr><DbtrAcct><Id><PrtryAcct><Id>09022210225022</Id></PrtryAcct></Id></DbtrAcct><Cdtr><Nm>G SINGH</Nm></Cdtr><CdtrAcct><Id><PrtryAcct><Id>23008200063664</Id></PrtryAcct></Id></CdtrAcct><Prtry><Tp>ADDINGTON FORMWORK</Tp><Pty/></Prtry></RltdPties><RmtInf><Strd><AddtlRmtInf>NO REF</AddtlRmtInf></Strd><Strd><AddtlRmtInf>ADDINGTON (FORMWOR//ADDINGTON FORMWORK</AddtlRmtInf></Strd></RmtInf><RltdDts><TxDtTm>2018-09-20T03:29:20</TxDtTm></RltdDts><AddtlTxInf>00155988632BCHZZBM4020180920826090222</AddtlTxInf></TxDtls><AddtlNtryInf>COMPLETE//0000//003//CREDIT</AddtlNtryInf></Ntry></Ntfctn></BkToCstmrDbtCdtNtfctnV01></Document>