<?xml version="1.0" encoding="UTF-8"?><Document xmlns:xsi="http://www.w3.org/2001/XMLSchema-instance" xmlns="urn:iso:std:iso:20022:tech:xsd:camt.054.001.01"><BkToCstmrDbtCdtNtfctnV01><GrpHdr><MsgId>80309K//13078</MsgId><CreDtTm>2018-09-20T01:30:00</CreDtTm></GrpHdr><Ntfctn><Id>80309K//13078//1</Id><CreDtTm>2018-09-20T01:30:00</CreDtTm><Acct><Id><PrtryAcct><Id>20594233939774</Id></PrtryAcct></Id><Ccy>GBP</Ccy></Acct><TxsSummry><TtlNtries><NbOfNtries>2</NbOfNtries><Sum>70.00</Sum></TtlNtries><TtlCdtNtries><NbOfNtries>2</NbOfNtries><Sum>70.00</Sum></TtlCdtNtries><TtlDbtNtries><NbOfNtries>0</NbOfNtries><Sum>0.00</Sum></TtlDbtNtries></TxsSummry><Ntry><Amt Ccy="GBP">20.00</Amt><CdtDbtInd>CRDT</CdtDbtInd><Sts>BOOK</Sts><BookgDt><Dt>2018-09-20</Dt></BookgDt><BkTxCd><Prtry><Cd>SIP UKBA CR 40269</Cd></Prtry></BkTxCd><TxDtls><Refs><EndToEndId>CASH</EndToEndId><TxId>12011134481274000N</TxId><Prtry><Tp>STO REF</Tp><Ref>0000</Ref></Prtry></Refs><RltdPties><Dbtr><Nm>EZIKE J</Nm></Dbtr><DbtrAcct><Id><PrtryAcct><Id>55612075895455</Id></PrtryAcct></Id></DbtrAcct><Cdtr><Nm>A OKO</Nm></Cdtr><CdtrAcct><Id><PrtryAcct><Id>23008200289804</Id></PrtryAcct></Id></CdtrAcct><Prtry><Tp>CASH</Tp><Pty/></Prtry></RltdPties><RmtInf><Strd><AddtlRmtInf>EZIKE J           CASH              VIA MOBILE - LVP</AddtlRmtInf></Strd><Strd><AddtlRmtInf>EZIKE J//CASH</AddtlRmtInf></Strd></RmtInf><RltdDts><TxDtTm>2018-09-20T01:11:34</TxDtTm></RltdDts><AddtlTxInf>12011134481274000N1020180920826556120</AddtlTxInf></TxDtls><AddtlNtryInf>COMPLETE//0000//003//CREDIT</AddtlNtryInf></Ntry><Ntry><Amt Ccy="GBP">50.00</Amt><CdtDbtInd>CRDT</CdtDbtInd><Sts>BOOK</Sts><BookgDt><Dt>2018-09-20</Dt></BookgDt><BkTxCd><Prtry><Cd>STO UKBA CR 40267</Cd></Prtry></BkTxCd><TxDtls><Refs><EndToEndId>NOREF</EndToEndId><TxId>000000000078360025</TxId><Prtry><Tp>STO REF</Tp><Ref>0235</Ref></Prtry></Refs><RltdPties><Dbtr><Nm>MR HANIFF</Nm></Dbtr><DbtrAcct><Id><PrtryAcct><Id>08924911409865</Id></PrtryAcct></Id></DbtrAcct><Cdtr><Nm>R HANIFF</Nm></Cdtr><CdtrAcct><Id><PrtryAcct><Id>23008200069467</Id></PrtryAcct></Id></CdtrAcct><Prtry><Tp>R HANIFF HOLIBOB</Tp><Pty/></Prtry></RltdPties><RmtInf><Strd><AddtlRmtInf>NO REF</AddtlRmtInf></Strd><Strd><AddtlRmtInf>MR HANIFF//R HANIFF HOLIBOB</AddtlRmtInf></Strd></RmtInf><RltdDts><TxDtTm>2018-09-20T01:28:31</TxDtTm></RltdDts><AddtlTxInf>0000000000783600253020180920826089249</AddtlTxInf></TxDtls><AddtlNtryInf>COMPLETE//0000//003//CREDIT</AddtlNtryInf></Ntry></Ntfctn></BkToCstmrDbtCdtNtfctnV01></Document>