<?xml version="1.0" encoding="UTF-8"?><Document xmlns:xsi="http://www.w3.org/2001/XMLSchema-instance" xmlns="urn:iso:std:iso:20022:tech:xsd:camt.054.001.01"><BkToCstmrDbtCdtNtfctnV01><GrpHdr><MsgId>80309K//13395</MsgId><CreDtTm>2018-09-27T11:00:00</CreDtTm></GrpHdr><Ntfctn><Id>80309K//13395//1</Id><CreDtTm>2018-09-27T11:00:00</CreDtTm><Acct><Id><PrtryAcct><Id>20594233939774</Id></PrtryAcct></Id><Ccy>GBP</Ccy></Acct><TxsSummry><TtlNtries><NbOfNtries>6</NbOfNtries><Sum>2152.32</Sum></TtlNtries><TtlCdtNtries><NbOfNtries>6</NbOfNtries><Sum>2152.32</Sum></TtlCdtNtries><TtlDbtNtries><NbOfNtries>0</NbOfNtries><Sum>0.00</Sum></TtlDbtNtries></TxsSummry><Ntry><Amt Ccy="GBP">54.00</Amt><CdtDbtInd>CRDT</CdtDbtInd><Sts>BOOK</Sts><BookgDt><Dt>2018-09-27</Dt></BookgDt><BkTxCd><Prtry><Cd>SIP UKBA CR 40269</Cd></Prtry></BkTxCd><TxDtls><Refs><EndToEndId>NOREF</EndToEndId><TxId>RP4679962358394700</TxId></Refs><RltdPties><Dbtr><Nm>BUCHANAN J</Nm></Dbtr><DbtrAcct><Id><PrtryAcct><Id>20270523764079</Id></PrtryAcct></Id></DbtrAcct><Cdtr><Nm>TONY MARTIN</Nm></Cdtr><CdtrAcct><Id><PrtryAcct><Id>23008200470236</Id></PrtryAcct></Id></CdtrAcct><Prtry><Tp>M.TONY LIMITED</Tp><Pty/></Prtry></RltdPties><RmtInf><Strd><AddtlRmtInf>NO REF</AddtlRmtInf></Strd><Strd><AddtlRmtInf>BUCHANAN J//M.TONY LIMITED</AddtlRmtInf></Strd></RmtInf><RltdDts><TxDtTm>2018-09-27T10:30:03</TxDtTm></RltdDts><AddtlTxInf>RP46799623583947001020180927826200026</AddtlTxInf></TxDtls><AddtlNtryInf>COMPLETE//0000//001//CREDIT</AddtlNtryInf></Ntry><Ntry><Amt Ccy="GBP">1540.23</Amt><CdtDbtInd>CRDT</CdtDbtInd><Sts>BOOK</Sts><BookgDt><Dt>2018-09-27</Dt></BookgDt><BkTxCd><Prtry><Cd>SIP UKBA CR 40269</Cd></Prtry></BkTxCd><TxDtls><Refs><EndToEndId>EXPENSES</EndToEndId><TxId>45103640826384000N</TxId><Prtry><Tp>STO REF</Tp><Ref>0000</Ref></Prtry></Refs><RltdPties><Dbtr><Nm>SAMUELSSON MMF</Nm></Dbtr><DbtrAcct><Id><PrtryAcct><Id>01201510023674</Id></PrtryAcct></Id></DbtrAcct><Cdtr><Nm>STEPHEN IHEAKAM</Nm></Cdtr><CdtrAcct><Id><PrtryAcct><Id>23008200297824</Id></PrtryAcct></Id></CdtrAcct><Prtry><Tp>EXPENSES</Tp><Pty/></Prtry></RltdPties><RmtInf><Strd><AddtlRmtInf>SAMUELSSON MMF    EXPENSES          VIA ONLINE - PYMT</AddtlRmtInf></Strd><Strd><AddtlRmtInf>SAMUELSSON MMF//EXPENSES</AddtlRmtInf></Strd></RmtInf><RltdDts><TxDtTm>2018-09-27T10:36:41</TxDtTm></RltdDts><AddtlTxInf>45103640826384000N1020180927826012015</AddtlTxInf></TxDtls><AddtlNtryInf>COMPLETE//0000//001//CREDIT</AddtlNtryInf></Ntry><Ntry><Amt Ccy="GBP">248.09</Amt><CdtDbtInd>CRDT</CdtDbtInd><Sts>BOOK</Sts><BookgDt><Dt>2018-09-27</Dt></BookgDt><BkTxCd><Prtry><Cd>FDP UKBA CR 40269</Cd></Prtry></BkTxCd><TxDtls><Refs><EndToEndId>NOREF</EndToEndId><TxId>8401199563017318CN</TxId><Prtry><Tp>STO REF</Tp><Ref>0000</Ref></Prtry></Refs><RltdPties><Dbtr><Nm>Lilliput Dunmurry</Nm><PstlAdr><AdrLine>Lilliput Dunmurry</AdrLine><Ctry/></PstlAdr></Dbtr><DbtrAcct><Id><PrtryAcct><Id>93842414308265</Id></PrtryAcct></Id></DbtrAcct><Cdtr><Nm>K Kutysz</Nm></Cdtr><CdtrAcct><Id><PrtryAcct><Id>23008200401281</Id></PrtryAcct></Id></CdtrAcct><Prtry><Tp>LILLIPUT</Tp><Pty/></Prtry></RltdPties><RmtInf><Strd><AddtlRmtInf>NO REF</AddtlRmtInf></Strd><Strd><AddtlRmtInf>Lilliput Dunmurry//LILLIPUT</AddtlRmtInf></Strd></RmtInf><RltdDts><TxDtTm>2018-09-27T10:37:01</TxDtTm></RltdDts><AddtlTxInf>8401199563017318CN4020180927826400250</AddtlTxInf></TxDtls><AddtlNtryInf>COMPLETE//0000//001//CREDIT</AddtlNtryInf></Ntry><Ntry><Amt Ccy="GBP">10.00</Amt><CdtDbtInd>CRDT</CdtDbtInd><Sts>BOOK</Sts><BookgDt><Dt>2018-09-27</Dt></BookgDt><BkTxCd><Prtry><Cd>SIP UKBA CR 40269</Cd></Prtry></BkTxCd><TxDtls><Refs><EndToEndId>NOREF</EndToEndId><TxId>RP4679962360929800</TxId></Refs><RltdPties><Dbtr><Nm>HILL J</Nm></Dbtr><DbtrAcct><Id><PrtryAcct><Id>20709420683817</Id></PrtryAcct></Id></DbtrAcct><Cdtr><Nm>JOHN HILL</Nm></Cdtr><CdtrAcct><Id><PrtryAcct><Id>23008200333328</Id></PrtryAcct></Id></CdtrAcct><Prtry><Tp>NEW</Tp><Pty/></Prtry></RltdPties><RmtInf><Strd><AddtlRmtInf>NO REF</AddtlRmtInf></Strd><Strd><AddtlRmtInf>HILL J//NEW</AddtlRmtInf></Strd></RmtInf><RltdDts><TxDtTm>2018-09-27T10:53:45</TxDtTm></RltdDts><AddtlTxInf>RP46799623609298001020180927826200026</AddtlTxInf></TxDtls><AddtlNtryInf>COMPLETE//0000//001//CREDIT</AddtlNtryInf></Ntry><Ntry><Amt Ccy="GBP">100.00</Amt><CdtDbtInd>CRDT</CdtDbtInd><Sts>BOOK</Sts><BookgDt><Dt>2018-09-27</Dt></BookgDt><BkTxCd><Prtry><Cd>SIP UKBA CR 40269</Cd></Prtry></BkTxCd><TxDtls><Refs><EndToEndId>NOREF</EndToEndId><TxId>FP18270O09764537</TxId></Refs><RltdPties><Dbtr><Nm>Collins Anthony</Nm></Dbtr><DbtrAcct><Id><PrtryAcct><Id>07043619656690</Id></PrtryAcct></Id></DbtrAcct><Cdtr><Nm>DOW N JONES</Nm></Cdtr><CdtrAcct><Id><PrtryAcct><Id>23008200220459</Id></PrtryAcct></Id></CdtrAcct><Prtry><Tp>SUB</Tp><Pty/></Prtry></RltdPties><RmtInf><Strd><AddtlRmtInf>NO REF</AddtlRmtInf></Strd><Strd><AddtlRmtInf>Collins Anthony//SUB</AddtlRmtInf></Strd></RmtInf><RltdDts><TxDtTm>2018-09-27T10:55:29</TxDtTm></RltdDts><AddtlTxInf>FP18270O09764537  1020180927826070436</AddtlTxInf></TxDtls><AddtlNtryInf>COMPLETE//0000//001//CREDIT</AddtlNtryInf></Ntry><Ntry><Amt Ccy="GBP">200.00</Amt><CdtDbtInd>CRDT</CdtDbtInd><Sts>BOOK</Sts><BookgDt><Dt>2018-09-27</Dt></BookgDt><BkTxCd><Prtry><Cd>SIP UKBA CR 40269</Cd></Prtry></BkTxCd><TxDtls><Refs><EndToEndId>NOREF</EndToEndId><TxId>600000000392036851</TxId></Refs><RltdPties><Dbtr><Nm>S Golding</Nm></Dbtr><DbtrAcct><Id><PrtryAcct><Id>11020110701167</Id></PrtryAcct></Id></DbtrAcct><Cdtr><Nm>SAM GOLDING</Nm></Cdtr><CdtrAcct><Id><PrtryAcct><Id>23008200077188</Id></PrtryAcct></Id></CdtrAcct><Prtry><Tp>TEST</Tp><Pty/></Prtry></RltdPties><RmtInf><Strd><AddtlRmtInf>NO REF</AddtlRmtInf></Strd><Strd><AddtlRmtInf>S Golding//TEST</AddtlRmtInf></Strd></RmtInf><RltdDts><TxDtTm>2018-09-27T10:56:16</TxDtTm></RltdDts><AddtlTxInf>6000000003920368511020180927826110201</AddtlTxInf></TxDtls><AddtlNtryInf>COMPLETE//0000//001//CREDIT</AddtlNtryInf></Ntry></Ntfctn></BkToCstmrDbtCdtNtfctnV01></Document>