<?xml version="1.0" encoding="UTF-8"?><Document xmlns:xsi="http://www.w3.org/2001/XMLSchema-instance" xmlns="urn:iso:std:iso:20022:tech:xsd:camt.054.001.01"><BkToCstmrDbtCdtNtfctnV01><GrpHdr><MsgId>80309K//13445</MsgId><CreDtTm>2018-09-28T12:00:00</CreDtTm></GrpHdr><Ntfctn><Id>80309K//13445//1</Id><CreDtTm>2018-09-28T12:00:00</CreDtTm><Acct><Id><PrtryAcct><Id>20594233939774</Id></PrtryAcct></Id><Ccy>GBP</Ccy></Acct><TxsSummry><TtlNtries><NbOfNtries>17</NbOfNtries><Sum>5540.11</Sum></TtlNtries><TtlCdtNtries><NbOfNtries>17</NbOfNtries><Sum>5540.11</Sum></TtlCdtNtries><TtlDbtNtries><NbOfNtries>0</NbOfNtries><Sum>0.00</Sum></TtlDbtNtries></TxsSummry><Ntry><Amt Ccy="GBP">370.16</Amt><CdtDbtInd>CRDT</CdtDbtInd><Sts>BOOK</Sts><BookgDt><Dt>2018-09-28</Dt></BookgDt><BkTxCd><Prtry><Cd>SIP UKBA CR 40269</Cd></Prtry></BkTxCd><TxDtls><Refs><EndToEndId>NOREF</EndToEndId><TxId>RP4679962492810500</TxId></Refs><RltdPties><Dbtr><Nm>INOCULAND LTD</Nm></Dbtr><DbtrAcct><Id><PrtryAcct><Id>20217893671046</Id></PrtryAcct></Id></DbtrAcct><Cdtr><Nm>MR ASHLEY ROYDEN</Nm></Cdtr><CdtrAcct><Id><PrtryAcct><Id>23008200367222</Id></PrtryAcct></Id></CdtrAcct><Prtry><Tp>SALARY SEP 18</Tp><Pty/></Prtry></RltdPties><RmtInf><Strd><AddtlRmtInf>NO REF</AddtlRmtInf></Strd><Strd><AddtlRmtInf>INOCULAND LTD//SALARY SEP 18</AddtlRmtInf></Strd></RmtInf><RltdDts><TxDtTm>2018-09-28T11:36:47</TxDtTm></RltdDts><AddtlTxInf>RP46799624928105001020180928826200026</AddtlTxInf></TxDtls><AddtlNtryInf>COMPLETE//0000//001//CREDIT</AddtlNtryInf></Ntry><Ntry><Amt Ccy="GBP">31.00</Amt><CdtDbtInd>CRDT</CdtDbtInd><Sts>BOOK</Sts><BookgDt><Dt>2018-09-28</Dt></BookgDt><BkTxCd><Prtry><Cd>SIP UKBA CR 40269</Cd></Prtry></BkTxCd><TxDtls><Refs><EndToEndId>PPWD00000000AQSYHU</EndToEndId><TxId>PPWD00000000AQSYHU</TxId></Refs><RltdPties><Dbtr><Nm>PayPal</Nm><PstlAdr><AdrLine>2211 N 1st Street San Jose CA 95131</AdrLine><Ctry/></PstlAdr></Dbtr><DbtrAcct><Id><PrtryAcct><Id>23526278959595</Id></PrtryAcct></Id></DbtrAcct><Cdtr><Nm>Paul  Wooding</Nm><PstlAdr><AdrLine>117, Marlborough Road</AdrLine><Ctry/></PstlAdr></Cdtr><CdtrAcct><Id><PrtryAcct><Id>23008200449482</Id></PrtryAcct></Id></CdtrAcct><Prtry><Tp>PPWDL5NC22ALFAK4B4</Tp><Pty/></Prtry></RltdPties><RmtInf><Strd><RfrdDocInf><RfrdDocTp><Prtry>002</Prtry></RfrdDocTp></RfrdDocInf><AddtlRmtInf>NO REF</AddtlRmtInf></Strd><Strd><AddtlRmtInf>PayPal//PPWDL5NC22ALFAK4B4</AddtlRmtInf></Strd></RmtInf><RltdDts><TxDtTm>2018-09-28T11:36:56</TxDtTm></RltdDts><AddtlTxInf>PPWD00000000AQSYHU1020180928826235262</AddtlTxInf></TxDtls><AddtlNtryInf>COMPLETE//0000//001//CREDIT</AddtlNtryInf></Ntry><Ntry><Amt Ccy="GBP">0.01</Amt><CdtDbtInd>CRDT</CdtDbtInd><Sts>BOOK</Sts><BookgDt><Dt>2018-09-28</Dt></BookgDt><BkTxCd><Prtry><Cd>SIP UKBA CR 40269</Cd></Prtry></BkTxCd><TxDtls><Refs><EndToEndId>PPRD00000000AQSZHC</EndToEndId><TxId>PPRD00000000AQSZHC</TxId></Refs><RltdPties><Dbtr><Nm>PAYPAL CODE 1719</Nm><PstlAdr><AdrLine>2211 N 1st Street San Jose CA 95131</AdrLine><Ctry/></PstlAdr></Dbtr><DbtrAcct><Id><PrtryAcct><Id>23526285010101</Id></PrtryAcct></Id></DbtrAcct><Cdtr><Nm>Mark Warren</Nm><PstlAdr><AdrLine>Timperley Gardens</AdrLine><Ctry/></PstlAdr></Cdtr><CdtrAcct><Id><PrtryAcct><Id>23008200473066</Id></PrtryAcct></Id></CdtrAcct><Prtry><Tp>PAYPAL CODE 1719</Tp><Pty/></Prtry></RltdPties><RmtInf><Strd><RfrdDocInf><RfrdDocTp><Prtry>002</Prtry></RfrdDocTp></RfrdDocInf><AddtlRmtInf>NO REF</AddtlRmtInf></Strd><Strd><AddtlRmtInf>PAYPAL CODE 1719//PAYPAL CODE 1719</AddtlRmtInf></Strd></RmtInf><RltdDts><TxDtTm>2018-09-28T11:39:23</TxDtTm></RltdDts><AddtlTxInf>PPRD00000000AQSZHC1020180928826235262</AddtlTxInf></TxDtls><AddtlNtryInf>COMPLETE//0000//001//CREDIT</AddtlNtryInf></Ntry><Ntry><Amt Ccy="GBP">2000.00</Amt><CdtDbtInd>CRDT</CdtDbtInd><Sts>BOOK</Sts><BookgDt><Dt>2018-09-28</Dt></BookgDt><BkTxCd><Prtry><Cd>SIP UKBA CR 40269</Cd></Prtry></BkTxCd><TxDtls><Refs><EndToEndId>NOREF</EndToEndId><TxId>300000000396560237</TxId></Refs><RltdPties><Dbtr><Nm>K Coombs</Nm></Dbtr><DbtrAcct><Id><PrtryAcct><Id>30948001847956</Id></PrtryAcct></Id></DbtrAcct><Cdtr><Nm>CHAPS</Nm></Cdtr><CdtrAcct><Id><PrtryAcct><Id>23008200356152</Id></PrtryAcct></Id></CdtrAcct><Prtry><Tp>DHY320</Tp><Pty/></Prtry></RltdPties><RmtInf><Strd><AddtlRmtInf>NO REF</AddtlRmtInf></Strd><Strd><AddtlRmtInf>K Coombs//DHY320</AddtlRmtInf></Strd></RmtInf><RltdDts><TxDtTm>2018-09-28T11:40:25</TxDtTm></RltdDts><AddtlTxInf>3000000003965602371020180928826309480</AddtlTxInf></TxDtls><AddtlNtryInf>COMPLETE//0000//001//CREDIT</AddtlNtryInf></Ntry><Ntry><Amt Ccy="GBP">250.00</Amt><CdtDbtInd>CRDT</CdtDbtInd><Sts>BOOK</Sts><BookgDt><Dt>2018-09-28</Dt></BookgDt><BkTxCd><Prtry><Cd>SIP UKBA CR 40269</Cd></Prtry></BkTxCd><TxDtls><Refs><EndToEndId>FLANAGAN PAVING</EndToEndId><TxId>52114548843871000N</TxId><Prtry><Tp>STO REF</Tp><Ref>0000</Ref></Prtry></Refs><RltdPties><Dbtr><Nm>RHODEN &amp; FLANAGHAN</Nm></Dbtr><DbtrAcct><Id><PrtryAcct><Id>60240285384852</Id></PrtryAcct></Id></DbtrAcct><Cdtr><Nm>GARETH PIKE</Nm></Cdtr><CdtrAcct><Id><PrtryAcct><Id>23008200048311</Id></PrtryAcct></Id></CdtrAcct><Prtry><Tp>FLANAGAN PAVING</Tp><Pty/></Prtry></RltdPties><RmtInf><Strd><AddtlRmtInf>RHODEN &amp; FLANAGHANFLANAGAN PAVING   VIA MOBILE - LVP</AddtlRmtInf></Strd><Strd><AddtlRmtInf>RHODEN &amp; FLANAGHAN//FLANAGAN PAVING</AddtlRmtInf></Strd></RmtInf><RltdDts><TxDtTm>2018-09-28T11:45:49</TxDtTm></RltdDts><AddtlTxInf>52114548843871000N1020180928826602402</AddtlTxInf></TxDtls><AddtlNtryInf>COMPLETE//0000//001//CREDIT</AddtlNtryInf></Ntry><Ntry><Amt Ccy="GBP">30.00</Amt><CdtDbtInd>CRDT</CdtDbtInd><Sts>BOOK</Sts><BookgDt><Dt>2018-09-28</Dt></BookgDt><BkTxCd><Prtry><Cd>SIP UKBA CR 40269</Cd></Prtry></BkTxCd><TxDtls><Refs><EndToEndId>00153425632BWHBWBF</EndToEndId><TxId>00153425632BWHBWBF</TxId></Refs><RltdPties><Dbtr><Nm>PETRU ADAM</Nm></Dbtr><DbtrAcct><Id><PrtryAcct><Id>09012923334838</Id></PrtryAcct></Id></DbtrAcct><Cdtr><Nm>STEFAN PLUMBING</Nm></Cdtr><CdtrAcct><Id><PrtryAcct><Id>23008200043303</Id></PrtryAcct></Id></CdtrAcct><Prtry><Tp>SAMPLE</Tp><Pty/></Prtry></RltdPties><RmtInf><Strd><AddtlRmtInf>NO REF</AddtlRmtInf></Strd><Strd><AddtlRmtInf>PETRU ADAM//SAMPLE</AddtlRmtInf></Strd></RmtInf><RltdDts><TxDtTm>2018-09-28T11:47:18</TxDtTm></RltdDts><AddtlTxInf>00153425632BWHBWBF1020180928826090129</AddtlTxInf></TxDtls><AddtlNtryInf>COMPLETE//0000//001//CREDIT</AddtlNtryInf></Ntry><Ntry><Amt Ccy="GBP">350.00</Amt><CdtDbtInd>CRDT</CdtDbtInd><Sts>BOOK</Sts><BookgDt><Dt>2018-09-28</Dt></BookgDt><BkTxCd><Prtry><Cd>SIP UKBA CR 40269</Cd></Prtry></BkTxCd><TxDtls><Refs><EndToEndId>NOREF</EndToEndId><TxId>RP4679962494716100</TxId></Refs><RltdPties><Dbtr><Nm>EDWARDS H</Nm></Dbtr><DbtrAcct><Id><PrtryAcct><Id>20361663353508</Id></PrtryAcct></Id></DbtrAcct><Cdtr><Nm>G EXPERIENCE</Nm></Cdtr><CdtrAcct><Id><PrtryAcct><Id>23008200473045</Id></PrtryAcct></Id></CdtrAcct><Prtry><Tp>L23YT</Tp><Pty/></Prtry></RltdPties><RmtInf><Strd><AddtlRmtInf>NO REF</AddtlRmtInf></Strd><Strd><AddtlRmtInf>EDWARDS H//L23YT</AddtlRmtInf></Strd></RmtInf><RltdDts><TxDtTm>2018-09-28T11:48:33</TxDtTm></RltdDts><AddtlTxInf>RP46799624947161001020180928826200026</AddtlTxInf></TxDtls><AddtlNtryInf>COMPLETE//0000//001//CREDIT</AddtlNtryInf></Ntry><Ntry><Amt Ccy="GBP">0.01</Amt><CdtDbtInd>CRDT</CdtDbtInd><Sts>BOOK</Sts><BookgDt><Dt>2018-09-28</Dt></BookgDt><BkTxCd><Prtry><Cd>SIP UKBA CR 40269</Cd></Prtry></BkTxCd><TxDtls><Refs><EndToEndId>PPRD00000000AQT328</EndToEndId><TxId>PPRD00000000AQT328</TxId></Refs><RltdPties><Dbtr><Nm>PAYPAL CODE 9793</Nm><PstlAdr><AdrLine>2211 N 1st Street San Jose CA 95131</AdrLine><Ctry/></PstlAdr></Dbtr><DbtrAcct><Id><PrtryAcct><Id>23526285010101</Id></PrtryAcct></Id></DbtrAcct><Cdtr><Nm>Till Peters</Nm><PstlAdr><AdrLine>80 Lawson House</AdrLine><Ctry/></PstlAdr></Cdtr><CdtrAcct><Id><PrtryAcct><Id>23008200288138</Id></PrtryAcct></Id></CdtrAcct><Prtry><Tp>PAYPAL CODE 9793</Tp><Pty/></Prtry></RltdPties><RmtInf><Strd><RfrdDocInf><RfrdDocTp><Prtry>002</Prtry></RfrdDocTp></RfrdDocInf><AddtlRmtInf>NO REF</AddtlRmtInf></Strd><Strd><AddtlRmtInf>PAYPAL CODE 9793//PAYPAL CODE 9793</AddtlRmtInf></Strd></RmtInf><RltdDts><TxDtTm>2018-09-28T11:48:49</TxDtTm></RltdDts><AddtlTxInf>PPRD00000000AQT3281020180928826235262</AddtlTxInf></TxDtls><AddtlNtryInf>COMPLETE//0000//001//CREDIT</AddtlNtryInf></Ntry><Ntry><Amt Ccy="GBP">105.00</Amt><CdtDbtInd>CRDT</CdtDbtInd><Sts>BOOK</Sts><BookgDt><Dt>2018-09-28</Dt></BookgDt><BkTxCd><Prtry><Cd>SIP UKBA CR 40269</Cd></Prtry></BkTxCd><TxDtls><Refs><EndToEndId>00151767632BBFWJGV</EndToEndId><TxId>00151767632BBFWJGV</TxId></Refs><RltdPties><Dbtr><Nm>SHOLA RUFUS</Nm></Dbtr><DbtrAcct><Id><PrtryAcct><Id>09012905260548</Id></PrtryAcct></Id></DbtrAcct><Cdtr><Nm>OLABANY BAMIDURO</Nm></Cdtr><CdtrAcct><Id><PrtryAcct><Id>23008200095126</Id></PrtryAcct></Id></CdtrAcct><Prtry><Tp>kemi</Tp><Pty/></Prtry></RltdPties><RmtInf><Strd><AddtlRmtInf>NO REF</AddtlRmtInf></Strd><Strd><AddtlRmtInf>SHOLA RUFUS//kemi</AddtlRmtInf></Strd></RmtInf><RltdDts><TxDtTm>2018-09-28T11:49:12</TxDtTm></RltdDts><AddtlTxInf>00151767632BBFWJGV1020180928826090129</AddtlTxInf></TxDtls><AddtlNtryInf>COMPLETE//0000//001//CREDIT</AddtlNtryInf></Ntry><Ntry><Amt Ccy="GBP">50.00</Amt><CdtDbtInd>CRDT</CdtDbtInd><Sts>BOOK</Sts><BookgDt><Dt>2018-09-28</Dt></BookgDt><BkTxCd><Prtry><Cd>SIP UKBA CR 40269</Cd></Prtry></BkTxCd><TxDtls><Refs><EndToEndId>PPWD00000000AQT2A4</EndToEndId><TxId>PPWD00000000AQT2A4</TxId></Refs><RltdPties><Dbtr><Nm>PayPal</Nm><PstlAdr><AdrLine>2211 N 1st Street San Jose CA 95131</AdrLine><Ctry/></PstlAdr></Dbtr><DbtrAcct><Id><PrtryAcct><Id>23526278959595</Id></PrtryAcct></Id></DbtrAcct><Cdtr><Nm>Duncan Heyes</Nm><PstlAdr><AdrLine>189 Ashfield Avenue</AdrLine><Ctry/></PstlAdr></Cdtr><CdtrAcct><Id><PrtryAcct><Id>23008200445743</Id></PrtryAcct></Id></CdtrAcct><Prtry><Tp>PPWDL4Q322ALCHN656</Tp><Pty/></Prtry></RltdPties><RmtInf><Strd><RfrdDocInf><RfrdDocTp><Prtry>002</Prtry></RfrdDocTp></RfrdDocInf><AddtlRmtInf>NO REF</AddtlRmtInf></Strd><Strd><AddtlRmtInf>PayPal//PPWDL4Q322ALCHN656</AddtlRmtInf></Strd></RmtInf><RltdDts><TxDtTm>2018-09-28T11:51:52</TxDtTm></RltdDts><AddtlTxInf>PPWD00000000AQT2A41020180928826235262</AddtlTxInf></TxDtls><AddtlNtryInf>COMPLETE//0000//001//CREDIT</AddtlNtryInf></Ntry><Ntry><Amt Ccy="GBP">110.00</Amt><CdtDbtInd>CRDT</CdtDbtInd><Sts>BOOK</Sts><BookgDt><Dt>2018-09-28</Dt></BookgDt><BkTxCd><Prtry><Cd>DCA UKBA CR 40269</Cd></Prtry></BkTxCd><TxDtls><Refs><EndToEndId>NOREF</EndToEndId><TxId>000000013695555101</TxId><Prtry><Tp>STO REF</Tp><Ref>1354</Ref></Prtry></Refs><RltdPties><Dbtr><Nm>KRISTINA DANKOVA</Nm></Dbtr><DbtrAcct><Id><PrtryAcct><Id>20035373152596</Id></PrtryAcct></Id></DbtrAcct><Cdtr><Nm>JOSEF DANKO</Nm></Cdtr><CdtrAcct><Id><PrtryAcct><Id>23008200444093</Id></PrtryAcct></Id></CdtrAcct><Prtry><Tp>JOSEF DANKO</Tp><Pty/></Prtry></RltdPties><RmtInf><Strd><AddtlRmtInf>NO REF</AddtlRmtInf></Strd><Strd><AddtlRmtInf>KRISTINA DANKOVA//JOSEF DANKO</AddtlRmtInf></Strd></RmtInf><RltdDts><TxDtTm>2018-09-28T11:52:10</TxDtTm></RltdDts><AddtlTxInf>0000000136955551015020180928826200353</AddtlTxInf></TxDtls><AddtlNtryInf>COMPLETE//0000//001//CREDIT</AddtlNtryInf></Ntry><Ntry><Amt Ccy="GBP">560.00</Amt><CdtDbtInd>CRDT</CdtDbtInd><Sts>BOOK</Sts><BookgDt><Dt>2018-09-28</Dt></BookgDt><BkTxCd><Prtry><Cd>DCA UKBA CR 40269</Cd></Prtry></BkTxCd><TxDtls><Refs><EndToEndId>NOREF</EndToEndId><TxId>000000013695560801</TxId><Prtry><Tp>STO REF</Tp><Ref>0207</Ref></Prtry></Refs><RltdPties><Dbtr><Nm>F OSUNKUNLE</Nm></Dbtr><DbtrAcct><Id><PrtryAcct><Id>20035373152596</Id></PrtryAcct></Id></DbtrAcct><Cdtr><Nm>J. LOGISTICS</Nm></Cdtr><CdtrAcct><Id><PrtryAcct><Id>23008200032558</Id></PrtryAcct></Id></CdtrAcct><Prtry><Tp>SEA FREIGHT</Tp><Pty/></Prtry></RltdPties><RmtInf><Strd><AddtlRmtInf>NO REF</AddtlRmtInf></Strd><Strd><AddtlRmtInf>F OSUNKUNLE//SEA FREIGHT</AddtlRmtInf></Strd></RmtInf><RltdDts><TxDtTm>2018-09-28T11:52:13</TxDtTm></RltdDts><AddtlTxInf>0000000136955608015020180928826200353</AddtlTxInf></TxDtls><AddtlNtryInf>COMPLETE//0000//001//CREDIT</AddtlNtryInf></Ntry><Ntry><Amt Ccy="GBP">536.00</Amt><CdtDbtInd>CRDT</CdtDbtInd><Sts>BOOK</Sts><BookgDt><Dt>2018-09-28</Dt></BookgDt><BkTxCd><Prtry><Cd>SIP UKBA CR 40269</Cd></Prtry></BkTxCd><TxDtls><Refs><EndToEndId>NOREF</EndToEndId><TxId>RP4679962495450700</TxId></Refs><RltdPties><Dbtr><Nm>CONTINENTAL COAC</Nm></Dbtr><DbtrAcct><Id><PrtryAcct><Id>20658920815462</Id></PrtryAcct></Id></DbtrAcct><Cdtr><Nm>KEVIN MURPHY</Nm></Cdtr><CdtrAcct><Id><PrtryAcct><Id>23008200133803</Id></PrtryAcct></Id></CdtrAcct><Prtry><Tp>WORK</Tp><Pty/></Prtry></RltdPties><RmtInf><Strd><AddtlRmtInf>NO REF</AddtlRmtInf></Strd><Strd><AddtlRmtInf>CONTINENTAL COAC//WORK</AddtlRmtInf></Strd></RmtInf><RltdDts><TxDtTm>2018-09-28T11:52:53</TxDtTm></RltdDts><AddtlTxInf>RP46799624954507001020180928826200026</AddtlTxInf></TxDtls><AddtlNtryInf>COMPLETE//0000//001//CREDIT</AddtlNtryInf></Ntry><Ntry><Amt Ccy="GBP">320.00</Amt><CdtDbtInd>CRDT</CdtDbtInd><Sts>BOOK</Sts><BookgDt><Dt>2018-09-28</Dt></BookgDt><BkTxCd><Prtry><Cd>SIP UKBA CR 40269</Cd></Prtry></BkTxCd><TxDtls><Refs><EndToEndId>NOREF</EndToEndId><TxId>RP4679962495534800</TxId></Refs><RltdPties><Dbtr><Nm>JDC CUR GBP</Nm></Dbtr><DbtrAcct><Id><PrtryAcct><Id>20482030896217</Id></PrtryAcct></Id></DbtrAcct><Cdtr><Nm>HEATHER HARRISON</Nm></Cdtr><CdtrAcct><Id><PrtryAcct><Id>23008200154912</Id></PrtryAcct></Id></CdtrAcct><Prtry><Tp>SALARY</Tp><Pty/></Prtry></RltdPties><RmtInf><Strd><AddtlRmtInf>NO REF</AddtlRmtInf></Strd><Strd><AddtlRmtInf>JDC CUR GBP//SALARY</AddtlRmtInf></Strd></RmtInf><RltdDts><TxDtTm>2018-09-28T11:53:28</TxDtTm></RltdDts><AddtlTxInf>RP46799624955348001020180928826200000</AddtlTxInf></TxDtls><AddtlNtryInf>COMPLETE//0000//001//CREDIT</AddtlNtryInf></Ntry><Ntry><Amt Ccy="GBP">100.00</Amt><CdtDbtInd>CRDT</CdtDbtInd><Sts>BOOK</Sts><BookgDt><Dt>2018-09-28</Dt></BookgDt><BkTxCd><Prtry><Cd>SIP UKBA CR 40269</Cd></Prtry></BkTxCd><TxDtls><Refs><EndToEndId>NOREF</EndToEndId><TxId>RP4659985546278000</TxId></Refs><RltdPties><Dbtr><Nm>BLACKMORE P</Nm></Dbtr><DbtrAcct><Id><PrtryAcct><Id>20508293986020</Id></PrtryAcct></Id></DbtrAcct><Cdtr><Nm>ME</Nm></Cdtr><CdtrAcct><Id><PrtryAcct><Id>23008200393423</Id></PrtryAcct></Id></CdtrAcct><Prtry><Tp>ME</Tp><Pty/></Prtry></RltdPties><RmtInf><Strd><AddtlRmtInf>NO REF</AddtlRmtInf></Strd><Strd><AddtlRmtInf>BLACKMORE P//ME</AddtlRmtInf></Strd></RmtInf><RltdDts><TxDtTm>2018-09-28T11:54:14</TxDtTm></RltdDts><AddtlTxInf>RP46599855462780001020180928826200026</AddtlTxInf></TxDtls><AddtlNtryInf>COMPLETE//0000//001//CREDIT</AddtlNtryInf></Ntry><Ntry><Amt Ccy="GBP">717.93</Amt><CdtDbtInd>CRDT</CdtDbtInd><Sts>BOOK</Sts><BookgDt><Dt>2018-09-28</Dt></BookgDt><BkTxCd><Prtry><Cd>SIP UKBA CR 40269</Cd></Prtry></BkTxCd><TxDtls><Refs><EndToEndId>PPWD00000000AQT57A</EndToEndId><TxId>PPWD00000000AQT57A</TxId></Refs><RltdPties><Dbtr><Nm>PayPal</Nm><PstlAdr><AdrLine>2211 N 1st Street San Jose CA 95131</AdrLine><Ctry/></PstlAdr></Dbtr><DbtrAcct><Id><PrtryAcct><Id>23526278959595</Id></PrtryAcct></Id></DbtrAcct><Cdtr><Nm>Till Peters</Nm><PstlAdr><AdrLine>80 Lawson House</AdrLine><Ctry/></PstlAdr></Cdtr><CdtrAcct><Id><PrtryAcct><Id>23008200288138</Id></PrtryAcct></Id></CdtrAcct><Prtry><Tp>PPWDL5RZJ2ALFATKN2</Tp><Pty/></Prtry></RltdPties><RmtInf><Strd><RfrdDocInf><RfrdDocTp><Prtry>002</Prtry></RfrdDocTp></RfrdDocInf><AddtlRmtInf>NO REF</AddtlRmtInf></Strd><Strd><AddtlRmtInf>PayPal//PPWDL5RZJ2ALFATKN2</AddtlRmtInf></Strd></RmtInf><RltdDts><TxDtTm>2018-09-28T11:54:31</TxDtTm></RltdDts><AddtlTxInf>PPWD00000000AQT57A1020180928826235262</AddtlTxInf></TxDtls><AddtlNtryInf>COMPLETE//0000//001//CREDIT</AddtlNtryInf></Ntry><Ntry><Amt Ccy="GBP">10.00</Amt><CdtDbtInd>CRDT</CdtDbtInd><Sts>BOOK</Sts><BookgDt><Dt>2018-09-28</Dt></BookgDt><BkTxCd><Prtry><Cd>SIP UKBA CR 40269</Cd></Prtry></BkTxCd><TxDtls><Refs><EndToEndId>00157435632BBCVSGY</EndToEndId><TxId>00157435632BBCVSGY</TxId></Refs><RltdPties><Dbtr><Nm>KATIE JOLLY</Nm></Dbtr><DbtrAcct><Id><PrtryAcct><Id>09012745359059</Id></PrtryAcct></Id></DbtrAcct><Cdtr><Nm>HAY</Nm></Cdtr><CdtrAcct><Id><PrtryAcct><Id>23008200463527</Id></PrtryAcct></Id></CdtrAcct><Prtry><Tp>wwowoworwormwormwo</Tp><Pty/></Prtry></RltdPties><RmtInf><Strd><AddtlRmtInf>NO REF</AddtlRmtInf></Strd><Strd><AddtlRmtInf>KATIE JOLLY//wwowoworwormwormwo</AddtlRmtInf></Strd></RmtInf><RltdDts><TxDtTm>2018-09-28T11:58:07</TxDtTm></RltdDts><AddtlTxInf>00157435632BBCVSGY1020180928826090127</AddtlTxInf></TxDtls><AddtlNtryInf>COMPLETE//0000//001//CREDIT</AddtlNtryInf></Ntry></Ntfctn></BkToCstmrDbtCdtNtfctnV01></Document>