<?xml version="1.0" encoding="UTF-8"?><Document xmlns:xsi="http://www.w3.org/2001/XMLSchema-instance" xmlns="urn:iso:std:iso:20022:tech:xsd:camt.054.001.01"><BkToCstmrDbtCdtNtfctnV01><GrpHdr><MsgId>80309K//12349</MsgId><CreDtTm>2018-09-03T04:30:00</CreDtTm></GrpHdr><Ntfctn><Id>80309K//12349//1</Id><CreDtTm>2018-09-03T04:30:00</CreDtTm><Acct><Id><PrtryAcct><Id>20594233939774</Id></PrtryAcct></Id><Ccy>GBP</Ccy></Acct><TxsSummry><TtlNtries><NbOfNtries>2</NbOfNtries><Sum>510.00</Sum></TtlNtries><TtlCdtNtries><NbOfNtries>2</NbOfNtries><Sum>510.00</Sum></TtlCdtNtries><TtlDbtNtries><NbOfNtries>0</NbOfNtries><Sum>0.00</Sum></TtlDbtNtries></TxsSummry><Ntry><Amt Ccy="GBP">500.00</Amt><CdtDbtInd>CRDT</CdtDbtInd><Sts>BOOK</Sts><BookgDt><Dt>2018-09-03</Dt></BookgDt><BkTxCd><Prtry><Cd>STO UKBA CR 40267</Cd></Prtry></BkTxCd><TxDtls><Refs><EndToEndId>NOREF</EndToEndId><TxId>YBSOX0408432057443</TxId></Refs><RltdPties><Dbtr><Nm>MR COLIN BUTLER</Nm></Dbtr><DbtrAcct><Id><PrtryAcct><Id>05097927970957</Id></PrtryAcct></Id></DbtrAcct><Cdtr><Nm>SHARON BUTLER</Nm></Cdtr><CdtrAcct><Id><PrtryAcct><Id>23008200248114</Id></PrtryAcct></Id></CdtrAcct><Prtry><Tp>COLIN BUTLER</Tp><Pty/></Prtry></RltdPties><RmtInf><Strd><RfrdDocInf><RfrdDocTp><Prtry>003</Prtry></RfrdDocTp></RfrdDocInf><AddtlRmtInf>NO REF</AddtlRmtInf></Strd><Strd><AddtlRmtInf>MR COLIN BUTLER//COLIN BUTLER</AddtlRmtInf></Strd></RmtInf><RltdDts><TxDtTm>2018-09-03T04:08:44</TxDtTm></RltdDts><AddtlTxInf>YBSOX04084320574433020180903826050979</AddtlTxInf></TxDtls><AddtlNtryInf>COMPLETE//0000//003//CREDIT</AddtlNtryInf></Ntry><Ntry><Amt Ccy="GBP">10.00</Amt><CdtDbtInd>CRDT</CdtDbtInd><Sts>BOOK</Sts><BookgDt><Dt>2018-09-03</Dt></BookgDt><BkTxCd><Prtry><Cd>SIP UKBA CR 40269</Cd></Prtry></BkTxCd><TxDtls><Refs><EndToEndId>00154189632BCBDYVT</EndToEndId><TxId>00154189632BCBDYVT</TxId></Refs><RltdPties><Dbtr><Nm>VICTOR IKPEHAI</Nm></Dbtr><DbtrAcct><Id><PrtryAcct><Id>09012867107749</Id></PrtryAcct></Id></DbtrAcct><Cdtr><Nm>m Kamara</Nm></Cdtr><CdtrAcct><Id><PrtryAcct><Id>23008200427128</Id></PrtryAcct></Id></CdtrAcct><Prtry><Tp>Food</Tp><Pty/></Prtry></RltdPties><RmtInf><Strd><AddtlRmtInf>NO REF</AddtlRmtInf></Strd><Strd><AddtlRmtInf>VICTOR IKPEHAI//Food</AddtlRmtInf></Strd></RmtInf><RltdDts><TxDtTm>2018-09-03T04:10:27</TxDtTm></RltdDts><AddtlTxInf>00154189632BCBDYVT1020180903826090128</AddtlTxInf></TxDtls><AddtlNtryInf>COMPLETE//0000//003//CREDIT</AddtlNtryInf></Ntry></Ntfctn></BkToCstmrDbtCdtNtfctnV01></Document>