<?xml version="1.0" encoding="UTF-8"?><Document xmlns:xsi="http://www.w3.org/2001/XMLSchema-instance" xmlns="urn:iso:std:iso:20022:tech:xsd:camt.054.001.01"><BkToCstmrDbtCdtNtfctnV01><GrpHdr><MsgId>80309K//12705</MsgId><CreDtTm>2018-09-11T10:30:00</CreDtTm></GrpHdr><Ntfctn><Id>80309K//12705//1</Id><CreDtTm>2018-09-11T10:30:00</CreDtTm><Acct><Id><PrtryAcct><Id>20594233939774</Id></PrtryAcct></Id><Ccy>GBP</Ccy></Acct><TxsSummry><TtlNtries><NbOfNtries>6</NbOfNtries><Sum>1660.01</Sum></TtlNtries><TtlCdtNtries><NbOfNtries>6</NbOfNtries><Sum>1660.01</Sum></TtlCdtNtries><TtlDbtNtries><NbOfNtries>0</NbOfNtries><Sum>0.00</Sum></TtlDbtNtries></TxsSummry><Ntry><Amt Ccy="GBP">1000.00</Amt><CdtDbtInd>CRDT</CdtDbtInd><Sts>BOOK</Sts><BookgDt><Dt>2018-09-11</Dt></BookgDt><BkTxCd><Prtry><Cd>SIP UKBA CR 40269</Cd></Prtry></BkTxCd><TxDtls><Refs><EndToEndId>NOREF</EndToEndId><TxId>FP18254O16777681</TxId></Refs><RltdPties><Dbtr><Nm>Bond Elisabeth</Nm></Dbtr><DbtrAcct><Id><PrtryAcct><Id>07011622144725</Id></PrtryAcct></Id></DbtrAcct><Cdtr><Nm>CHASE COURIERS</Nm></Cdtr><CdtrAcct><Id><PrtryAcct><Id>23008200415469</Id></PrtryAcct></Id></CdtrAcct><Prtry><Tp>ELISABETH BOND</Tp><Pty/></Prtry></RltdPties><RmtInf><Strd><AddtlRmtInf>NO REF</AddtlRmtInf></Strd><Strd><AddtlRmtInf>Bond Elisabeth//ELISABETH BOND</AddtlRmtInf></Strd></RmtInf><RltdDts><TxDtTm>2018-09-11T10:06:35</TxDtTm></RltdDts><AddtlTxInf>FP18254O16777681  1020180911826070116</AddtlTxInf></TxDtls><AddtlNtryInf>COMPLETE//0000//001//CREDIT</AddtlNtryInf></Ntry><Ntry><Amt Ccy="GBP">105.00</Amt><CdtDbtInd>CRDT</CdtDbtInd><Sts>BOOK</Sts><BookgDt><Dt>2018-09-11</Dt></BookgDt><BkTxCd><Prtry><Cd>SIP UKBA CR 40269</Cd></Prtry></BkTxCd><TxDtls><Refs><EndToEndId>NOREF</EndToEndId><TxId>RP4679961116980700</TxId></Refs><RltdPties><Dbtr><Nm>3351-3785</Nm></Dbtr><DbtrAcct><Id><PrtryAcct><Id>20841733513785</Id></PrtryAcct></Id></DbtrAcct><Cdtr><Nm>PHILOMILLION LTD</Nm></Cdtr><CdtrAcct><Id><PrtryAcct><Id>23008200033343</Id></PrtryAcct></Id></CdtrAcct><Prtry><Tp>EWAH</Tp><Pty/></Prtry></RltdPties><RmtInf><Strd><AddtlRmtInf>NO REF</AddtlRmtInf></Strd><Strd><AddtlRmtInf>3351-3785//EWAH</AddtlRmtInf></Strd></RmtInf><RltdDts><TxDtTm>2018-09-11T10:07:23</TxDtTm></RltdDts><AddtlTxInf>RP46799611169807001020180911826200026</AddtlTxInf></TxDtls><AddtlNtryInf>COMPLETE//0000//001//CREDIT</AddtlNtryInf></Ntry><Ntry><Amt Ccy="GBP">0.01</Amt><CdtDbtInd>CRDT</CdtDbtInd><Sts>BOOK</Sts><BookgDt><Dt>2018-09-11</Dt></BookgDt><BkTxCd><Prtry><Cd>SIP UKBA CR 40269</Cd></Prtry></BkTxCd><TxDtls><Refs><EndToEndId>PPRD00000000AMG18I</EndToEndId><TxId>PPRD00000000AMG18I</TxId></Refs><RltdPties><Dbtr><Nm>PAYPAL CODE 9162</Nm><PstlAdr><AdrLine>2211 N 1st Street San Jose CA 95131</AdrLine><Ctry/></PstlAdr></Dbtr><DbtrAcct><Id><PrtryAcct><Id>23526285010101</Id></PrtryAcct></Id></DbtrAcct><Cdtr><Nm>Joseph Duah</Nm><PstlAdr><AdrLine>Flat 38</AdrLine><Ctry/></PstlAdr></Cdtr><CdtrAcct><Id><PrtryAcct><Id>23008200438812</Id></PrtryAcct></Id></CdtrAcct><Prtry><Tp>PAYPAL CODE 9162</Tp><Pty/></Prtry></RltdPties><RmtInf><Strd><RfrdDocInf><RfrdDocTp><Prtry>002</Prtry></RfrdDocTp></RfrdDocInf><AddtlRmtInf>NO REF</AddtlRmtInf></Strd><Strd><AddtlRmtInf>PAYPAL CODE 9162//PAYPAL CODE 9162</AddtlRmtInf></Strd></RmtInf><RltdDts><TxDtTm>2018-09-11T10:10:08</TxDtTm></RltdDts><AddtlTxInf>PPRD00000000AMG18I1020180911826235262</AddtlTxInf></TxDtls><AddtlNtryInf>COMPLETE//0000//001//CREDIT</AddtlNtryInf></Ntry><Ntry><Amt Ccy="GBP">100.00</Amt><CdtDbtInd>CRDT</CdtDbtInd><Sts>BOOK</Sts><BookgDt><Dt>2018-09-11</Dt></BookgDt><BkTxCd><Prtry><Cd>DCA UKBA CR 40269</Cd></Prtry></BkTxCd><TxDtls><Refs><EndToEndId>NOREF</EndToEndId><TxId>000000013528103301</TxId><Prtry><Tp>STO REF</Tp><Ref>2919</Ref></Prtry></Refs><RltdPties><Dbtr><Nm>A MIDDLETON</Nm></Dbtr><DbtrAcct><Id><PrtryAcct><Id>20035373152596</Id></PrtryAcct></Id></DbtrAcct><Cdtr><Nm>ALICE MIDDLETON2</Nm></Cdtr><CdtrAcct><Id><PrtryAcct><Id>23008200439469</Id></PrtryAcct></Id></CdtrAcct><Prtry><Tp>ALICE  MIDDLETON</Tp><Pty/></Prtry></RltdPties><RmtInf><Strd><AddtlRmtInf>NO REF</AddtlRmtInf></Strd><Strd><AddtlRmtInf>A MIDDLETON//ALICE  MIDDLETON</AddtlRmtInf></Strd></RmtInf><RltdDts><TxDtTm>2018-09-11T10:22:07</TxDtTm></RltdDts><AddtlTxInf>0000000135281033015020180911826200353</AddtlTxInf></TxDtls><AddtlNtryInf>COMPLETE//0000//001//CREDIT</AddtlNtryInf></Ntry><Ntry><Amt Ccy="GBP">350.00</Amt><CdtDbtInd>CRDT</CdtDbtInd><Sts>BOOK</Sts><BookgDt><Dt>2018-09-11</Dt></BookgDt><BkTxCd><Prtry><Cd>SIP UKBA CR 40269</Cd></Prtry></BkTxCd><TxDtls><Refs><EndToEndId>NOREF</EndToEndId><TxId>RP4659984302865200</TxId></Refs><RltdPties><Dbtr><Nm>KETTLEBELL K LTD</Nm></Dbtr><DbtrAcct><Id><PrtryAcct><Id>20545813238474</Id></PrtryAcct></Id></DbtrAcct><Cdtr><Nm>COSTER CONTENT LTD</Nm></Cdtr><CdtrAcct><Id><PrtryAcct><Id>23008200221244</Id></PrtryAcct></Id></CdtrAcct><Prtry><Tp>0233</Tp><Pty/></Prtry></RltdPties><RmtInf><Strd><AddtlRmtInf>NO REF</AddtlRmtInf></Strd><Strd><AddtlRmtInf>KETTLEBELL K LTD//0233</AddtlRmtInf></Strd></RmtInf><RltdDts><TxDtTm>2018-09-11T10:22:39</TxDtTm></RltdDts><AddtlTxInf>RP46599843028652001020180911826200026</AddtlTxInf></TxDtls><AddtlNtryInf>COMPLETE//0000//001//CREDIT</AddtlNtryInf></Ntry><Ntry><Amt Ccy="GBP">105.00</Amt><CdtDbtInd>CRDT</CdtDbtInd><Sts>BOOK</Sts><BookgDt><Dt>2018-09-11</Dt></BookgDt><BkTxCd><Prtry><Cd>SIP UKBA CR 40269</Cd></Prtry></BkTxCd><TxDtls><Refs><EndToEndId>00151098632BBGHZYH</EndToEndId><TxId>00151098632BBGHZYH</TxId></Refs><RltdPties><Dbtr><Nm>CYNTHIA OGUN</Nm></Dbtr><DbtrAcct><Id><PrtryAcct><Id>09012776192780</Id></PrtryAcct></Id></DbtrAcct><Cdtr><Nm>PRUDENT K UK LTD</Nm></Cdtr><CdtrAcct><Id><PrtryAcct><Id>23008200041940</Id></PrtryAcct></Id></CdtrAcct><Prtry><Tp>cynthia ogun</Tp><Pty/></Prtry></RltdPties><RmtInf><Strd><AddtlRmtInf>NO REF</AddtlRmtInf></Strd><Strd><AddtlRmtInf>CYNTHIA OGUN//cynthia ogun</AddtlRmtInf></Strd></RmtInf><RltdDts><TxDtTm>2018-09-11T10:24:09</TxDtTm></RltdDts><AddtlTxInf>00151098632BBGHZYH1020180911826090127</AddtlTxInf></TxDtls><AddtlNtryInf>COMPLETE//0000//001//CREDIT</AddtlNtryInf></Ntry></Ntfctn></BkToCstmrDbtCdtNtfctnV01></Document>