<?xml version="1.0" encoding="UTF-8"?><Document xmlns:xsi="http://www.w3.org/2001/XMLSchema-instance" xmlns="urn:iso:std:iso:20022:tech:xsd:camt.054.001.01"><BkToCstmrDbtCdtNtfctnV01><GrpHdr><MsgId>80309K//12755</MsgId><CreDtTm>2018-09-12T15:00:00</CreDtTm></GrpHdr><Ntfctn><Id>80309K//12755//1</Id><CreDtTm>2018-09-12T15:00:00</CreDtTm><Acct><Id><PrtryAcct><Id>20594233939774</Id></PrtryAcct></Id><Ccy>GBP</Ccy></Acct><TxsSummry><TtlNtries><NbOfNtries>8</NbOfNtries><Sum>2347.00</Sum></TtlNtries><TtlCdtNtries><NbOfNtries>8</NbOfNtries><Sum>2347.00</Sum></TtlCdtNtries><TtlDbtNtries><NbOfNtries>0</NbOfNtries><Sum>0.00</Sum></TtlDbtNtries></TxsSummry><Ntry><Amt Ccy="GBP">50.00</Amt><CdtDbtInd>CRDT</CdtDbtInd><Sts>BOOK</Sts><BookgDt><Dt>2018-09-12</Dt></BookgDt><BkTxCd><Prtry><Cd>SIP UKBA CR 40269</Cd></Prtry></BkTxCd><TxDtls><Refs><EndToEndId>PPWD00000000AMS8TQ</EndToEndId><TxId>PPWD00000000AMS8TQ</TxId></Refs><RltdPties><Dbtr><Nm>PayPal</Nm><PstlAdr><AdrLine>2211 N 1st Street San Jose CA 95131</AdrLine><Ctry/></PstlAdr></Dbtr><DbtrAcct><Id><PrtryAcct><Id>23526278959595</Id></PrtryAcct></Id></DbtrAcct><Cdtr><Nm>Malcolm Lucas</Nm><PstlAdr><AdrLine>68 Winchcombe Road</AdrLine><Ctry/></PstlAdr></Cdtr><CdtrAcct><Id><PrtryAcct><Id>23008200286212</Id></PrtryAcct></Id></CdtrAcct><Prtry><Tp>PPWDL5LAJ2AKX2DVS8</Tp><Pty/></Prtry></RltdPties><RmtInf><Strd><RfrdDocInf><RfrdDocTp><Prtry>002</Prtry></RfrdDocTp></RfrdDocInf><AddtlRmtInf>NO REF</AddtlRmtInf></Strd><Strd><AddtlRmtInf>PayPal//PPWDL5LAJ2AKX2DVS8</AddtlRmtInf></Strd></RmtInf><RltdDts><TxDtTm>2018-09-12T14:37:43</TxDtTm></RltdDts><AddtlTxInf>PPWD00000000AMS8TQ1020180912826235262</AddtlTxInf></TxDtls><AddtlNtryInf>COMPLETE//0000//002//CREDIT</AddtlNtryInf></Ntry><Ntry><Amt Ccy="GBP">67.00</Amt><CdtDbtInd>CRDT</CdtDbtInd><Sts>BOOK</Sts><BookgDt><Dt>2018-09-12</Dt></BookgDt><BkTxCd><Prtry><Cd>SIP UKBA CR 40269</Cd></Prtry></BkTxCd><TxDtls><Refs><EndToEndId>NOREF</EndToEndId><TxId>07144645495858000R</TxId><Prtry><Tp>STO REF</Tp><Ref>0000</Ref></Prtry></Refs><RltdPties><Dbtr><Nm>EUROPEAN METAL REC</Nm></Dbtr><DbtrAcct><Id><PrtryAcct><Id>16000221124219</Id></PrtryAcct></Id></DbtrAcct><Cdtr><Nm>KARL THOMPSON</Nm></Cdtr><CdtrAcct><Id><PrtryAcct><Id>23008200371921</Id></PrtryAcct></Id></CdtrAcct><Prtry><Tp>2503464</Tp><Pty/></Prtry></RltdPties><RmtInf><Strd><AddtlRmtInf>2503464</AddtlRmtInf></Strd><Strd><AddtlRmtInf>EUROPEAN METAL REC//2503464</AddtlRmtInf></Strd></RmtInf><RltdDts><TxDtTm>2018-09-12T14:46:45</TxDtTm></RltdDts><AddtlTxInf>07144645495858000R1020180912826160002</AddtlTxInf></TxDtls><AddtlNtryInf>COMPLETE//0000//002//CREDIT</AddtlNtryInf></Ntry><Ntry><Amt Ccy="GBP">10.00</Amt><CdtDbtInd>CRDT</CdtDbtInd><Sts>BOOK</Sts><BookgDt><Dt>2018-09-12</Dt></BookgDt><BkTxCd><Prtry><Cd>SIP UKBA CR 40269</Cd></Prtry></BkTxCd><TxDtls><Refs><EndToEndId>000000FT18255827FT</EndToEndId><TxId>000000FT18255827FT</TxId></Refs><RltdPties><Dbtr><Nm>HANNAH VIVIAN ERICA STAINER</Nm><PstlAdr><AdrLine>10;NEW MALDEN</AdrLine><Ctry/></PstlAdr></Dbtr><DbtrAcct><Id><PrtryAcct><Id>23058028299907</Id></PrtryAcct></Id></DbtrAcct><Cdtr><Nm>p grimes</Nm><PstlAdr><AdrLine>WIRECARD;WIRECARD CARD SOLUTIONS</AdrLine><Ctry/></PstlAdr></Cdtr><CdtrAcct><Id><PrtryAcct><Id>23008200441784</Id></PrtryAcct></Id></CdtrAcct><Prtry><Tp>g469</Tp><Pty/></Prtry></RltdPties><RmtInf><Strd><AddtlRmtInf>NO REF</AddtlRmtInf></Strd><Strd><AddtlRmtInf>HANNAH VIVIAN ERIC//g469</AddtlRmtInf></Strd></RmtInf><RltdDts><TxDtTm>2018-09-12T14:48:24</TxDtTm></RltdDts><AddtlTxInf>000000FT18255827FT1020180912826230580</AddtlTxInf></TxDtls><AddtlNtryInf>COMPLETE//0000//002//CREDIT</AddtlNtryInf></Ntry><Ntry><Amt Ccy="GBP">980.00</Amt><CdtDbtInd>CRDT</CdtDbtInd><Sts>BOOK</Sts><BookgDt><Dt>2018-09-12</Dt></BookgDt><BkTxCd><Prtry><Cd>DCA UKBA CR 40269</Cd></Prtry></BkTxCd><TxDtls><Refs><EndToEndId>NOREF</EndToEndId><TxId>000000013544979901</TxId><Prtry><Tp>STO REF</Tp><Ref>8232</Ref></Prtry></Refs><RltdPties><Dbtr><Nm>A ANGELOV</Nm></Dbtr><DbtrAcct><Id><PrtryAcct><Id>20035373152596</Id></PrtryAcct></Id></DbtrAcct><Cdtr><Nm>ZURNA FASHION</Nm></Cdtr><CdtrAcct><Id><PrtryAcct><Id>23008200031665</Id></PrtryAcct></Id></CdtrAcct><Prtry><Tp>ZURNA FASHION</Tp><Pty/></Prtry></RltdPties><RmtInf><Strd><AddtlRmtInf>NO REF</AddtlRmtInf></Strd><Strd><AddtlRmtInf>A ANGELOV//ZURNA FASHION</AddtlRmtInf></Strd></RmtInf><RltdDts><TxDtTm>2018-09-12T14:52:24</TxDtTm></RltdDts><AddtlTxInf>0000000135449799015020180912826200353</AddtlTxInf></TxDtls><AddtlNtryInf>COMPLETE//0000//002//CREDIT</AddtlNtryInf></Ntry><Ntry><Amt Ccy="GBP">1020.00</Amt><CdtDbtInd>CRDT</CdtDbtInd><Sts>BOOK</Sts><BookgDt><Dt>2018-09-12</Dt></BookgDt><BkTxCd><Prtry><Cd>DCA UKBA CR 40269</Cd></Prtry></BkTxCd><TxDtls><Refs><EndToEndId>NOREF</EndToEndId><TxId>000000013544980701</TxId><Prtry><Tp>STO REF</Tp><Ref>8232</Ref></Prtry></Refs><RltdPties><Dbtr><Nm>A ANGELOV</Nm></Dbtr><DbtrAcct><Id><PrtryAcct><Id>20035373152596</Id></PrtryAcct></Id></DbtrAcct><Cdtr><Nm>ZURNA FASHION</Nm></Cdtr><CdtrAcct><Id><PrtryAcct><Id>23008200031665</Id></PrtryAcct></Id></CdtrAcct><Prtry><Tp>ZURNA FASHION</Tp><Pty/></Prtry></RltdPties><RmtInf><Strd><AddtlRmtInf>NO REF</AddtlRmtInf></Strd><Strd><AddtlRmtInf>A ANGELOV//ZURNA FASHION</AddtlRmtInf></Strd></RmtInf><RltdDts><TxDtTm>2018-09-12T14:52:24</TxDtTm></RltdDts><AddtlTxInf>0000000135449807015020180912826200353</AddtlTxInf></TxDtls><AddtlNtryInf>COMPLETE//0000//002//CREDIT</AddtlNtryInf></Ntry><Ntry><Amt Ccy="GBP">20.00</Amt><CdtDbtInd>CRDT</CdtDbtInd><Sts>BOOK</Sts><BookgDt><Dt>2018-09-12</Dt></BookgDt><BkTxCd><Prtry><Cd>SIP UKBA CR 40269</Cd></Prtry></BkTxCd><TxDtls><Refs><EndToEndId>00151267632BBDZKYK</EndToEndId><TxId>00151267632BBDZKYK</TxId></Refs><RltdPties><Dbtr><Nm>CLARE FARMER</Nm></Dbtr><DbtrAcct><Id><PrtryAcct><Id>09012679511277</Id></PrtryAcct></Id></DbtrAcct><Cdtr><Nm>BENEDICT ARRO</Nm></Cdtr><CdtrAcct><Id><PrtryAcct><Id>23008200209247</Id></PrtryAcct></Id></CdtrAcct><Prtry><Tp>Household</Tp><Pty/></Prtry></RltdPties><RmtInf><Strd><AddtlRmtInf>NO REF</AddtlRmtInf></Strd><Strd><AddtlRmtInf>CLARE FARMER//Household</AddtlRmtInf></Strd></RmtInf><RltdDts><TxDtTm>2018-09-12T14:53:39</TxDtTm></RltdDts><AddtlTxInf>00151267632BBDZKYK1020180912826090126</AddtlTxInf></TxDtls><AddtlNtryInf>COMPLETE//0000//002//CREDIT</AddtlNtryInf></Ntry><Ntry><Amt Ccy="GBP">100.00</Amt><CdtDbtInd>CRDT</CdtDbtInd><Sts>BOOK</Sts><BookgDt><Dt>2018-09-12</Dt></BookgDt><BkTxCd><Prtry><Cd>SIP UKBA CR 40269</Cd></Prtry></BkTxCd><TxDtls><Refs><EndToEndId>NOREF</EndToEndId><TxId>RP4679961218451600</TxId></Refs><RltdPties><Dbtr><Nm>DOS REIS ALVES C</Nm></Dbtr><DbtrAcct><Id><PrtryAcct><Id>20105350576875</Id></PrtryAcct></Id></DbtrAcct><Cdtr><Nm>KATLENE MANHAS</Nm></Cdtr><CdtrAcct><Id><PrtryAcct><Id>23008200114636</Id></PrtryAcct></Id></CdtrAcct><Prtry><Tp>ACABANDO 100</Tp><Pty/></Prtry></RltdPties><RmtInf><Strd><AddtlRmtInf>NO REF</AddtlRmtInf></Strd><Strd><AddtlRmtInf>DOS REIS ALVES C//ACABANDO 100</AddtlRmtInf></Strd></RmtInf><RltdDts><TxDtTm>2018-09-12T14:56:29</TxDtTm></RltdDts><AddtlTxInf>RP46799612184516001020180912826200026</AddtlTxInf></TxDtls><AddtlNtryInf>COMPLETE//0000//002//CREDIT</AddtlNtryInf></Ntry><Ntry><Amt Ccy="GBP">100.00</Amt><CdtDbtInd>CRDT</CdtDbtInd><Sts>BOOK</Sts><BookgDt><Dt>2018-09-12</Dt></BookgDt><BkTxCd><Prtry><Cd>SIP UKBA CR 40269</Cd></Prtry></BkTxCd><TxDtls><Refs><EndToEndId>NOREF</EndToEndId><TxId>500000000388135350</TxId></Refs><RltdPties><Dbtr><Nm>Chryson Limited</Nm></Dbtr><DbtrAcct><Id><PrtryAcct><Id>80066406006715</Id></PrtryAcct></Id></DbtrAcct><Cdtr><Nm>DAVID DRIVER</Nm></Cdtr><CdtrAcct><Id><PrtryAcct><Id>23008200083441</Id></PrtryAcct></Id></CdtrAcct><Prtry><Tp>rfd lner train ldn</Tp><Pty/></Prtry></RltdPties><RmtInf><Strd><AddtlRmtInf>NO REF</AddtlRmtInf></Strd><Strd><AddtlRmtInf>Chryson Limited//rfd lner train ldn</AddtlRmtInf></Strd></RmtInf><RltdDts><TxDtTm>2018-09-12T14:56:58</TxDtTm></RltdDts><AddtlTxInf>5000000003881353501020180912826800664</AddtlTxInf></TxDtls><AddtlNtryInf>COMPLETE//0000//002//CREDIT</AddtlNtryInf></Ntry></Ntfctn></BkToCstmrDbtCdtNtfctnV01></Document>