<?xml version="1.0" encoding="UTF-8"?><Document xmlns:xsi="http://www.w3.org/2001/XMLSchema-instance" xmlns="urn:iso:std:iso:20022:tech:xsd:camt.054.001.01"><BkToCstmrDbtCdtNtfctnV01><GrpHdr><MsgId>80309K//13120</MsgId><CreDtTm>2018-09-20T23:30:00</CreDtTm></GrpHdr><Ntfctn><Id>80309K//13120//1</Id><CreDtTm>2018-09-20T23:30:00</CreDtTm><Acct><Id><PrtryAcct><Id>20594233939774</Id></PrtryAcct></Id><Ccy>GBP</Ccy></Acct><TxsSummry><TtlNtries><NbOfNtries>4</NbOfNtries><Sum>8016.82</Sum></TtlNtries><TtlCdtNtries><NbOfNtries>2</NbOfNtries><Sum>178.00</Sum></TtlCdtNtries><TtlDbtNtries><NbOfNtries>2</NbOfNtries><Sum>7838.82</Sum></TtlDbtNtries></TxsSummry><Ntry><Amt Ccy="GBP">4955.82</Amt><CdtDbtInd>DBIT</CdtDbtInd><Sts>BOOK</Sts><BookgDt><Dt>2018-09-21</Dt></BookgDt><BkTxCd><Prtry><Cd>AUT UKBA DR 30278</Cd></Prtry></BkTxCd><TxDtls><Refs><TxId>000000000337328500</TxId></Refs><RltdPties><DbtrAcct><Id><PrtryAcct><Id>20594233939774</Id></PrtryAcct></Id></DbtrAcct></RltdPties><RmtInf><Strd><AddtlRmtInf>NO REF</AddtlRmtInf></Strd><Strd><AddtlRmtInf>20180920A44639//7S      F2B9OQH133</AddtlRmtInf></Strd></RmtInf><RltdDts><TxDtTm>2018-09-20T23:01:47</TxDtTm></RltdDts><AddtlTxInf>0000000003373285000020180920826205942</AddtlTxInf></TxDtls><AddtlNtryInf>AUTHSENT//0000//003//DEBIT</AddtlNtryInf></Ntry><Ntry><Amt Ccy="GBP">100.00</Amt><CdtDbtInd>CRDT</CdtDbtInd><Sts>BOOK</Sts><BookgDt><Dt>2018-09-21</Dt></BookgDt><BkTxCd><Prtry><Cd>DCA UKBA CR 40269</Cd></Prtry></BkTxCd><TxDtls><Refs><EndToEndId>NOREF</EndToEndId><TxId>000000013624049801</TxId><Prtry><Tp>STO REF</Tp><Ref>0000</Ref></Prtry></Refs><RltdPties><Dbtr><Nm>23008200174850</Nm></Dbtr><DbtrAcct><Id><PrtryAcct><Id>20594233939774</Id></PrtryAcct></Id></DbtrAcct><Cdtr><Nm>ZURNA FASHION</Nm></Cdtr><CdtrAcct><Id><PrtryAcct><Id>23008200031665</Id></PrtryAcct></Id></CdtrAcct><Prtry><Tp>EXP</Tp><Pty/></Prtry></RltdPties><RmtInf><Strd><AddtlRmtInf>NO REF</AddtlRmtInf></Strd><Strd><AddtlRmtInf>23008200174850//EXP</AddtlRmtInf></Strd></RmtInf><RltdDts><TxDtTm>2018-09-20T23:01:50</TxDtTm></RltdDts><AddtlTxInf>0000000136240498015020180920826205942</AddtlTxInf></TxDtls><AddtlNtryInf>COMPLETE//0000//003//CREDIT</AddtlNtryInf></Ntry><Ntry><Amt Ccy="GBP">2883.00</Amt><CdtDbtInd>DBIT</CdtDbtInd><Sts>BOOK</Sts><BookgDt><Dt>2018-09-21</Dt></BookgDt><BkTxCd><Prtry><Cd>AUT UKBA DR 30278</Cd></Prtry></BkTxCd><TxDtls><Refs><TxId>000000000337328600</TxId></Refs><RltdPties><DbtrAcct><Id><PrtryAcct><Id>20594233939774</Id></PrtryAcct></Id></DbtrAcct></RltdPties><RmtInf><Strd><AddtlRmtInf>NO REF</AddtlRmtInf></Strd><Strd><AddtlRmtInf>20180920A44639//7S      F2B7UED131</AddtlRmtInf></Strd></RmtInf><RltdDts><TxDtTm>2018-09-20T23:01:59</TxDtTm></RltdDts><AddtlTxInf>0000000003373286000020180920826205942</AddtlTxInf></TxDtls><AddtlNtryInf>AUTHSENT//0000//003//DEBIT</AddtlNtryInf></Ntry><Ntry><Amt Ccy="GBP">78.00</Amt><CdtDbtInd>CRDT</CdtDbtInd><Sts>BOOK</Sts><BookgDt><Dt>2018-09-21</Dt></BookgDt><BkTxCd><Prtry><Cd>SIP UKBA CR 40269</Cd></Prtry></BkTxCd><TxDtls><Refs><EndToEndId>NOREF</EndToEndId><TxId>100000000388793491</TxId></Refs><RltdPties><Dbtr><Nm>J Wallis</Nm></Dbtr><DbtrAcct><Id><PrtryAcct><Id>30876023349168</Id></PrtryAcct></Id></DbtrAcct><Cdtr><Nm>J W</Nm></Cdtr><CdtrAcct><Id><PrtryAcct><Id>23008200235123</Id></PrtryAcct></Id></CdtrAcct><Prtry><Tp>A</Tp><Pty/></Prtry></RltdPties><RmtInf><Strd><AddtlRmtInf>NO REF</AddtlRmtInf></Strd><Strd><AddtlRmtInf>J Wallis//A</AddtlRmtInf></Strd></RmtInf><RltdDts><TxDtTm>2018-09-20T23:13:40</TxDtTm></RltdDts><AddtlTxInf>1000000003887934911020180920826308760</AddtlTxInf></TxDtls><AddtlNtryInf>COMPLETE//0000//003//CREDIT</AddtlNtryInf></Ntry></Ntfctn></BkToCstmrDbtCdtNtfctnV01></Document>