<?xml version="1.0" encoding="UTF-8"?><Document xmlns:xsi="http://www.w3.org/2001/XMLSchema-instance" xmlns="urn:iso:std:iso:20022:tech:xsd:camt.054.001.01"><BkToCstmrDbtCdtNtfctnV01><GrpHdr><MsgId>80309K//13400</MsgId><CreDtTm>2018-09-27T13:30:00</CreDtTm></GrpHdr><Ntfctn><Id>80309K//13400//1</Id><CreDtTm>2018-09-27T13:30:00</CreDtTm><Acct><Id><PrtryAcct><Id>20594233939774</Id></PrtryAcct></Id><Ccy>GBP</Ccy></Acct><TxsSummry><TtlNtries><NbOfNtries>9</NbOfNtries><Sum>6400.36</Sum></TtlNtries><TtlCdtNtries><NbOfNtries>9</NbOfNtries><Sum>6400.36</Sum></TtlCdtNtries><TtlDbtNtries><NbOfNtries>0</NbOfNtries><Sum>0.00</Sum></TtlDbtNtries></TxsSummry><Ntry><Amt Ccy="GBP">1045.20</Amt><CdtDbtInd>CRDT</CdtDbtInd><Sts>BOOK</Sts><BookgDt><Dt>2018-09-27</Dt></BookgDt><BkTxCd><Prtry><Cd>SIP UKBA CR 40269</Cd></Prtry></BkTxCd><TxDtls><Refs><EndToEndId>NOREF</EndToEndId><TxId>200000000390696648</TxId></Refs><RltdPties><Dbtr><Nm>Magna Connections</Nm></Dbtr><DbtrAcct><Id><PrtryAcct><Id>30155371511660</Id></PrtryAcct></Id></DbtrAcct><Cdtr><Nm>KC SMART CAR R LTD</Nm></Cdtr><CdtrAcct><Id><PrtryAcct><Id>23008200033962</Id></PrtryAcct></Id></CdtrAcct><Prtry><Tp>INV.024 WE23.09.18</Tp><Pty/></Prtry></RltdPties><RmtInf><Strd><AddtlRmtInf>NO REF</AddtlRmtInf></Strd><Strd><AddtlRmtInf>Magna Connections//INV.024 WE23.09.18</AddtlRmtInf></Strd></RmtInf><RltdDts><TxDtTm>2018-09-27T13:03:22</TxDtTm></RltdDts><AddtlTxInf>2000000003906966481020180927826301553</AddtlTxInf></TxDtls><AddtlNtryInf>COMPLETE//0000//002//CREDIT</AddtlNtryInf></Ntry><Ntry><Amt Ccy="GBP">2200.00</Amt><CdtDbtInd>CRDT</CdtDbtInd><Sts>BOOK</Sts><BookgDt><Dt>2018-09-27</Dt></BookgDt><BkTxCd><Prtry><Cd>SIP UKBA CR 40269</Cd></Prtry></BkTxCd><TxDtls><Refs><EndToEndId>NOREF</EndToEndId><TxId>P3CHYNZ5KMP23KYNF7</TxId></Refs><RltdPties><Dbtr><Nm>Florina Suciu</Nm><PstlAdr><AdrLine>116 Glencoe Road, ME4 5QF</AdrLine><Ctry/></PstlAdr></Dbtr><DbtrAcct><Id><PrtryAcct><Id>04000472476727</Id></PrtryAcct></Id></DbtrAcct><Cdtr><Nm>Hamafad Ltd</Nm></Cdtr><CdtrAcct><Id><PrtryAcct><Id>23008200037426</Id></PrtryAcct></Id></CdtrAcct></RltdPties><RmtInf><Strd><AddtlRmtInf>NO REF</AddtlRmtInf></Strd><Strd><AddtlRmtInf>Florina Suciu//</AddtlRmtInf></Strd></RmtInf><RltdDts><TxDtTm>2018-09-27T13:07:39</TxDtTm></RltdDts><AddtlTxInf>P3CHYNZ5KMP23KYNF71020180927826040004</AddtlTxInf></TxDtls><AddtlNtryInf>COMPLETE//0000//002//CREDIT</AddtlNtryInf></Ntry><Ntry><Amt Ccy="GBP">1487.56</Amt><CdtDbtInd>CRDT</CdtDbtInd><Sts>BOOK</Sts><BookgDt><Dt>2018-09-27</Dt></BookgDt><BkTxCd><Prtry><Cd>SIP UKBA CR 40269</Cd></Prtry></BkTxCd><TxDtls><Refs><EndToEndId>NOREF</EndToEndId><TxId>FP18270O09890057</TxId></Refs><RltdPties><Dbtr><Nm>Rodrigues-Fernandes Francisco</Nm></Dbtr><DbtrAcct><Id><PrtryAcct><Id>07011615723327</Id></PrtryAcct></Id></DbtrAcct><Cdtr><Nm>Z LI</Nm></Cdtr><CdtrAcct><Id><PrtryAcct><Id>23008200469000</Id></PrtryAcct></Id></CdtrAcct><Prtry><Tp>00469000</Tp><Pty/></Prtry></RltdPties><RmtInf><Strd><AddtlRmtInf>NO REF</AddtlRmtInf></Strd><Strd><AddtlRmtInf>Rodrigues-Fernande//00469000</AddtlRmtInf></Strd></RmtInf><RltdDts><TxDtTm>2018-09-27T13:10:02</TxDtTm></RltdDts><AddtlTxInf>FP18270O09890057  1020180927826070116</AddtlTxInf></TxDtls><AddtlNtryInf>COMPLETE//0000//002//CREDIT</AddtlNtryInf></Ntry><Ntry><Amt Ccy="GBP">39.60</Amt><CdtDbtInd>CRDT</CdtDbtInd><Sts>BOOK</Sts><BookgDt><Dt>2018-09-27</Dt></BookgDt><BkTxCd><Prtry><Cd>SIP UKBA CR 40269</Cd></Prtry></BkTxCd><TxDtls><Refs><EndToEndId>NOREF</EndToEndId><TxId>08131243981561000R</TxId><Prtry><Tp>STO REF</Tp><Ref>0000</Ref></Prtry></Refs><RltdPties><Dbtr><Nm>GC C1</Nm></Dbtr><DbtrAcct><Id><PrtryAcct><Id>16222410135836</Id></PrtryAcct></Id></DbtrAcct><Cdtr><Nm>MISS ALIA A COSTER</Nm></Cdtr><CdtrAcct><Id><PrtryAcct><Id>23008200221244</Id></PrtryAcct></Id></CdtrAcct><Prtry><Tp>CCONTENT-W28K8AQSH</Tp><Pty/></Prtry></RltdPties><RmtInf><Strd><AddtlRmtInf>CCONTENT-W28K8AQSH</AddtlRmtInf></Strd><Strd><AddtlRmtInf>GC C1//CCONTENT-W28K8AQSH</AddtlRmtInf></Strd></RmtInf><RltdDts><TxDtTm>2018-09-27T13:12:44</TxDtTm></RltdDts><AddtlTxInf>08131243981561000R1020180927826162224</AddtlTxInf></TxDtls><AddtlNtryInf>COMPLETE//0000//002//CREDIT</AddtlNtryInf></Ntry><Ntry><Amt Ccy="GBP">200.00</Amt><CdtDbtInd>CRDT</CdtDbtInd><Sts>BOOK</Sts><BookgDt><Dt>2018-09-27</Dt></BookgDt><BkTxCd><Prtry><Cd>SIP UKBA CR 40269</Cd></Prtry></BkTxCd><TxDtls><Refs><EndToEndId>NOREF</EndToEndId><TxId>RP4659985437501300</TxId></Refs><RltdPties><Dbtr><Nm>SECURE FM LTD</Nm></Dbtr><DbtrAcct><Id><PrtryAcct><Id>20454550932698</Id></PrtryAcct></Id></DbtrAcct><Cdtr><Nm>HI-QUALITY SERVICE</Nm></Cdtr><CdtrAcct><Id><PrtryAcct><Id>23008200348132</Id></PrtryAcct></Id></CdtrAcct><Prtry><Tp>PAYMENT</Tp><Pty/></Prtry></RltdPties><RmtInf><Strd><AddtlRmtInf>NO REF</AddtlRmtInf></Strd><Strd><AddtlRmtInf>SECURE FM LTD//PAYMENT</AddtlRmtInf></Strd></RmtInf><RltdDts><TxDtTm>2018-09-27T13:15:44</TxDtTm></RltdDts><AddtlTxInf>RP46599854375013001020180927826200026</AddtlTxInf></TxDtls><AddtlNtryInf>COMPLETE//0000//002//CREDIT</AddtlNtryInf></Ntry><Ntry><Amt Ccy="GBP">348.00</Amt><CdtDbtInd>CRDT</CdtDbtInd><Sts>BOOK</Sts><BookgDt><Dt>2018-09-27</Dt></BookgDt><BkTxCd><Prtry><Cd>SIP UKBA CR 40269</Cd></Prtry></BkTxCd><TxDtls><Refs><EndToEndId>NOREF</EndToEndId><TxId>50131631159184000N</TxId><Prtry><Tp>STO REF</Tp><Ref>0000</Ref></Prtry></Refs><RltdPties><Dbtr><Nm>DWPGB UC FASTER PA</Nm></Dbtr><DbtrAcct><Id><PrtryAcct><Id>60708010025855</Id></PrtryAcct></Id></DbtrAcct><Cdtr><Nm>FRANK ELLIS</Nm></Cdtr><CdtrAcct><Id><PrtryAcct><Id>23008200060170</Id></PrtryAcct></Id></CdtrAcct><Prtry><Tp>000R74J2C DWP UC</Tp><Pty/></Prtry></RltdPties><RmtInf><Strd><AddtlRmtInf>000R74J2C DWP UC</AddtlRmtInf></Strd><Strd><AddtlRmtInf>DWPGB UC FASTER PA//000R74J2C DWP UC</AddtlRmtInf></Strd></RmtInf><RltdDts><TxDtTm>2018-09-27T13:16:31</TxDtTm></RltdDts><AddtlTxInf>50131631159184000N1020180927826607080</AddtlTxInf></TxDtls><AddtlNtryInf>COMPLETE//0000//002//CREDIT</AddtlNtryInf></Ntry><Ntry><Amt Ccy="GBP">1000.00</Amt><CdtDbtInd>CRDT</CdtDbtInd><Sts>BOOK</Sts><BookgDt><Dt>2018-09-27</Dt></BookgDt><BkTxCd><Prtry><Cd>SIP UKBA CR 40269</Cd></Prtry></BkTxCd><TxDtls><Refs><EndToEndId>NOREF</EndToEndId><TxId>300000000396017648</TxId></Refs><RltdPties><Dbtr><Nm>India Inns Limited</Nm></Dbtr><DbtrAcct><Id><PrtryAcct><Id>30971373298260</Id></PrtryAcct></Id></DbtrAcct><Cdtr><Nm>ASB DEBT RECOVERY</Nm></Cdtr><CdtrAcct><Id><PrtryAcct><Id>23008200223721</Id></PrtryAcct></Id></CdtrAcct><Prtry><Tp>WH30</Tp><Pty/></Prtry></RltdPties><RmtInf><Strd><AddtlRmtInf>NO REF</AddtlRmtInf></Strd><Strd><AddtlRmtInf>India Inns Limited//WH30</AddtlRmtInf></Strd></RmtInf><RltdDts><TxDtTm>2018-09-27T13:23:06</TxDtTm></RltdDts><AddtlTxInf>3000000003960176481020180927826309713</AddtlTxInf></TxDtls><AddtlNtryInf>COMPLETE//0000//002//CREDIT</AddtlNtryInf></Ntry><Ntry><Amt Ccy="GBP">70.00</Amt><CdtDbtInd>CRDT</CdtDbtInd><Sts>BOOK</Sts><BookgDt><Dt>2018-09-27</Dt></BookgDt><BkTxCd><Prtry><Cd>SIP UKBA CR 40269</Cd></Prtry></BkTxCd><TxDtls><Refs><EndToEndId>NOREF</EndToEndId><TxId>400000000397168917</TxId></Refs><RltdPties><Dbtr><Nm>T McNutt</Nm></Dbtr><DbtrAcct><Id><PrtryAcct><Id>77670715552260</Id></PrtryAcct></Id></DbtrAcct><Cdtr><Nm>ROSE</Nm></Cdtr><CdtrAcct><Id><PrtryAcct><Id>23008200470617</Id></PrtryAcct></Id></CdtrAcct><Prtry><Tp>TRACEY MCNUTT</Tp><Pty/></Prtry></RltdPties><RmtInf><Strd><AddtlRmtInf>NO REF</AddtlRmtInf></Strd><Strd><AddtlRmtInf>T McNutt//TRACEY MCNUTT</AddtlRmtInf></Strd></RmtInf><RltdDts><TxDtTm>2018-09-27T13:23:34</TxDtTm></RltdDts><AddtlTxInf>4000000003971689171020180927826776707</AddtlTxInf></TxDtls><AddtlNtryInf>COMPLETE//0000//002//CREDIT</AddtlNtryInf></Ntry><Ntry><Amt Ccy="GBP">10.00</Amt><CdtDbtInd>CRDT</CdtDbtInd><Sts>BOOK</Sts><BookgDt><Dt>2018-09-27</Dt></BookgDt><BkTxCd><Prtry><Cd>SIP UKBA CR 40269</Cd></Prtry></BkTxCd><TxDtls><Refs><EndToEndId>NOREF</EndToEndId><TxId>804000229231729001</TxId><Prtry><Tp>STO REF</Tp><Ref>0000</Ref></Prtry></Refs><RltdPties><Dbtr><Nm>STRAIGHT H A</Nm></Dbtr><DbtrAcct><Id><PrtryAcct><Id>40172641813323</Id></PrtryAcct></Id></DbtrAcct><Cdtr><Nm>Hayley</Nm></Cdtr><CdtrAcct><Id><PrtryAcct><Id>23008200333788</Id></PrtryAcct></Id></CdtrAcct><Prtry><Tp>Holiday</Tp><Pty/></Prtry></RltdPties><RmtInf><Strd><AddtlRmtInf>NO REF</AddtlRmtInf></Strd><Strd><AddtlRmtInf>STRAIGHT H A//Holiday</AddtlRmtInf></Strd></RmtInf><RltdDts><TxDtTm>2018-09-27T13:29:22</TxDtTm></RltdDts><AddtlTxInf>8040002292317290011020180927826401726</AddtlTxInf></TxDtls><AddtlNtryInf>COMPLETE//0000//002//CREDIT</AddtlNtryInf></Ntry></Ntfctn></BkToCstmrDbtCdtNtfctnV01></Document>