<?xml version="1.0" encoding="UTF-8"?><Document xmlns:xsi="http://www.w3.org/2001/XMLSchema-instance" xmlns="urn:iso:std:iso:20022:tech:xsd:camt.054.001.01"><BkToCstmrDbtCdtNtfctnV01><GrpHdr><MsgId>80309K//13359</MsgId><CreDtTm>2018-09-26T15:00:00</CreDtTm></GrpHdr><Ntfctn><Id>80309K//13359//1</Id><CreDtTm>2018-09-26T15:00:00</CreDtTm><Acct><Id><PrtryAcct><Id>20594233939774</Id></PrtryAcct></Id><Ccy>GBP</Ccy></Acct><TxsSummry><TtlNtries><NbOfNtries>15</NbOfNtries><Sum>6457.00</Sum></TtlNtries><TtlCdtNtries><NbOfNtries>15</NbOfNtries><Sum>6457.00</Sum></TtlCdtNtries><TtlDbtNtries><NbOfNtries>0</NbOfNtries><Sum>0.00</Sum></TtlDbtNtries></TxsSummry><Ntry><Amt Ccy="GBP">15.00</Amt><CdtDbtInd>CRDT</CdtDbtInd><Sts>BOOK</Sts><BookgDt><Dt>2018-09-26</Dt></BookgDt><BkTxCd><Prtry><Cd>SIP UKBA CR 40269</Cd></Prtry></BkTxCd><TxDtls><Refs><EndToEndId>NOREF</EndToEndId><TxId>300000000395699449</TxId></Refs><RltdPties><Dbtr><Nm>L Barbour</Nm></Dbtr><DbtrAcct><Id><PrtryAcct><Id>11023301504333</Id></PrtryAcct></Id></DbtrAcct><Cdtr><Nm>Ryan barbour</Nm></Cdtr><CdtrAcct><Id><PrtryAcct><Id>23008200291907</Id></PrtryAcct></Id></CdtrAcct></RltdPties><RmtInf><Strd><AddtlRmtInf>NO REF</AddtlRmtInf></Strd><Strd><AddtlRmtInf>L Barbour//</AddtlRmtInf></Strd></RmtInf><RltdDts><TxDtTm>2018-09-26T14:34:42</TxDtTm></RltdDts><AddtlTxInf>3000000003956994491020180926826110233</AddtlTxInf></TxDtls><AddtlNtryInf>COMPLETE//0000//002//CREDIT</AddtlNtryInf></Ntry><Ntry><Amt Ccy="GBP">20.00</Amt><CdtDbtInd>CRDT</CdtDbtInd><Sts>BOOK</Sts><BookgDt><Dt>2018-09-26</Dt></BookgDt><BkTxCd><Prtry><Cd>SIP UKBA CR 40269</Cd></Prtry></BkTxCd><TxDtls><Refs><EndToEndId>00153425632BWGBZXR</EndToEndId><TxId>00153425632BWGBZXR</TxId></Refs><RltdPties><Dbtr><Nm>CATHAL BROWNE</Nm></Dbtr><DbtrAcct><Id><PrtryAcct><Id>09012915353076</Id></PrtryAcct></Id></DbtrAcct><Cdtr><Nm>MR CATHAL BROWNE</Nm></Cdtr><CdtrAcct><Id><PrtryAcct><Id>23008200073589</Id></PrtryAcct></Id></CdtrAcct><Prtry><Tp>cash</Tp><Pty/></Prtry></RltdPties><RmtInf><Strd><AddtlRmtInf>NO REF</AddtlRmtInf></Strd><Strd><AddtlRmtInf>CATHAL BROWNE//cash</AddtlRmtInf></Strd></RmtInf><RltdDts><TxDtTm>2018-09-26T14:35:24</TxDtTm></RltdDts><AddtlTxInf>00153425632BWGBZXR1020180926826090129</AddtlTxInf></TxDtls><AddtlNtryInf>COMPLETE//0000//002//CREDIT</AddtlNtryInf></Ntry><Ntry><Amt Ccy="GBP">3500.00</Amt><CdtDbtInd>CRDT</CdtDbtInd><Sts>BOOK</Sts><BookgDt><Dt>2018-09-26</Dt></BookgDt><BkTxCd><Prtry><Cd>SIP UKBA CR 40269</Cd></Prtry></BkTxCd><TxDtls><Refs><EndToEndId>NOREF</EndToEndId><TxId>RP4679962294549900</TxId></Refs><RltdPties><Dbtr><Nm>UNI LTD T/AS CU</Nm></Dbtr><DbtrAcct><Id><PrtryAcct><Id>20199553969029</Id></PrtryAcct></Id></DbtrAcct><Cdtr><Nm>FINN ASSOCIATES</Nm></Cdtr><CdtrAcct><Id><PrtryAcct><Id>23008200221260</Id></PrtryAcct></Id></CdtrAcct><Prtry><Tp>INVOICE</Tp><Pty/></Prtry></RltdPties><RmtInf><Strd><AddtlRmtInf>NO REF</AddtlRmtInf></Strd><Strd><AddtlRmtInf>UNI LTD T/AS CU//INVOICE</AddtlRmtInf></Strd></RmtInf><RltdDts><TxDtTm>2018-09-26T14:37:54</TxDtTm></RltdDts><AddtlTxInf>RP46799622945499001020180926826200026</AddtlTxInf></TxDtls><AddtlNtryInf>COMPLETE//0000//002//CREDIT</AddtlNtryInf></Ntry><Ntry><Amt Ccy="GBP">2100.00</Amt><CdtDbtInd>CRDT</CdtDbtInd><Sts>BOOK</Sts><BookgDt><Dt>2018-09-26</Dt></BookgDt><BkTxCd><Prtry><Cd>SIP UKBA CR 40269</Cd></Prtry></BkTxCd><TxDtls><Refs><EndToEndId>NOREF</EndToEndId><TxId>24143806256694000N</TxId><Prtry><Tp>STO REF</Tp><Ref>0000</Ref></Prtry></Refs><RltdPties><Dbtr><Nm>MR HYGINUS E IGWE</Nm></Dbtr><DbtrAcct><Id><PrtryAcct><Id>60242618578047</Id></PrtryAcct></Id></DbtrAcct><Cdtr><Nm>FOLFEM LTD</Nm></Cdtr><CdtrAcct><Id><PrtryAcct><Id>23008200040314</Id></PrtryAcct></Id></CdtrAcct><Prtry><Tp>IGWE</Tp><Pty/></Prtry></RltdPties><RmtInf><Strd><AddtlRmtInf>IGWE</AddtlRmtInf></Strd><Strd><AddtlRmtInf>MR HYGINUS E IGWE//IGWE</AddtlRmtInf></Strd></RmtInf><RltdDts><TxDtTm>2018-09-26T14:38:06</TxDtTm></RltdDts><AddtlTxInf>24143806256694000N1020180926826602426</AddtlTxInf></TxDtls><AddtlNtryInf>COMPLETE//0000//002//CREDIT</AddtlNtryInf></Ntry><Ntry><Amt Ccy="GBP">30.00</Amt><CdtDbtInd>CRDT</CdtDbtInd><Sts>BOOK</Sts><BookgDt><Dt>2018-09-26</Dt></BookgDt><BkTxCd><Prtry><Cd>SIP UKBA CR 40269</Cd></Prtry></BkTxCd><TxDtls><Refs><EndToEndId>MONEU</EndToEndId><TxId>58143845567758000N</TxId><Prtry><Tp>STO REF</Tp><Ref>0000</Ref></Prtry></Refs><RltdPties><Dbtr><Nm>MUSA KI</Nm></Dbtr><DbtrAcct><Id><PrtryAcct><Id>60132045673888</Id></PrtryAcct></Id></DbtrAcct><Cdtr><Nm>YASEN SHARIF</Nm></Cdtr><CdtrAcct><Id><PrtryAcct><Id>23008200350539</Id></PrtryAcct></Id></CdtrAcct><Prtry><Tp>MONEU</Tp><Pty/></Prtry></RltdPties><RmtInf><Strd><AddtlRmtInf>MUSA KI           MONEU             VIA MOBILE - LVP</AddtlRmtInf></Strd><Strd><AddtlRmtInf>MUSA KI//MONEU</AddtlRmtInf></Strd></RmtInf><RltdDts><TxDtTm>2018-09-26T14:38:45</TxDtTm></RltdDts><AddtlTxInf>58143845567758000N1020180926826601320</AddtlTxInf></TxDtls><AddtlNtryInf>COMPLETE//0000//002//CREDIT</AddtlNtryInf></Ntry><Ntry><Amt Ccy="GBP">250.00</Amt><CdtDbtInd>CRDT</CdtDbtInd><Sts>BOOK</Sts><BookgDt><Dt>2018-09-26</Dt></BookgDt><BkTxCd><Prtry><Cd>SIP UKBA CR 40269</Cd></Prtry></BkTxCd><TxDtls><Refs><EndToEndId>ROSIE WILLIAMS</EndToEndId><TxId>53144130911826000N</TxId><Prtry><Tp>STO REF</Tp><Ref>0000</Ref></Prtry></Refs><RltdPties><Dbtr><Nm>PARRY SM</Nm></Dbtr><DbtrAcct><Id><PrtryAcct><Id>52305639604942</Id></PrtryAcct></Id></DbtrAcct><Cdtr><Nm>M DUNNI</Nm></Cdtr><CdtrAcct><Id><PrtryAcct><Id>23008200464838</Id></PrtryAcct></Id></CdtrAcct><Prtry><Tp>ROSIE WILLIAMS</Tp><Pty/></Prtry></RltdPties><RmtInf><Strd><AddtlRmtInf>PARRY SM          ROSIE WILLIAMS    VIA MOBILE - LVP</AddtlRmtInf></Strd><Strd><AddtlRmtInf>PARRY SM//ROSIE WILLIAMS</AddtlRmtInf></Strd></RmtInf><RltdDts><TxDtTm>2018-09-26T14:41:31</TxDtTm></RltdDts><AddtlTxInf>53144130911826000N1020180926826523056</AddtlTxInf></TxDtls><AddtlNtryInf>COMPLETE//0000//002//CREDIT</AddtlNtryInf></Ntry><Ntry><Amt Ccy="GBP">100.00</Amt><CdtDbtInd>CRDT</CdtDbtInd><Sts>BOOK</Sts><BookgDt><Dt>2018-09-26</Dt></BookgDt><BkTxCd><Prtry><Cd>SIP UKBA CR 40269</Cd></Prtry></BkTxCd><TxDtls><Refs><EndToEndId>00151175632BBHYWLH</EndToEndId><TxId>00151175632BBHYWLH</TxId></Refs><RltdPties><Dbtr><Nm>VINCENT ADANRI</Nm></Dbtr><DbtrAcct><Id><PrtryAcct><Id>09012718094435</Id></PrtryAcct></Id></DbtrAcct><Cdtr><Nm>OLABANJI FALOWO</Nm></Cdtr><CdtrAcct><Id><PrtryAcct><Id>23008200191704</Id></PrtryAcct></Id></CdtrAcct><Prtry><Tp>VINCENT</Tp><Pty/></Prtry></RltdPties><RmtInf><Strd><AddtlRmtInf>NO REF</AddtlRmtInf></Strd><Strd><AddtlRmtInf>VINCENT ADANRI//VINCENT</AddtlRmtInf></Strd></RmtInf><RltdDts><TxDtTm>2018-09-26T14:43:10</TxDtTm></RltdDts><AddtlTxInf>00151175632BBHYWLH1020180926826090127</AddtlTxInf></TxDtls><AddtlNtryInf>COMPLETE//0000//002//CREDIT</AddtlNtryInf></Ntry><Ntry><Amt Ccy="GBP">100.00</Amt><CdtDbtInd>CRDT</CdtDbtInd><Sts>BOOK</Sts><BookgDt><Dt>2018-09-26</Dt></BookgDt><BkTxCd><Prtry><Cd>SIP UKBA CR 40269</Cd></Prtry></BkTxCd><TxDtls><Refs><EndToEndId>NOREF</EndToEndId><TxId>10144544313559000N</TxId><Prtry><Tp>STO REF</Tp><Ref>0000</Ref></Prtry></Refs><RltdPties><Dbtr><Nm>MR FRANCIS J LYDON</Nm></Dbtr><DbtrAcct><Id><PrtryAcct><Id>60220894923191</Id></PrtryAcct></Id></DbtrAcct><Cdtr><Nm>MR FRANCIS LYDON</Nm></Cdtr><CdtrAcct><Id><PrtryAcct><Id>23008200097907</Id></PrtryAcct></Id></CdtrAcct><Prtry><Tp>ARRO</Tp><Pty/></Prtry></RltdPties><RmtInf><Strd><AddtlRmtInf>ARRO</AddtlRmtInf></Strd><Strd><AddtlRmtInf>MR FRANCIS J LYDON//ARRO</AddtlRmtInf></Strd></RmtInf><RltdDts><TxDtTm>2018-09-26T14:45:44</TxDtTm></RltdDts><AddtlTxInf>10144544313559000N1020180926826602208</AddtlTxInf></TxDtls><AddtlNtryInf>COMPLETE//0000//002//CREDIT</AddtlNtryInf></Ntry><Ntry><Amt Ccy="GBP">148.00</Amt><CdtDbtInd>CRDT</CdtDbtInd><Sts>BOOK</Sts><BookgDt><Dt>2018-09-26</Dt></BookgDt><BkTxCd><Prtry><Cd>SIP UKBA CR 40269</Cd></Prtry></BkTxCd><TxDtls><Refs><EndToEndId>NOREF</EndToEndId><TxId>400000000396854188</TxId></Refs><RltdPties><Dbtr><Nm>E Hansen-Spure</Nm></Dbtr><DbtrAcct><Id><PrtryAcct><Id>11060611091767</Id></PrtryAcct></Id></DbtrAcct><Cdtr><Nm>EMMA HANSEN SPURE</Nm></Cdtr><CdtrAcct><Id><PrtryAcct><Id>23008200391689</Id></PrtryAcct></Id></CdtrAcct></RltdPties><RmtInf><Strd><AddtlRmtInf>NO REF</AddtlRmtInf></Strd><Strd><AddtlRmtInf>E Hansen-Spure//</AddtlRmtInf></Strd></RmtInf><RltdDts><TxDtTm>2018-09-26T14:51:20</TxDtTm></RltdDts><AddtlTxInf>4000000003968541881020180926826110606</AddtlTxInf></TxDtls><AddtlNtryInf>COMPLETE//0000//002//CREDIT</AddtlNtryInf></Ntry><Ntry><Amt Ccy="GBP">20.00</Amt><CdtDbtInd>CRDT</CdtDbtInd><Sts>BOOK</Sts><BookgDt><Dt>2018-09-26</Dt></BookgDt><BkTxCd><Prtry><Cd>DCA UKBA CR 40269</Cd></Prtry></BkTxCd><TxDtls><Refs><EndToEndId>NOREF</EndToEndId><TxId>000000013675744501</TxId><Prtry><Tp>STO REF</Tp><Ref>1336</Ref></Prtry></Refs><RltdPties><Dbtr><Nm>K CHOWDHURY</Nm></Dbtr><DbtrAcct><Id><PrtryAcct><Id>20035373152596</Id></PrtryAcct></Id></DbtrAcct><Cdtr><Nm>KADER CHOWDHURY</Nm></Cdtr><CdtrAcct><Id><PrtryAcct><Id>23008200351789</Id></PrtryAcct></Id></CdtrAcct><Prtry><Tp>KADER CHOWDHURY</Tp><Pty/></Prtry></RltdPties><RmtInf><Strd><AddtlRmtInf>NO REF</AddtlRmtInf></Strd><Strd><AddtlRmtInf>K CHOWDHURY//KADER CHOWDHURY</AddtlRmtInf></Strd></RmtInf><RltdDts><TxDtTm>2018-09-26T14:52:26</TxDtTm></RltdDts><AddtlTxInf>0000000136757445015020180926826200353</AddtlTxInf></TxDtls><AddtlNtryInf>COMPLETE//0000//002//CREDIT</AddtlNtryInf></Ntry><Ntry><Amt Ccy="GBP">99.00</Amt><CdtDbtInd>CRDT</CdtDbtInd><Sts>BOOK</Sts><BookgDt><Dt>2018-09-26</Dt></BookgDt><BkTxCd><Prtry><Cd>SIP UKBA CR 40269</Cd></Prtry></BkTxCd><TxDtls><Refs><EndToEndId>NOREF</EndToEndId><TxId>FP18269O08990437</TxId></Refs><RltdPties><Dbtr><Nm>Davies Barry</Nm></Dbtr><DbtrAcct><Id><PrtryAcct><Id>07011629240489</Id></PrtryAcct></Id></DbtrAcct><Cdtr><Nm>AMBLESIDE RACING</Nm></Cdtr><CdtrAcct><Id><PrtryAcct><Id>23008200224434</Id></PrtryAcct></Id></CdtrAcct><Prtry><Tp>BARRY DAVIES</Tp><Pty/></Prtry></RltdPties><RmtInf><Strd><AddtlRmtInf>NO REF</AddtlRmtInf></Strd><Strd><AddtlRmtInf>Davies Barry//BARRY DAVIES</AddtlRmtInf></Strd></RmtInf><RltdDts><TxDtTm>2018-09-26T14:56:41</TxDtTm></RltdDts><AddtlTxInf>FP18269O08990437  1020180926826070116</AddtlTxInf></TxDtls><AddtlNtryInf>COMPLETE//0000//002//CREDIT</AddtlNtryInf></Ntry><Ntry><Amt Ccy="GBP">30.00</Amt><CdtDbtInd>CRDT</CdtDbtInd><Sts>BOOK</Sts><BookgDt><Dt>2018-09-26</Dt></BookgDt><BkTxCd><Prtry><Cd>SIP UKBA CR 40269</Cd></Prtry></BkTxCd><TxDtls><Refs><EndToEndId>NOREF</EndToEndId><TxId>500000000392057049</TxId></Refs><RltdPties><Dbtr><Nm>R Greenhouse</Nm></Dbtr><DbtrAcct><Id><PrtryAcct><Id>77330813767360</Id></PrtryAcct></Id></DbtrAcct><Cdtr><Nm>S HARLEY</Nm></Cdtr><CdtrAcct><Id><PrtryAcct><Id>23008200398153</Id></PrtryAcct></Id></CdtrAcct></RltdPties><RmtInf><Strd><AddtlRmtInf>NO REF</AddtlRmtInf></Strd><Strd><AddtlRmtInf>R Greenhouse//</AddtlRmtInf></Strd></RmtInf><RltdDts><TxDtTm>2018-09-26T14:57:12</TxDtTm></RltdDts><AddtlTxInf>5000000003920570491020180926826773308</AddtlTxInf></TxDtls><AddtlNtryInf>COMPLETE//0000//002//CREDIT</AddtlNtryInf></Ntry><Ntry><Amt Ccy="GBP">10.00</Amt><CdtDbtInd>CRDT</CdtDbtInd><Sts>BOOK</Sts><BookgDt><Dt>2018-09-26</Dt></BookgDt><BkTxCd><Prtry><Cd>SIP UKBA CR 40269</Cd></Prtry></BkTxCd><TxDtls><Refs><EndToEndId>NOREF</EndToEndId><TxId>RP4679962296244200</TxId></Refs><RltdPties><Dbtr><Nm>FAIRMAN L</Nm></Dbtr><DbtrAcct><Id><PrtryAcct><Id>20709440994707</Id></PrtryAcct></Id></DbtrAcct><Cdtr><Nm>MR MARTYN MITCHELL</Nm></Cdtr><CdtrAcct><Id><PrtryAcct><Id>23008200389306</Id></PrtryAcct></Id></CdtrAcct><Prtry><Tp>LUKE</Tp><Pty/></Prtry></RltdPties><RmtInf><Strd><AddtlRmtInf>NO REF</AddtlRmtInf></Strd><Strd><AddtlRmtInf>FAIRMAN L//LUKE</AddtlRmtInf></Strd></RmtInf><RltdDts><TxDtTm>2018-09-26T14:57:20</TxDtTm></RltdDts><AddtlTxInf>RP46799622962442001020180926826200026</AddtlTxInf></TxDtls><AddtlNtryInf>COMPLETE//0000//002//CREDIT</AddtlNtryInf></Ntry><Ntry><Amt Ccy="GBP">12.00</Amt><CdtDbtInd>CRDT</CdtDbtInd><Sts>BOOK</Sts><BookgDt><Dt>2018-09-26</Dt></BookgDt><BkTxCd><Prtry><Cd>SIP UKBA CR 40269</Cd></Prtry></BkTxCd><TxDtls><Refs><EndToEndId>00153425632BWGCDXZ</EndToEndId><TxId>00153425632BWGCDXZ</TxId></Refs><RltdPties><Dbtr><Nm>JOHNSON ADEBAYO</Nm></Dbtr><DbtrAcct><Id><PrtryAcct><Id>09012904500872</Id></PrtryAcct></Id></DbtrAcct><Cdtr><Nm>TANNES SOLUTIONS</Nm></Cdtr><CdtrAcct><Id><PrtryAcct><Id>23008200220991</Id></PrtryAcct></Id></CdtrAcct><Prtry><Tp>Johnson Adebayo</Tp><Pty/></Prtry></RltdPties><RmtInf><Strd><AddtlRmtInf>NO REF</AddtlRmtInf></Strd><Strd><AddtlRmtInf>JOHNSON ADEBAYO//Johnson Adebayo</AddtlRmtInf></Strd></RmtInf><RltdDts><TxDtTm>2018-09-26T14:58:37</TxDtTm></RltdDts><AddtlTxInf>00153425632BWGCDXZ1020180926826090129</AddtlTxInf></TxDtls><AddtlNtryInf>COMPLETE//0000//002//CREDIT</AddtlNtryInf></Ntry><Ntry><Amt Ccy="GBP">23.00</Amt><CdtDbtInd>CRDT</CdtDbtInd><Sts>BOOK</Sts><BookgDt><Dt>2018-09-26</Dt></BookgDt><BkTxCd><Prtry><Cd>SIP UKBA CR 40269</Cd></Prtry></BkTxCd><TxDtls><Refs><EndToEndId>00153425632BWGCFBX</EndToEndId><TxId>00153425632BWGCFBX</TxId></Refs><RltdPties><Dbtr><Nm>JOHNSON ADEBAYO</Nm></Dbtr><DbtrAcct><Id><PrtryAcct><Id>09012904500872</Id></PrtryAcct></Id></DbtrAcct><Cdtr><Nm>TANNES SOLUTIONS</Nm></Cdtr><CdtrAcct><Id><PrtryAcct><Id>23008200220991</Id></PrtryAcct></Id></CdtrAcct><Prtry><Tp>Johnson Adebayo</Tp><Pty/></Prtry></RltdPties><RmtInf><Strd><AddtlRmtInf>NO REF</AddtlRmtInf></Strd><Strd><AddtlRmtInf>JOHNSON ADEBAYO//Johnson Adebayo</AddtlRmtInf></Strd></RmtInf><RltdDts><TxDtTm>2018-09-26T14:59:32</TxDtTm></RltdDts><AddtlTxInf>00153425632BWGCFBX1020180926826090129</AddtlTxInf></TxDtls><AddtlNtryInf>COMPLETE//0000//002//CREDIT</AddtlNtryInf></Ntry></Ntfctn></BkToCstmrDbtCdtNtfctnV01></Document>