<?xml version="1.0" encoding="UTF-8"?><Document xmlns:xsi="http://www.w3.org/2001/XMLSchema-instance" xmlns="urn:iso:std:iso:20022:tech:xsd:camt.054.001.01"><BkToCstmrDbtCdtNtfctnV01><GrpHdr><MsgId>80309K//13450</MsgId><CreDtTm>2018-09-28T14:30:00</CreDtTm></GrpHdr><Ntfctn><Id>80309K//13450//1</Id><CreDtTm>2018-09-28T14:30:00</CreDtTm><Acct><Id><PrtryAcct><Id>20594233939774</Id></PrtryAcct></Id><Ccy>GBP</Ccy></Acct><TxsSummry><TtlNtries><NbOfNtries>26</NbOfNtries><Sum>12766.42</Sum></TtlNtries><TtlCdtNtries><NbOfNtries>26</NbOfNtries><Sum>12766.42</Sum></TtlCdtNtries><TtlDbtNtries><NbOfNtries>0</NbOfNtries><Sum>0.00</Sum></TtlDbtNtries></TxsSummry><Ntry><Amt Ccy="GBP">330.00</Amt><CdtDbtInd>CRDT</CdtDbtInd><Sts>BOOK</Sts><BookgDt><Dt>2018-09-28</Dt></BookgDt><BkTxCd><Prtry><Cd>SIP UKBA CR 40269</Cd></Prtry></BkTxCd><TxDtls><Refs><EndToEndId>NOREF</EndToEndId><TxId>500000000392987918</TxId></Refs><RltdPties><Dbtr><Nm>S Hussain</Nm></Dbtr><DbtrAcct><Id><PrtryAcct><Id>11052000554943</Id></PrtryAcct></Id></DbtrAcct><Cdtr><Nm>T TROLLEY</Nm></Cdtr><CdtrAcct><Id><PrtryAcct><Id>23008200472956</Id></PrtryAcct></Id></CdtrAcct><Prtry><Tp>LH77YT/Z.HUSSAIN</Tp><Pty/></Prtry></RltdPties><RmtInf><Strd><AddtlRmtInf>NO REF</AddtlRmtInf></Strd><Strd><AddtlRmtInf>S Hussain//LH77YT/Z.HUSSAIN</AddtlRmtInf></Strd></RmtInf><RltdDts><TxDtTm>2018-09-28T14:02:57</TxDtTm></RltdDts><AddtlTxInf>5000000003929879181020180928826110520</AddtlTxInf></TxDtls><AddtlNtryInf>COMPLETE//0000//002//CREDIT</AddtlNtryInf></Ntry><Ntry><Amt Ccy="GBP">20.00</Amt><CdtDbtInd>CRDT</CdtDbtInd><Sts>BOOK</Sts><BookgDt><Dt>2018-09-28</Dt></BookgDt><BkTxCd><Prtry><Cd>SIP UKBA CR 40269</Cd></Prtry></BkTxCd><TxDtls><Refs><EndToEndId>EXTRA</EndToEndId><TxId>13140318195853000N</TxId><Prtry><Tp>STO REF</Tp><Ref>0000</Ref></Prtry></Refs><RltdPties><Dbtr><Nm>MARTINS A</Nm></Dbtr><DbtrAcct><Id><PrtryAcct><Id>60231914057883</Id></PrtryAcct></Id></DbtrAcct><Cdtr><Nm>MR ANDREJS BOLSAKOVOS</Nm></Cdtr><CdtrAcct><Id><PrtryAcct><Id>23008200063262</Id></PrtryAcct></Id></CdtrAcct><Prtry><Tp>EXTRA</Tp><Pty/></Prtry></RltdPties><RmtInf><Strd><AddtlRmtInf>MARTINS A         EXTRA             VIA MOBILE - LVP</AddtlRmtInf></Strd><Strd><AddtlRmtInf>MARTINS A//EXTRA</AddtlRmtInf></Strd></RmtInf><RltdDts><TxDtTm>2018-09-28T14:03:18</TxDtTm></RltdDts><AddtlTxInf>13140318195853000N1020180928826602319</AddtlTxInf></TxDtls><AddtlNtryInf>COMPLETE//0000//002//CREDIT</AddtlNtryInf></Ntry><Ntry><Amt Ccy="GBP">20.00</Amt><CdtDbtInd>CRDT</CdtDbtInd><Sts>BOOK</Sts><BookgDt><Dt>2018-09-28</Dt></BookgDt><BkTxCd><Prtry><Cd>SIP UKBA CR 40269</Cd></Prtry></BkTxCd><TxDtls><Refs><EndToEndId>NOREF</EndToEndId><TxId>400000000397787973</TxId></Refs><RltdPties><Dbtr><Nm>P Auer</Nm></Dbtr><DbtrAcct><Id><PrtryAcct><Id>11647704978767</Id></PrtryAcct></Id></DbtrAcct><Cdtr><Nm>PAUL SKINNER</Nm></Cdtr><CdtrAcct><Id><PrtryAcct><Id>23008200464658</Id></PrtryAcct></Id></CdtrAcct><Prtry><Tp>PAULA</Tp><Pty/></Prtry></RltdPties><RmtInf><Strd><AddtlRmtInf>NO REF</AddtlRmtInf></Strd><Strd><AddtlRmtInf>P Auer//PAULA</AddtlRmtInf></Strd></RmtInf><RltdDts><TxDtTm>2018-09-28T14:03:21</TxDtTm></RltdDts><AddtlTxInf>4000000003977879731020180928826116477</AddtlTxInf></TxDtls><AddtlNtryInf>COMPLETE//0000//002//CREDIT</AddtlNtryInf></Ntry><Ntry><Amt Ccy="GBP">20.00</Amt><CdtDbtInd>CRDT</CdtDbtInd><Sts>BOOK</Sts><BookgDt><Dt>2018-09-28</Dt></BookgDt><BkTxCd><Prtry><Cd>SIP UKBA CR 40269</Cd></Prtry></BkTxCd><TxDtls><Refs><EndToEndId>NOREF</EndToEndId><TxId>400000000397788323</TxId></Refs><RltdPties><Dbtr><Nm>R Massey</Nm></Dbtr><DbtrAcct><Id><PrtryAcct><Id>77321917655668</Id></PrtryAcct></Id></DbtrAcct><Cdtr><Nm>MR CLAYTON POWIS</Nm></Cdtr><CdtrAcct><Id><PrtryAcct><Id>23008200023182</Id></PrtryAcct></Id></CdtrAcct></RltdPties><RmtInf><Strd><AddtlRmtInf>NO REF</AddtlRmtInf></Strd><Strd><AddtlRmtInf>R Massey//</AddtlRmtInf></Strd></RmtInf><RltdDts><TxDtTm>2018-09-28T14:04:03</TxDtTm></RltdDts><AddtlTxInf>4000000003977883231020180928826773219</AddtlTxInf></TxDtls><AddtlNtryInf>COMPLETE//0000//002//CREDIT</AddtlNtryInf></Ntry><Ntry><Amt Ccy="GBP">20.00</Amt><CdtDbtInd>CRDT</CdtDbtInd><Sts>BOOK</Sts><BookgDt><Dt>2018-09-28</Dt></BookgDt><BkTxCd><Prtry><Cd>SIP UKBA CR 40269</Cd></Prtry></BkTxCd><TxDtls><Refs><EndToEndId>5574220105211394</EndToEndId><TxId>33140728752343000N</TxId><Prtry><Tp>STO REF</Tp><Ref>0000</Ref></Prtry></Refs><RltdPties><Dbtr><Nm>HAYWOOD Y</Nm></Dbtr><DbtrAcct><Id><PrtryAcct><Id>60171787605929</Id></PrtryAcct></Id></DbtrAcct><Cdtr><Nm>ARRO</Nm></Cdtr><CdtrAcct><Id><PrtryAcct><Id>23008200162339</Id></PrtryAcct></Id></CdtrAcct><Prtry><Tp>5574220105211394</Tp><Pty/></Prtry></RltdPties><RmtInf><Strd><AddtlRmtInf>HAYWOOD Y         5574220105211394  VIA MOBILE - PYMT</AddtlRmtInf></Strd><Strd><AddtlRmtInf>HAYWOOD Y//5574220105211394</AddtlRmtInf></Strd></RmtInf><RltdDts><TxDtTm>2018-09-28T14:07:29</TxDtTm></RltdDts><AddtlTxInf>33140728752343000N1020180928826601717</AddtlTxInf></TxDtls><AddtlNtryInf>COMPLETE//0000//002//CREDIT</AddtlNtryInf></Ntry><Ntry><Amt Ccy="GBP">50.00</Amt><CdtDbtInd>CRDT</CdtDbtInd><Sts>BOOK</Sts><BookgDt><Dt>2018-09-28</Dt></BookgDt><BkTxCd><Prtry><Cd>SIP UKBA CR 40269</Cd></Prtry></BkTxCd><TxDtls><Refs><EndToEndId>NOREF</EndToEndId><TxId>RP4679962516672400</TxId></Refs><RltdPties><Dbtr><Nm>WYETH J+WEST K</Nm></Dbtr><DbtrAcct><Id><PrtryAcct><Id>20841743172457</Id></PrtryAcct></Id></DbtrAcct><Cdtr><Nm>MS KERRY WEST</Nm></Cdtr><CdtrAcct><Id><PrtryAcct><Id>23008200421645</Id></PrtryAcct></Id></CdtrAcct><Prtry><Tp>SHOPPIN</Tp><Pty/></Prtry></RltdPties><RmtInf><Strd><AddtlRmtInf>NO REF</AddtlRmtInf></Strd><Strd><AddtlRmtInf>WYETH J+WEST K//SHOPPIN</AddtlRmtInf></Strd></RmtInf><RltdDts><TxDtTm>2018-09-28T14:09:04</TxDtTm></RltdDts><AddtlTxInf>RP46799625166724001020180928826200026</AddtlTxInf></TxDtls><AddtlNtryInf>COMPLETE//0000//002//CREDIT</AddtlNtryInf></Ntry><Ntry><Amt Ccy="GBP">2000.00</Amt><CdtDbtInd>CRDT</CdtDbtInd><Sts>BOOK</Sts><BookgDt><Dt>2018-09-28</Dt></BookgDt><BkTxCd><Prtry><Cd>SIP UKBA CR 40269</Cd></Prtry></BkTxCd><TxDtls><Refs><EndToEndId>NOREF</EndToEndId><TxId>FP18271O11699771</TxId></Refs><RltdPties><Dbtr><Nm>Clouder Christopher</Nm></Dbtr><DbtrAcct><Id><PrtryAcct><Id>07043600620571</Id></PrtryAcct></Id></DbtrAcct><Cdtr><Nm>DOW AND JONES</Nm></Cdtr><CdtrAcct><Id><PrtryAcct><Id>23008200220459</Id></PrtryAcct></Id></CdtrAcct><Prtry><Tp>CLPUR28</Tp><Pty/></Prtry></RltdPties><RmtInf><Strd><AddtlRmtInf>NO REF</AddtlRmtInf></Strd><Strd><AddtlRmtInf>Clouder Christophe//CLPUR28</AddtlRmtInf></Strd></RmtInf><RltdDts><TxDtTm>2018-09-28T14:11:14</TxDtTm></RltdDts><AddtlTxInf>FP18271O11699771  1020180928826070436</AddtlTxInf></TxDtls><AddtlNtryInf>COMPLETE//0000//002//CREDIT</AddtlNtryInf></Ntry><Ntry><Amt Ccy="GBP">10.00</Amt><CdtDbtInd>CRDT</CdtDbtInd><Sts>BOOK</Sts><BookgDt><Dt>2018-09-28</Dt></BookgDt><BkTxCd><Prtry><Cd>SIP UKBA CR 40269</Cd></Prtry></BkTxCd><TxDtls><Refs><EndToEndId>NOREF</EndToEndId><TxId>69928613114216F4SW</TxId><Prtry><Tp>STO REF</Tp><Ref>0000</Ref></Prtry></Refs><RltdPties><Dbtr><Nm>SKRILL LIMITED</Nm><PstlAdr><AdrLine>LONDON</AdrLine><Ctry/></PstlAdr></Dbtr><DbtrAcct><Id><PrtryAcct><Id>40486563717002</Id></PrtryAcct></Id></DbtrAcct><Cdtr><Nm>VASIL DRAMOV</Nm></Cdtr><CdtrAcct><Id><PrtryAcct><Id>23008200471428</Id></PrtryAcct></Id></CdtrAcct><Prtry><Tp>TRN2498433867</Tp><Pty/></Prtry></RltdPties><RmtInf><Strd><AddtlRmtInf>NO REF</AddtlRmtInf></Strd><Strd><AddtlRmtInf>SKRILL LIMITED//TRN2498433867</AddtlRmtInf></Strd></RmtInf><RltdDts><TxDtTm>2018-09-28T14:11:51</TxDtTm></RltdDts><AddtlTxInf>69928613114216F4SW1020180928826400530</AddtlTxInf></TxDtls><AddtlNtryInf>COMPLETE//0000//002//CREDIT</AddtlNtryInf></Ntry><Ntry><Amt Ccy="GBP">20.00</Amt><CdtDbtInd>CRDT</CdtDbtInd><Sts>BOOK</Sts><BookgDt><Dt>2018-09-28</Dt></BookgDt><BkTxCd><Prtry><Cd>SIP UKBA CR 40269</Cd></Prtry></BkTxCd><TxDtls><Refs><EndToEndId>NOREF</EndToEndId><TxId>86833875114189F5SW</TxId><Prtry><Tp>STO REF</Tp><Ref>0000</Ref></Prtry></Refs><RltdPties><Dbtr><Nm>SKRILL LIMITED</Nm><PstlAdr><AdrLine>LONDON</AdrLine><Ctry/></PstlAdr></Dbtr><DbtrAcct><Id><PrtryAcct><Id>40486563717002</Id></PrtryAcct></Id></DbtrAcct><Cdtr><Nm>RADOSLAVA KOSTURKOVA</Nm></Cdtr><CdtrAcct><Id><PrtryAcct><Id>23008200472879</Id></PrtryAcct></Id></CdtrAcct><Prtry><Tp>TRN2498451654</Tp><Pty/></Prtry></RltdPties><RmtInf><Strd><AddtlRmtInf>NO REF</AddtlRmtInf></Strd><Strd><AddtlRmtInf>SKRILL LIMITED//TRN2498451654</AddtlRmtInf></Strd></RmtInf><RltdDts><TxDtTm>2018-09-28T14:12:03</TxDtTm></RltdDts><AddtlTxInf>86833875114189F5SW1020180928826400530</AddtlTxInf></TxDtls><AddtlNtryInf>COMPLETE//0000//002//CREDIT</AddtlNtryInf></Ntry><Ntry><Amt Ccy="GBP">37.00</Amt><CdtDbtInd>CRDT</CdtDbtInd><Sts>BOOK</Sts><BookgDt><Dt>2018-09-28</Dt></BookgDt><BkTxCd><Prtry><Cd>SIP UKBA CR 40269</Cd></Prtry></BkTxCd><TxDtls><Refs><EndToEndId>NOREF</EndToEndId><TxId>200000000391325594</TxId></Refs><RltdPties><Dbtr><Nm>O Olaleye</Nm></Dbtr><DbtrAcct><Id><PrtryAcct><Id>77130527862868</Id></PrtryAcct></Id></DbtrAcct><Cdtr><Nm>MR DANIEL KEMP</Nm></Cdtr><CdtrAcct><Id><PrtryAcct><Id>23008200472874</Id></PrtryAcct></Id></CdtrAcct><Prtry><Tp>BOOKS</Tp><Pty/></Prtry></RltdPties><RmtInf><Strd><AddtlRmtInf>NO REF</AddtlRmtInf></Strd><Strd><AddtlRmtInf>O Olaleye//BOOKS</AddtlRmtInf></Strd></RmtInf><RltdDts><TxDtTm>2018-09-28T14:12:21</TxDtTm></RltdDts><AddtlTxInf>2000000003913255941020180928826771305</AddtlTxInf></TxDtls><AddtlNtryInf>COMPLETE//0000//002//CREDIT</AddtlNtryInf></Ntry><Ntry><Amt Ccy="GBP">10.00</Amt><CdtDbtInd>CRDT</CdtDbtInd><Sts>BOOK</Sts><BookgDt><Dt>2018-09-28</Dt></BookgDt><BkTxCd><Prtry><Cd>DCA UKBA CR 40269</Cd></Prtry></BkTxCd><TxDtls><Refs><EndToEndId>NOREF</EndToEndId><TxId>000000013697639001</TxId><Prtry><Tp>STO REF</Tp><Ref>0000</Ref></Prtry></Refs><RltdPties><Dbtr><Nm>23327202836539</Nm></Dbtr><DbtrAcct><Id><PrtryAcct><Id>20594263428524</Id></PrtryAcct></Id></DbtrAcct><Cdtr><Nm>ANDREA MEHMETAJ</Nm></Cdtr><CdtrAcct><Id><PrtryAcct><Id>23008200383844</Id></PrtryAcct></Id></CdtrAcct><Prtry><Tp>ANI</Tp><Pty/></Prtry></RltdPties><RmtInf><Strd><AddtlRmtInf>NO REF</AddtlRmtInf></Strd><Strd><AddtlRmtInf>23327202836539//ANI</AddtlRmtInf></Strd></RmtInf><RltdDts><TxDtTm>2018-09-28T14:12:26</TxDtTm></RltdDts><AddtlTxInf>0000000136976390015020180928826205942</AddtlTxInf></TxDtls><AddtlNtryInf>COMPLETE//0000//002//CREDIT</AddtlNtryInf></Ntry><Ntry><Amt Ccy="GBP">20.00</Amt><CdtDbtInd>CRDT</CdtDbtInd><Sts>BOOK</Sts><BookgDt><Dt>2018-09-28</Dt></BookgDt><BkTxCd><Prtry><Cd>SIP UKBA CR 40269</Cd></Prtry></BkTxCd><TxDtls><Refs><EndToEndId>NOREF</EndToEndId><TxId>74637190214201F8SW</TxId><Prtry><Tp>STO REF</Tp><Ref>0000</Ref></Prtry></Refs><RltdPties><Dbtr><Nm>SKRILL LIMITED</Nm><PstlAdr><AdrLine>LONDON</AdrLine><Ctry/></PstlAdr></Dbtr><DbtrAcct><Id><PrtryAcct><Id>40486563717002</Id></PrtryAcct></Id></DbtrAcct><Cdtr><Nm>KATERINA PARVANOVA</Nm></Cdtr><CdtrAcct><Id><PrtryAcct><Id>23008200471526</Id></PrtryAcct></Id></CdtrAcct><Prtry><Tp>TRN2498447506</Tp><Pty/></Prtry></RltdPties><RmtInf><Strd><AddtlRmtInf>NO REF</AddtlRmtInf></Strd><Strd><AddtlRmtInf>SKRILL LIMITED//TRN2498447506</AddtlRmtInf></Strd></RmtInf><RltdDts><TxDtTm>2018-09-28T14:12:27</TxDtTm></RltdDts><AddtlTxInf>74637190214201F8SW1020180928826400530</AddtlTxInf></TxDtls><AddtlNtryInf>COMPLETE//0000//002//CREDIT</AddtlNtryInf></Ntry><Ntry><Amt Ccy="GBP">20.00</Amt><CdtDbtInd>CRDT</CdtDbtInd><Sts>BOOK</Sts><BookgDt><Dt>2018-09-28</Dt></BookgDt><BkTxCd><Prtry><Cd>SIP UKBA CR 40269</Cd></Prtry></BkTxCd><TxDtls><Refs><EndToEndId>NOREF</EndToEndId><TxId>86833875114229F5SW</TxId><Prtry><Tp>STO REF</Tp><Ref>0000</Ref></Prtry></Refs><RltdPties><Dbtr><Nm>SKRILL LIMITED</Nm><PstlAdr><AdrLine>LONDON</AdrLine><Ctry/></PstlAdr></Dbtr><DbtrAcct><Id><PrtryAcct><Id>40486563717002</Id></PrtryAcct></Id></DbtrAcct><Cdtr><Nm>ROSITSA VASILEVA</Nm></Cdtr><CdtrAcct><Id><PrtryAcct><Id>23008200472951</Id></PrtryAcct></Id></CdtrAcct><Prtry><Tp>TRN2498472736</Tp><Pty/></Prtry></RltdPties><RmtInf><Strd><AddtlRmtInf>NO REF</AddtlRmtInf></Strd><Strd><AddtlRmtInf>SKRILL LIMITED//TRN2498472736</AddtlRmtInf></Strd></RmtInf><RltdDts><TxDtTm>2018-09-28T14:12:35</TxDtTm></RltdDts><AddtlTxInf>86833875114229F5SW1020180928826400530</AddtlTxInf></TxDtls><AddtlNtryInf>COMPLETE//0000//002//CREDIT</AddtlNtryInf></Ntry><Ntry><Amt Ccy="GBP">464.50</Amt><CdtDbtInd>CRDT</CdtDbtInd><Sts>BOOK</Sts><BookgDt><Dt>2018-09-28</Dt></BookgDt><BkTxCd><Prtry><Cd>SIP UKBA CR 40269</Cd></Prtry></BkTxCd><TxDtls><Refs><EndToEndId>NOREF</EndToEndId><TxId>541546713141829001</TxId><Prtry><Tp>STO REF</Tp><Ref>0000</Ref></Prtry></Refs><RltdPties><Dbtr><Nm>PROPERTYINSI</Nm></Dbtr><DbtrAcct><Id><PrtryAcct><Id>40402211752456</Id></PrtryAcct></Id></DbtrAcct><Cdtr><Nm>WAYNE COYLE</Nm></Cdtr><CdtrAcct><Id><PrtryAcct><Id>23008200300391</Id></PrtryAcct></Id></CdtrAcct><Prtry><Tp>WAGES EXPENSES CFB</Tp><Pty/></Prtry></RltdPties><RmtInf><Strd><AddtlRmtInf>NO REF</AddtlRmtInf></Strd><Strd><AddtlRmtInf>PROPERTYINSI//WAGES EXPENSES CFB</AddtlRmtInf></Strd></RmtInf><RltdDts><TxDtTm>2018-09-28T14:13:18</TxDtTm></RltdDts><AddtlTxInf>5415467131418290011020180928826404022</AddtlTxInf></TxDtls><AddtlNtryInf>COMPLETE//0000//002//CREDIT</AddtlNtryInf></Ntry><Ntry><Amt Ccy="GBP">10.00</Amt><CdtDbtInd>CRDT</CdtDbtInd><Sts>BOOK</Sts><BookgDt><Dt>2018-09-28</Dt></BookgDt><BkTxCd><Prtry><Cd>SIP UKBA CR 40269</Cd></Prtry></BkTxCd><TxDtls><Refs><EndToEndId>NOREF</EndToEndId><TxId>19284680314209F7SW</TxId><Prtry><Tp>STO REF</Tp><Ref>0000</Ref></Prtry></Refs><RltdPties><Dbtr><Nm>SKRILL LIMITED</Nm><PstlAdr><AdrLine>LONDON</AdrLine><Ctry/></PstlAdr></Dbtr><DbtrAcct><Id><PrtryAcct><Id>40486563717002</Id></PrtryAcct></Id></DbtrAcct><Cdtr><Nm>MILENA ANGELOVA</Nm></Cdtr><CdtrAcct><Id><PrtryAcct><Id>23008200471407</Id></PrtryAcct></Id></CdtrAcct><Prtry><Tp>TRN2498416213</Tp><Pty/></Prtry></RltdPties><RmtInf><Strd><AddtlRmtInf>NO REF</AddtlRmtInf></Strd><Strd><AddtlRmtInf>SKRILL LIMITED//TRN2498416213</AddtlRmtInf></Strd></RmtInf><RltdDts><TxDtTm>2018-09-28T14:13:43</TxDtTm></RltdDts><AddtlTxInf>19284680314209F7SW1020180928826400530</AddtlTxInf></TxDtls><AddtlNtryInf>COMPLETE//0000//002//CREDIT</AddtlNtryInf></Ntry><Ntry><Amt Ccy="GBP">110.00</Amt><CdtDbtInd>CRDT</CdtDbtInd><Sts>BOOK</Sts><BookgDt><Dt>2018-09-28</Dt></BookgDt><BkTxCd><Prtry><Cd>SIP UKBA CR 40269</Cd></Prtry></BkTxCd><TxDtls><Refs><EndToEndId>147992-106</EndToEndId><TxId>01141406023215000N</TxId><Prtry><Tp>STO REF</Tp><Ref>0000</Ref></Prtry></Refs><RltdPties><Dbtr><Nm>VITAL TRANSPORT SO</Nm></Dbtr><DbtrAcct><Id><PrtryAcct><Id>52210018707882</Id></PrtryAcct></Id></DbtrAcct><Cdtr><Nm>TMARSHALL LTD</Nm></Cdtr><CdtrAcct><Id><PrtryAcct><Id>23008200033369</Id></PrtryAcct></Id></CdtrAcct><Prtry><Tp>147992-106</Tp><Pty/></Prtry></RltdPties><RmtInf><Strd><AddtlRmtInf>VITAL TRANSPORT SO147992-106        VIA ONLINE - PYMT</AddtlRmtInf></Strd><Strd><AddtlRmtInf>VITAL TRANSPORT SO//147992-106</AddtlRmtInf></Strd></RmtInf><RltdDts><TxDtTm>2018-09-28T14:14:06</TxDtTm></RltdDts><AddtlTxInf>01141406023215000N1020180928826522100</AddtlTxInf></TxDtls><AddtlNtryInf>COMPLETE//0000//002//CREDIT</AddtlNtryInf></Ntry><Ntry><Amt Ccy="GBP">25.20</Amt><CdtDbtInd>CRDT</CdtDbtInd><Sts>BOOK</Sts><BookgDt><Dt>2018-09-28</Dt></BookgDt><BkTxCd><Prtry><Cd>SIP UKBA CR 40269</Cd></Prtry></BkTxCd><TxDtls><Refs><EndToEndId>NOREF</EndToEndId><TxId>995001815141829001</TxId><Prtry><Tp>STO REF</Tp><Ref>0000</Ref></Prtry></Refs><RltdPties><Dbtr><Nm>Rental Insights</Nm></Dbtr><DbtrAcct><Id><PrtryAcct><Id>40402211753835</Id></PrtryAcct></Id></DbtrAcct><Cdtr><Nm>WAYNE COYLE</Nm></Cdtr><CdtrAcct><Id><PrtryAcct><Id>23008200300391</Id></PrtryAcct></Id></CdtrAcct><Prtry><Tp>WAGES AND EXPENSES</Tp><Pty/></Prtry></RltdPties><RmtInf><Strd><AddtlRmtInf>NO REF</AddtlRmtInf></Strd><Strd><AddtlRmtInf>Rental Insights//WAGES AND EXPENSES</AddtlRmtInf></Strd></RmtInf><RltdDts><TxDtTm>2018-09-28T14:15:18</TxDtTm></RltdDts><AddtlTxInf>9950018151418290011020180928826404022</AddtlTxInf></TxDtls><AddtlNtryInf>COMPLETE//0000//002//CREDIT</AddtlNtryInf></Ntry><Ntry><Amt Ccy="GBP">40.00</Amt><CdtDbtInd>CRDT</CdtDbtInd><Sts>BOOK</Sts><BookgDt><Dt>2018-09-28</Dt></BookgDt><BkTxCd><Prtry><Cd>SIP UKBA CR 40269</Cd></Prtry></BkTxCd><TxDtls><Refs><EndToEndId>NOREF</EndToEndId><TxId>FP18271O11709087</TxId></Refs><RltdPties><Dbtr><Nm>Pochic Maxence</Nm></Dbtr><DbtrAcct><Id><PrtryAcct><Id>07043609073026</Id></PrtryAcct></Id></DbtrAcct><Cdtr><Nm>WORK</Nm></Cdtr><CdtrAcct><Id><PrtryAcct><Id>23008200350338</Id></PrtryAcct></Id></CdtrAcct><Prtry><Tp>WORK</Tp><Pty/></Prtry></RltdPties><RmtInf><Strd><AddtlRmtInf>NO REF</AddtlRmtInf></Strd><Strd><AddtlRmtInf>Pochic Maxence//WORK</AddtlRmtInf></Strd></RmtInf><RltdDts><TxDtTm>2018-09-28T14:17:45</TxDtTm></RltdDts><AddtlTxInf>FP18271O11709087  1020180928826070436</AddtlTxInf></TxDtls><AddtlNtryInf>COMPLETE//0000//002//CREDIT</AddtlNtryInf></Ntry><Ntry><Amt Ccy="GBP">1387.37</Amt><CdtDbtInd>CRDT</CdtDbtInd><Sts>BOOK</Sts><BookgDt><Dt>2018-09-28</Dt></BookgDt><BkTxCd><Prtry><Cd>SIP UKBA CR 40269</Cd></Prtry></BkTxCd><TxDtls><Refs><EndToEndId>AARON SALARY</EndToEndId><TxId>58142154036691000R</TxId><Prtry><Tp>STO REF</Tp><Ref>0000</Ref></Prtry></Refs><RltdPties><Dbtr><Nm>MARQ MILLIONS LTD</Nm></Dbtr><DbtrAcct><Id><PrtryAcct><Id>16001810123776</Id></PrtryAcct></Id></DbtrAcct><Cdtr><Nm>AARON ALLEN - ARRO</Nm></Cdtr><CdtrAcct><Id><PrtryAcct><Id>23008200013807</Id></PrtryAcct></Id></CdtrAcct><Prtry><Tp>AARON SALARY</Tp><Pty/></Prtry></RltdPties><RmtInf><Strd><AddtlRmtInf>MARQ MILLIONS LTD AARON SALARY      VIA ONLINE - PYMT</AddtlRmtInf></Strd><Strd><AddtlRmtInf>MARQ MILLIONS LTD//AARON SALARY</AddtlRmtInf></Strd></RmtInf><RltdDts><TxDtTm>2018-09-28T14:21:54</TxDtTm></RltdDts><AddtlTxInf>58142154036691000R1020180928826160018</AddtlTxInf></TxDtls><AddtlNtryInf>COMPLETE//0000//002//CREDIT</AddtlNtryInf></Ntry><Ntry><Amt Ccy="GBP">1832.51</Amt><CdtDbtInd>CRDT</CdtDbtInd><Sts>BOOK</Sts><BookgDt><Dt>2018-09-28</Dt></BookgDt><BkTxCd><Prtry><Cd>SIP UKBA CR 40269</Cd></Prtry></BkTxCd><TxDtls><Refs><EndToEndId>LOUISE ARRO SALARY</EndToEndId><TxId>19142236008540000R</TxId><Prtry><Tp>STO REF</Tp><Ref>0000</Ref></Prtry></Refs><RltdPties><Dbtr><Nm>MARQ MILLIONS LTD</Nm></Dbtr><DbtrAcct><Id><PrtryAcct><Id>16001810123776</Id></PrtryAcct></Id></DbtrAcct><Cdtr><Nm>LOUISE DIXON</Nm></Cdtr><CdtrAcct><Id><PrtryAcct><Id>23008200134738</Id></PrtryAcct></Id></CdtrAcct><Prtry><Tp>LOUISE ARRO SALARY</Tp><Pty/></Prtry></RltdPties><RmtInf><Strd><AddtlRmtInf>MARQ MILLIONS LTD LOUISE ARRO SALARYVIA ONLINE - PYMT</AddtlRmtInf></Strd><Strd><AddtlRmtInf>MARQ MILLIONS LTD//LOUISE ARRO SALARY</AddtlRmtInf></Strd></RmtInf><RltdDts><TxDtTm>2018-09-28T14:22:36</TxDtTm></RltdDts><AddtlTxInf>19142236008540000R1020180928826160018</AddtlTxInf></TxDtls><AddtlNtryInf>COMPLETE//0000//002//CREDIT</AddtlNtryInf></Ntry><Ntry><Amt Ccy="GBP">1168.64</Amt><CdtDbtInd>CRDT</CdtDbtInd><Sts>BOOK</Sts><BookgDt><Dt>2018-09-28</Dt></BookgDt><BkTxCd><Prtry><Cd>SIP UKBA CR 40269</Cd></Prtry></BkTxCd><TxDtls><Refs><EndToEndId>ARIAN ARRO SALARY</EndToEndId><TxId>33142330246922000R</TxId><Prtry><Tp>STO REF</Tp><Ref>0000</Ref></Prtry></Refs><RltdPties><Dbtr><Nm>MARQ MILLIONS LTD</Nm></Dbtr><DbtrAcct><Id><PrtryAcct><Id>16001810123776</Id></PrtryAcct></Id></DbtrAcct><Cdtr><Nm>ARIAN SADR</Nm></Cdtr><CdtrAcct><Id><PrtryAcct><Id>23008200151624</Id></PrtryAcct></Id></CdtrAcct><Prtry><Tp>ARIAN ARRO SALARY</Tp><Pty/></Prtry></RltdPties><RmtInf><Strd><AddtlRmtInf>MARQ MILLIONS LTD ARIAN ARRO SALARY VIA ONLINE - PYMT</AddtlRmtInf></Strd><Strd><AddtlRmtInf>MARQ MILLIONS LTD//ARIAN ARRO SALARY</AddtlRmtInf></Strd></RmtInf><RltdDts><TxDtTm>2018-09-28T14:23:30</TxDtTm></RltdDts><AddtlTxInf>33142330246922000R1020180928826160018</AddtlTxInf></TxDtls><AddtlNtryInf>COMPLETE//0000//002//CREDIT</AddtlNtryInf></Ntry><Ntry><Amt Ccy="GBP">1374.69</Amt><CdtDbtInd>CRDT</CdtDbtInd><Sts>BOOK</Sts><BookgDt><Dt>2018-09-28</Dt></BookgDt><BkTxCd><Prtry><Cd>SIP UKBA CR 40269</Cd></Prtry></BkTxCd><TxDtls><Refs><EndToEndId>MELISA ARROSALARY</EndToEndId><TxId>22142426339035000R</TxId><Prtry><Tp>STO REF</Tp><Ref>0000</Ref></Prtry></Refs><RltdPties><Dbtr><Nm>MARQ MILLIONS LTD</Nm></Dbtr><DbtrAcct><Id><PrtryAcct><Id>16001810123776</Id></PrtryAcct></Id></DbtrAcct><Cdtr><Nm>MELISA DJUHERIC</Nm></Cdtr><CdtrAcct><Id><PrtryAcct><Id>23008200211443</Id></PrtryAcct></Id></CdtrAcct><Prtry><Tp>MELISA ARROSALARY</Tp><Pty/></Prtry></RltdPties><RmtInf><Strd><AddtlRmtInf>MARQ MILLIONS LTD MELISA ARROSALARY VIA ONLINE - PYMT</AddtlRmtInf></Strd><Strd><AddtlRmtInf>MARQ MILLIONS LTD//MELISA ARROSALARY</AddtlRmtInf></Strd></RmtInf><RltdDts><TxDtTm>2018-09-28T14:24:26</TxDtTm></RltdDts><AddtlTxInf>22142426339035000R1020180928826160018</AddtlTxInf></TxDtls><AddtlNtryInf>COMPLETE//0000//002//CREDIT</AddtlNtryInf></Ntry><Ntry><Amt Ccy="GBP">1277.91</Amt><CdtDbtInd>CRDT</CdtDbtInd><Sts>BOOK</Sts><BookgDt><Dt>2018-09-28</Dt></BookgDt><BkTxCd><Prtry><Cd>SIP UKBA CR 40269</Cd></Prtry></BkTxCd><TxDtls><Refs><EndToEndId>DAN ARRO SALARAY</EndToEndId><TxId>51142544706221000R</TxId><Prtry><Tp>STO REF</Tp><Ref>0000</Ref></Prtry></Refs><RltdPties><Dbtr><Nm>MARQ MILLIONS LTD</Nm></Dbtr><DbtrAcct><Id><PrtryAcct><Id>16001810123776</Id></PrtryAcct></Id></DbtrAcct><Cdtr><Nm>DAN HARRISON</Nm></Cdtr><CdtrAcct><Id><PrtryAcct><Id>23008200316958</Id></PrtryAcct></Id></CdtrAcct><Prtry><Tp>DAN ARRO SALARAY</Tp><Pty/></Prtry></RltdPties><RmtInf><Strd><AddtlRmtInf>MARQ MILLIONS LTD DAN ARRO SALARAY  VIA ONLINE - PYMT</AddtlRmtInf></Strd><Strd><AddtlRmtInf>MARQ MILLIONS LTD//DAN ARRO SALARAY</AddtlRmtInf></Strd></RmtInf><RltdDts><TxDtTm>2018-09-28T14:25:45</TxDtTm></RltdDts><AddtlTxInf>51142544706221000R1020180928826160018</AddtlTxInf></TxDtls><AddtlNtryInf>COMPLETE//0000//002//CREDIT</AddtlNtryInf></Ntry><Ntry><Amt Ccy="GBP">20.00</Amt><CdtDbtInd>CRDT</CdtDbtInd><Sts>BOOK</Sts><BookgDt><Dt>2018-09-28</Dt></BookgDt><BkTxCd><Prtry><Cd>SIP UKBA CR 40269</Cd></Prtry></BkTxCd><TxDtls><Refs><EndToEndId>NOREF</EndToEndId><TxId>180928142555839157</TxId></Refs><RltdPties><Dbtr><Nm>Charlotte Foster</Nm></Dbtr><DbtrAcct><Id><PrtryAcct><Id>30982330184868</Id></PrtryAcct></Id></DbtrAcct><Cdtr><Nm>Mr Marty mitchell</Nm></Cdtr><CdtrAcct><Id><PrtryAcct><Id>23008200389306</Id></PrtryAcct></Id></CdtrAcct></RltdPties><RmtInf><Strd><AddtlRmtInf>NO REF</AddtlRmtInf></Strd><Strd><AddtlRmtInf>Charlotte Foster//</AddtlRmtInf></Strd></RmtInf><RltdDts><TxDtTm>2018-09-28T14:25:53</TxDtTm></RltdDts><AddtlTxInf>1809281425558391571020180928826309823</AddtlTxInf></TxDtls><AddtlNtryInf>COMPLETE//0000//002//CREDIT</AddtlNtryInf></Ntry><Ntry><Amt Ccy="GBP">1375.64</Amt><CdtDbtInd>CRDT</CdtDbtInd><Sts>BOOK</Sts><BookgDt><Dt>2018-09-28</Dt></BookgDt><BkTxCd><Prtry><Cd>SIP UKBA CR 40269</Cd></Prtry></BkTxCd><TxDtls><Refs><EndToEndId>LLOYD ARRO SALARY</EndToEndId><TxId>14142653929113000R</TxId><Prtry><Tp>STO REF</Tp><Ref>0000</Ref></Prtry></Refs><RltdPties><Dbtr><Nm>MARQ MILLIONS LTD</Nm></Dbtr><DbtrAcct><Id><PrtryAcct><Id>16001810123776</Id></PrtryAcct></Id></DbtrAcct><Cdtr><Nm>LLOYD FORSE</Nm></Cdtr><CdtrAcct><Id><PrtryAcct><Id>23008200331640</Id></PrtryAcct></Id></CdtrAcct><Prtry><Tp>LLOYD ARRO SALARY</Tp><Pty/></Prtry></RltdPties><RmtInf><Strd><AddtlRmtInf>MARQ MILLIONS LTD LLOYD ARRO SALARY VIA ONLINE - PYMT</AddtlRmtInf></Strd><Strd><AddtlRmtInf>MARQ MILLIONS LTD//LLOYD ARRO SALARY</AddtlRmtInf></Strd></RmtInf><RltdDts><TxDtTm>2018-09-28T14:26:54</TxDtTm></RltdDts><AddtlTxInf>14142653929113000R1020180928826160018</AddtlTxInf></TxDtls><AddtlNtryInf>COMPLETE//0000//002//CREDIT</AddtlNtryInf></Ntry><Ntry><Amt Ccy="GBP">1102.96</Amt><CdtDbtInd>CRDT</CdtDbtInd><Sts>BOOK</Sts><BookgDt><Dt>2018-09-28</Dt></BookgDt><BkTxCd><Prtry><Cd>SIP UKBA CR 40269</Cd></Prtry></BkTxCd><TxDtls><Refs><EndToEndId>DANISH ARRO SALARY</EndToEndId><TxId>23142743207276000R</TxId><Prtry><Tp>STO REF</Tp><Ref>0000</Ref></Prtry></Refs><RltdPties><Dbtr><Nm>MARQ MILLIONS LTD</Nm></Dbtr><DbtrAcct><Id><PrtryAcct><Id>16001810123776</Id></PrtryAcct></Id></DbtrAcct><Cdtr><Nm>DANISH TAHIR</Nm></Cdtr><CdtrAcct><Id><PrtryAcct><Id>23008200336137</Id></PrtryAcct></Id></CdtrAcct><Prtry><Tp>DANISH ARRO SALARY</Tp><Pty/></Prtry></RltdPties><RmtInf><Strd><AddtlRmtInf>MARQ MILLIONS LTD DANISH ARRO SALARYVIA ONLINE - PYMT</AddtlRmtInf></Strd><Strd><AddtlRmtInf>MARQ MILLIONS LTD//DANISH ARRO SALARY</AddtlRmtInf></Strd></RmtInf><RltdDts><TxDtTm>2018-09-28T14:27:43</TxDtTm></RltdDts><AddtlTxInf>23142743207276000R1020180928826160018</AddtlTxInf></TxDtls><AddtlNtryInf>COMPLETE//0000//002//CREDIT</AddtlNtryInf></Ntry></Ntfctn></BkToCstmrDbtCdtNtfctnV01></Document>