<?xml version="1.0" encoding="UTF-8"?><Document xmlns:xsi="http://www.w3.org/2001/XMLSchema-instance" xmlns="urn:iso:std:iso:20022:tech:xsd:camt.054.001.01"><BkToCstmrDbtCdtNtfctnV01><GrpHdr><MsgId>80309K//12633</MsgId><CreDtTm>2018-09-09T16:30:00</CreDtTm></GrpHdr><Ntfctn><Id>80309K//12633//1</Id><CreDtTm>2018-09-09T16:30:00</CreDtTm><Acct><Id><PrtryAcct><Id>20594233939774</Id></PrtryAcct></Id><Ccy>GBP</Ccy></Acct><TxsSummry><TtlNtries><NbOfNtries>5</NbOfNtries><Sum>10791.22</Sum></TtlNtries><TtlCdtNtries><NbOfNtries>5</NbOfNtries><Sum>10791.22</Sum></TtlCdtNtries><TtlDbtNtries><NbOfNtries>0</NbOfNtries><Sum>0.00</Sum></TtlDbtNtries></TxsSummry><Ntry><Amt Ccy="GBP">21.21</Amt><CdtDbtInd>CRDT</CdtDbtInd><Sts>BOOK</Sts><BookgDt><Dt>2018-09-10</Dt></BookgDt><BkTxCd><Prtry><Cd>SIP UKBA CR 40269</Cd></Prtry></BkTxCd><TxDtls><Refs><EndToEndId>PPWD00000000ALZLGO</EndToEndId><TxId>PPWD00000000ALZLGO</TxId></Refs><RltdPties><Dbtr><Nm>PayPal</Nm><PstlAdr><AdrLine>2211 N 1st Street San Jose CA 95131</AdrLine><Ctry/></PstlAdr></Dbtr><DbtrAcct><Id><PrtryAcct><Id>23526278959595</Id></PrtryAcct></Id></DbtrAcct><Cdtr><Nm>Ola Akingbogun</Nm><PstlAdr><AdrLine>York Road</AdrLine><Ctry/></PstlAdr></Cdtr><CdtrAcct><Id><PrtryAcct><Id>23008200294917</Id></PrtryAcct></Id></CdtrAcct><Prtry><Tp>PPWDL488J2AKX3UFDU</Tp><Pty/></Prtry></RltdPties><RmtInf><Strd><RfrdDocInf><RfrdDocTp><Prtry>002</Prtry></RfrdDocTp></RfrdDocInf><AddtlRmtInf>NO REF</AddtlRmtInf></Strd><Strd><AddtlRmtInf>PayPal//PPWDL488J2AKX3UFDU</AddtlRmtInf></Strd></RmtInf><RltdDts><TxDtTm>2018-09-09T16:02:53</TxDtTm></RltdDts><AddtlTxInf>PPWD00000000ALZLGO1020180909826235262</AddtlTxInf></TxDtls><AddtlNtryInf>COMPLETE//0000//003//CREDIT</AddtlNtryInf></Ntry><Ntry><Amt Ccy="GBP">0.01</Amt><CdtDbtInd>CRDT</CdtDbtInd><Sts>BOOK</Sts><BookgDt><Dt>2018-09-10</Dt></BookgDt><BkTxCd><Prtry><Cd>SIP UKBA CR 40269</Cd></Prtry></BkTxCd><TxDtls><Refs><EndToEndId>PPRD00000000ALZNT2</EndToEndId><TxId>PPRD00000000ALZNT2</TxId></Refs><RltdPties><Dbtr><Nm>PAYPAL CODE 5009</Nm><PstlAdr><AdrLine>2211 N 1st Street San Jose CA 95131</AdrLine><Ctry/></PstlAdr></Dbtr><DbtrAcct><Id><PrtryAcct><Id>23526285010101</Id></PrtryAcct></Id></DbtrAcct><Cdtr><Nm>Hugh Whyte</Nm><PstlAdr><AdrLine>22 Gallowgate</AdrLine><Ctry/></PstlAdr></Cdtr><CdtrAcct><Id><PrtryAcct><Id>23008200436491</Id></PrtryAcct></Id></CdtrAcct><Prtry><Tp>PAYPAL CODE 5009</Tp><Pty/></Prtry></RltdPties><RmtInf><Strd><RfrdDocInf><RfrdDocTp><Prtry>002</Prtry></RfrdDocTp></RfrdDocInf><AddtlRmtInf>NO REF</AddtlRmtInf></Strd><Strd><AddtlRmtInf>PAYPAL CODE 5009//PAYPAL CODE 5009</AddtlRmtInf></Strd></RmtInf><RltdDts><TxDtTm>2018-09-09T16:12:06</TxDtTm></RltdDts><AddtlTxInf>PPRD00000000ALZNT21020180909826235262</AddtlTxInf></TxDtls><AddtlNtryInf>COMPLETE//0000//003//CREDIT</AddtlNtryInf></Ntry><Ntry><Amt Ccy="GBP">3600.00</Amt><CdtDbtInd>CRDT</CdtDbtInd><Sts>BOOK</Sts><BookgDt><Dt>2018-09-10</Dt></BookgDt><BkTxCd><Prtry><Cd>SIP UKBA CR 40269</Cd></Prtry></BkTxCd><TxDtls><Refs><EndToEndId>NOREF</EndToEndId><TxId>RP4679960993962600</TxId></Refs><RltdPties><Dbtr><Nm>TRADE QUEEN T/AS</Nm></Dbtr><DbtrAcct><Id><PrtryAcct><Id>20415013976432</Id></PrtryAcct></Id></DbtrAcct><Cdtr><Nm>MARTIN DEEN</Nm></Cdtr><CdtrAcct><Id><PrtryAcct><Id>23008200237869</Id></PrtryAcct></Id></CdtrAcct><Prtry><Tp>MARTIN DEEN ARROW</Tp><Pty/></Prtry></RltdPties><RmtInf><Strd><AddtlRmtInf>NO REF</AddtlRmtInf></Strd><Strd><AddtlRmtInf>TRADE QUEEN T/AS//MARTIN DEEN ARROW</AddtlRmtInf></Strd></RmtInf><RltdDts><TxDtTm>2018-09-09T16:13:00</TxDtTm></RltdDts><AddtlTxInf>RP46799609939626001020180909826200026</AddtlTxInf></TxDtls><AddtlNtryInf>COMPLETE//0000//003//CREDIT</AddtlNtryInf></Ntry><Ntry><Amt Ccy="GBP">3550.00</Amt><CdtDbtInd>CRDT</CdtDbtInd><Sts>BOOK</Sts><BookgDt><Dt>2018-09-10</Dt></BookgDt><BkTxCd><Prtry><Cd>SIP UKBA CR 40269</Cd></Prtry></BkTxCd><TxDtls><Refs><EndToEndId>NOREF</EndToEndId><TxId>RP4679960994018700</TxId></Refs><RltdPties><Dbtr><Nm>TRADE QUEEN T/AS</Nm></Dbtr><DbtrAcct><Id><PrtryAcct><Id>20415013976432</Id></PrtryAcct></Id></DbtrAcct><Cdtr><Nm>G C SERVICE</Nm></Cdtr><CdtrAcct><Id><PrtryAcct><Id>23008200035423</Id></PrtryAcct></Id></CdtrAcct><Prtry><Tp>G C SERVICE</Tp><Pty/></Prtry></RltdPties><RmtInf><Strd><AddtlRmtInf>NO REF</AddtlRmtInf></Strd><Strd><AddtlRmtInf>TRADE QUEEN T/AS//G C SERVICE</AddtlRmtInf></Strd></RmtInf><RltdDts><TxDtTm>2018-09-09T16:14:02</TxDtTm></RltdDts><AddtlTxInf>RP46799609940187001020180909826200026</AddtlTxInf></TxDtls><AddtlNtryInf>COMPLETE//0000//003//CREDIT</AddtlNtryInf></Ntry><Ntry><Amt Ccy="GBP">3620.00</Amt><CdtDbtInd>CRDT</CdtDbtInd><Sts>BOOK</Sts><BookgDt><Dt>2018-09-10</Dt></BookgDt><BkTxCd><Prtry><Cd>SIP UKBA CR 40269</Cd></Prtry></BkTxCd><TxDtls><Refs><EndToEndId>NOREF</EndToEndId><TxId>RP4679960994088300</TxId></Refs><RltdPties><Dbtr><Nm>TRADE QUEEN T/AS</Nm></Dbtr><DbtrAcct><Id><PrtryAcct><Id>20415013976432</Id></PrtryAcct></Id></DbtrAcct><Cdtr><Nm>PAS FLEETS</Nm></Cdtr><CdtrAcct><Id><PrtryAcct><Id>23008200034376</Id></PrtryAcct></Id></CdtrAcct><Prtry><Tp>PAS FLEETS ARROW</Tp><Pty/></Prtry></RltdPties><RmtInf><Strd><AddtlRmtInf>NO REF</AddtlRmtInf></Strd><Strd><AddtlRmtInf>TRADE QUEEN T/AS//PAS FLEETS ARROW</AddtlRmtInf></Strd></RmtInf><RltdDts><TxDtTm>2018-09-09T16:15:26</TxDtTm></RltdDts><AddtlTxInf>RP46799609940883001020180909826200026</AddtlTxInf></TxDtls><AddtlNtryInf>COMPLETE//0000//003//CREDIT</AddtlNtryInf></Ntry></Ntfctn></BkToCstmrDbtCdtNtfctnV01></Document>