<?xml version="1.0" encoding="UTF-8"?><Document xmlns:xsi="http://www.w3.org/2001/XMLSchema-instance" xmlns="urn:iso:std:iso:20022:tech:xsd:camt.054.001.01"><BkToCstmrDbtCdtNtfctnV01><GrpHdr><MsgId>80309K//13438</MsgId><CreDtTm>2018-09-28T08:30:00</CreDtTm></GrpHdr><Ntfctn><Id>80309K//13438//1</Id><CreDtTm>2018-09-28T08:30:00</CreDtTm><Acct><Id><PrtryAcct><Id>20594233939774</Id></PrtryAcct></Id><Ccy>GBP</Ccy></Acct><TxsSummry><TtlNtries><NbOfNtries>6</NbOfNtries><Sum>1022.00</Sum></TtlNtries><TtlCdtNtries><NbOfNtries>6</NbOfNtries><Sum>1022.00</Sum></TtlCdtNtries><TtlDbtNtries><NbOfNtries>0</NbOfNtries><Sum>0.00</Sum></TtlDbtNtries></TxsSummry><Ntry><Amt Ccy="GBP">800.00</Amt><CdtDbtInd>CRDT</CdtDbtInd><Sts>BOOK</Sts><BookgDt><Dt>2018-09-28</Dt></BookgDt><BkTxCd><Prtry><Cd>SIP UKBA CR 40269</Cd></Prtry></BkTxCd><TxDtls><Refs><EndToEndId>RENT</EndToEndId><TxId>30080548303676000N</TxId><Prtry><Tp>STO REF</Tp><Ref>0000</Ref></Prtry></Refs><RltdPties><Dbtr><Nm>ZAMORE CL</Nm></Dbtr><DbtrAcct><Id><PrtryAcct><Id>60033681148259</Id></PrtryAcct></Id></DbtrAcct><Cdtr><Nm>FESTUS MANSARAY</Nm></Cdtr><CdtrAcct><Id><PrtryAcct><Id>23008200043882</Id></PrtryAcct></Id></CdtrAcct><Prtry><Tp>RENT</Tp><Pty/></Prtry></RltdPties><RmtInf><Strd><AddtlRmtInf>ZAMORE CL         RENT              VIA MOBILE - PYMT</AddtlRmtInf></Strd><Strd><AddtlRmtInf>ZAMORE CL//RENT</AddtlRmtInf></Strd></RmtInf><RltdDts><TxDtTm>2018-09-28T08:05:48</TxDtTm></RltdDts><AddtlTxInf>30080548303676000N1020180928826600336</AddtlTxInf></TxDtls><AddtlNtryInf>COMPLETE//0000//001//CREDIT</AddtlNtryInf></Ntry><Ntry><Amt Ccy="GBP">21.00</Amt><CdtDbtInd>CRDT</CdtDbtInd><Sts>BOOK</Sts><BookgDt><Dt>2018-09-28</Dt></BookgDt><BkTxCd><Prtry><Cd>SIP UKBA CR 40269</Cd></Prtry></BkTxCd><TxDtls><Refs><EndToEndId>NOREF</EndToEndId><TxId>300000000396429823</TxId></Refs><RltdPties><Dbtr><Nm>A Kamboj</Nm></Dbtr><DbtrAcct><Id><PrtryAcct><Id>80471201045440</Id></PrtryAcct></Id></DbtrAcct><Cdtr><Nm>ANN</Nm></Cdtr><CdtrAcct><Id><PrtryAcct><Id>23008200249240</Id></PrtryAcct></Id></CdtrAcct><Prtry><Tp>GY</Tp><Pty/></Prtry></RltdPties><RmtInf><Strd><AddtlRmtInf>NO REF</AddtlRmtInf></Strd><Strd><AddtlRmtInf>A Kamboj//GY</AddtlRmtInf></Strd></RmtInf><RltdDts><TxDtTm>2018-09-28T08:09:47</TxDtTm></RltdDts><AddtlTxInf>3000000003964298231020180928826804712</AddtlTxInf></TxDtls><AddtlNtryInf>COMPLETE//0000//001//CREDIT</AddtlNtryInf></Ntry><Ntry><Amt Ccy="GBP">72.00</Amt><CdtDbtInd>CRDT</CdtDbtInd><Sts>BOOK</Sts><BookgDt><Dt>2018-09-28</Dt></BookgDt><BkTxCd><Prtry><Cd>SIP UKBA CR 40269</Cd></Prtry></BkTxCd><TxDtls><Refs><EndToEndId>NOREF</EndToEndId><TxId>600000000392499385</TxId></Refs><RltdPties><Dbtr><Nm>S Santos Ravara</Nm></Dbtr><DbtrAcct><Id><PrtryAcct><Id>11057512204564</Id></PrtryAcct></Id></DbtrAcct><Cdtr><Nm>MR EMMANUEL OJOMO</Nm></Cdtr><CdtrAcct><Id><PrtryAcct><Id>23008200433402</Id></PrtryAcct></Id></CdtrAcct><Prtry><Tp>Q science</Tp><Pty/></Prtry></RltdPties><RmtInf><Strd><AddtlRmtInf>NO REF</AddtlRmtInf></Strd><Strd><AddtlRmtInf>S Santos Ravara//Q science</AddtlRmtInf></Strd></RmtInf><RltdDts><TxDtTm>2018-09-28T08:12:58</TxDtTm></RltdDts><AddtlTxInf>6000000003924993851020180928826110575</AddtlTxInf></TxDtls><AddtlNtryInf>COMPLETE//0000//001//CREDIT</AddtlNtryInf></Ntry><Ntry><Amt Ccy="GBP">100.00</Amt><CdtDbtInd>CRDT</CdtDbtInd><Sts>BOOK</Sts><BookgDt><Dt>2018-09-28</Dt></BookgDt><BkTxCd><Prtry><Cd>SIP UKBA CR 40269</Cd></Prtry></BkTxCd><TxDtls><Refs><EndToEndId>NOREF</EndToEndId><TxId>RP4679962458297500</TxId></Refs><RltdPties><Dbtr><Nm>SALFARLIE J A M</Nm></Dbtr><DbtrAcct><Id><PrtryAcct><Id>20057453080919</Id></PrtryAcct></Id></DbtrAcct><Cdtr><Nm>ARRO</Nm></Cdtr><CdtrAcct><Id><PrtryAcct><Id>23008200337123</Id></PrtryAcct></Id></CdtrAcct><Prtry><Tp>5574220190111848</Tp><Pty/></Prtry></RltdPties><RmtInf><Strd><AddtlRmtInf>NO REF</AddtlRmtInf></Strd><Strd><AddtlRmtInf>SALFARLIE J A M//5574220190111848</AddtlRmtInf></Strd></RmtInf><RltdDts><TxDtTm>2018-09-28T08:14:26</TxDtTm></RltdDts><AddtlTxInf>RP46799624582975001020180928826200026</AddtlTxInf></TxDtls><AddtlNtryInf>COMPLETE//0000//001//CREDIT</AddtlNtryInf></Ntry><Ntry><Amt Ccy="GBP">20.00</Amt><CdtDbtInd>CRDT</CdtDbtInd><Sts>BOOK</Sts><BookgDt><Dt>2018-09-28</Dt></BookgDt><BkTxCd><Prtry><Cd>SIP UKBA CR 40269</Cd></Prtry></BkTxCd><TxDtls><Refs><EndToEndId>00157771632BBKJWZK</EndToEndId><TxId>00157771632BBKJWZK</TxId></Refs><RltdPties><Dbtr><Nm>JAMIE GREER</Nm></Dbtr><DbtrAcct><Id><PrtryAcct><Id>09012803089902</Id></PrtryAcct></Id></DbtrAcct><Cdtr><Nm>S HOLMES</Nm></Cdtr><CdtrAcct><Id><PrtryAcct><Id>23008200319008</Id></PrtryAcct></Id></CdtrAcct><Prtry><Tp>Jamie</Tp><Pty/></Prtry></RltdPties><RmtInf><Strd><AddtlRmtInf>NO REF</AddtlRmtInf></Strd><Strd><AddtlRmtInf>JAMIE GREER//Jamie</AddtlRmtInf></Strd></RmtInf><RltdDts><TxDtTm>2018-09-28T08:17:47</TxDtTm></RltdDts><AddtlTxInf>00157771632BBKJWZK1020180928826090128</AddtlTxInf></TxDtls><AddtlNtryInf>COMPLETE//0000//001//CREDIT</AddtlNtryInf></Ntry><Ntry><Amt Ccy="GBP">9.00</Amt><CdtDbtInd>CRDT</CdtDbtInd><Sts>BOOK</Sts><BookgDt><Dt>2018-09-28</Dt></BookgDt><BkTxCd><Prtry><Cd>SIP UKBA CR 40269</Cd></Prtry></BkTxCd><TxDtls><Refs><EndToEndId>NOREF</EndToEndId><TxId>200000000391119941</TxId></Refs><RltdPties><Dbtr><Nm>B Sharkey</Nm></Dbtr><DbtrAcct><Id><PrtryAcct><Id>11069612002160</Id></PrtryAcct></Id></DbtrAcct><Cdtr><Nm>LAUREN SHARKEY</Nm></Cdtr><CdtrAcct><Id><PrtryAcct><Id>23008200372211</Id></PrtryAcct></Id></CdtrAcct><Prtry><Tp>MONEY</Tp><Pty/></Prtry></RltdPties><RmtInf><Strd><AddtlRmtInf>NO REF</AddtlRmtInf></Strd><Strd><AddtlRmtInf>B Sharkey//MONEY</AddtlRmtInf></Strd></RmtInf><RltdDts><TxDtTm>2018-09-28T08:19:18</TxDtTm></RltdDts><AddtlTxInf>2000000003911199411020180928826110696</AddtlTxInf></TxDtls><AddtlNtryInf>COMPLETE//0000//001//CREDIT</AddtlNtryInf></Ntry></Ntfctn></BkToCstmrDbtCdtNtfctnV01></Document>