<?xml version="1.0" encoding="UTF-8"?><Document xmlns:xsi="http://www.w3.org/2001/XMLSchema-instance" xmlns="urn:iso:std:iso:20022:tech:xsd:camt.054.001.01"><BkToCstmrDbtCdtNtfctnV01><GrpHdr><MsgId>80309K//13354</MsgId><CreDtTm>2018-09-26T12:30:00</CreDtTm></GrpHdr><Ntfctn><Id>80309K//13354//1</Id><CreDtTm>2018-09-26T12:30:00</CreDtTm><Acct><Id><PrtryAcct><Id>20594233939774</Id></PrtryAcct></Id><Ccy>GBP</Ccy></Acct><TxsSummry><TtlNtries><NbOfNtries>15</NbOfNtries><Sum>4027.67</Sum></TtlNtries><TtlCdtNtries><NbOfNtries>15</NbOfNtries><Sum>4027.67</Sum></TtlCdtNtries><TtlDbtNtries><NbOfNtries>0</NbOfNtries><Sum>0.00</Sum></TtlDbtNtries></TxsSummry><Ntry><Amt Ccy="GBP">589.00</Amt><CdtDbtInd>CRDT</CdtDbtInd><Sts>BOOK</Sts><BookgDt><Dt>2018-09-26</Dt></BookgDt><BkTxCd><Prtry><Cd>SIP UKBA CR 40269</Cd></Prtry></BkTxCd><TxDtls><Refs><EndToEndId>NOREF</EndToEndId><TxId>946591750021629001</TxId><Prtry><Tp>STO REF</Tp><Ref>0000</Ref></Prtry></Refs><RltdPties><Dbtr><Nm>NDUGGA J T</Nm></Dbtr><DbtrAcct><Id><PrtryAcct><Id>40083212155087</Id></PrtryAcct></Id></DbtrAcct><Cdtr><Nm>Arro bank</Nm></Cdtr><CdtrAcct><Id><PrtryAcct><Id>23008200466399</Id></PrtryAcct></Id></CdtrAcct><Prtry><Tp>John Teefe Ndugga</Tp><Pty/></Prtry></RltdPties><RmtInf><Strd><AddtlRmtInf>NO REF</AddtlRmtInf></Strd><Strd><AddtlRmtInf>NDUGGA J T//John Teefe Ndugga</AddtlRmtInf></Strd></RmtInf><RltdDts><TxDtTm>2018-09-26T12:00:57</TxDtTm></RltdDts><AddtlTxInf>9465917500216290011020180926826400832</AddtlTxInf></TxDtls><AddtlNtryInf>COMPLETE//0000//001//CREDIT</AddtlNtryInf></Ntry><Ntry><Amt Ccy="GBP">100.00</Amt><CdtDbtInd>CRDT</CdtDbtInd><Sts>BOOK</Sts><BookgDt><Dt>2018-09-26</Dt></BookgDt><BkTxCd><Prtry><Cd>SIP UKBA CR 40269</Cd></Prtry></BkTxCd><TxDtls><Refs><EndToEndId>NOREF</EndToEndId><TxId>27120126008151000N</TxId><Prtry><Tp>STO REF</Tp><Ref>0000</Ref></Prtry></Refs><RltdPties><Dbtr><Nm>ANYDAY LIMITED</Nm><PstlAdr><AdrLine>APS COTTONS CENTRE SE1 2QG</AdrLine><Ctry/></PstlAdr></Dbtr><DbtrAcct><Id><PrtryAcct><Id>08719987713713</Id></PrtryAcct></Id></DbtrAcct><Cdtr><Nm>KRISTIAN NASH</Nm></Cdtr><CdtrAcct><Id><PrtryAcct><Id>23008200447267</Id></PrtryAcct></Id></CdtrAcct><Prtry><Tp>WAGES</Tp><Pty/></Prtry></RltdPties><RmtInf><Strd><AddtlRmtInf>WAGES</AddtlRmtInf></Strd><Strd><AddtlRmtInf>ANYDAY LIMITED//WAGES</AddtlRmtInf></Strd></RmtInf><RltdDts><TxDtTm>2018-09-26T12:01:26</TxDtTm></RltdDts><AddtlTxInf>27120126008151000N1020180926826087199</AddtlTxInf></TxDtls><AddtlNtryInf>COMPLETE//0000//001//CREDIT</AddtlNtryInf></Ntry><Ntry><Amt Ccy="GBP">30.00</Amt><CdtDbtInd>CRDT</CdtDbtInd><Sts>BOOK</Sts><BookgDt><Dt>2018-09-26</Dt></BookgDt><BkTxCd><Prtry><Cd>SIP UKBA CR 40269</Cd></Prtry></BkTxCd><TxDtls><Refs><EndToEndId>PPWD00000000AQA6XY</EndToEndId><TxId>PPWD00000000AQA6XY</TxId></Refs><RltdPties><Dbtr><Nm>PayPal</Nm><PstlAdr><AdrLine>2211 N 1st Street San Jose CA 95131</AdrLine><Ctry/></PstlAdr></Dbtr><DbtrAcct><Id><PrtryAcct><Id>23526278959595</Id></PrtryAcct></Id></DbtrAcct><Cdtr><Nm>Thomas Carroll</Nm><PstlAdr><AdrLine>47 Fairby Road</AdrLine><Ctry/></PstlAdr></Cdtr><CdtrAcct><Id><PrtryAcct><Id>23008200467822</Id></PrtryAcct></Id></CdtrAcct><Prtry><Tp>PPWDL4UXJ2ALDCXJ3L</Tp><Pty/></Prtry></RltdPties><RmtInf><Strd><RfrdDocInf><RfrdDocTp><Prtry>002</Prtry></RfrdDocTp></RfrdDocInf><AddtlRmtInf>NO REF</AddtlRmtInf></Strd><Strd><AddtlRmtInf>PayPal//PPWDL4UXJ2ALDCXJ3L</AddtlRmtInf></Strd></RmtInf><RltdDts><TxDtTm>2018-09-26T12:02:05</TxDtTm></RltdDts><AddtlTxInf>PPWD00000000AQA6XY1020180926826235262</AddtlTxInf></TxDtls><AddtlNtryInf>COMPLETE//0000//001//CREDIT</AddtlNtryInf></Ntry><Ntry><Amt Ccy="GBP">1267.65</Amt><CdtDbtInd>CRDT</CdtDbtInd><Sts>BOOK</Sts><BookgDt><Dt>2018-09-26</Dt></BookgDt><BkTxCd><Prtry><Cd>SIP UKBA CR 40269</Cd></Prtry></BkTxCd><TxDtls><Refs><EndToEndId>NOREF</EndToEndId><TxId>180926120516756050</TxId></Refs><RltdPties><Dbtr><Nm>James McMillan</Nm></Dbtr><DbtrAcct><Id><PrtryAcct><Id>87374279116168</Id></PrtryAcct></Id></DbtrAcct><Cdtr><Nm>a parkes</Nm></Cdtr><CdtrAcct><Id><PrtryAcct><Id>23008200467946</Id></PrtryAcct></Id></CdtrAcct><Prtry><Tp>reference build</Tp><Pty/></Prtry></RltdPties><RmtInf><Strd><AddtlRmtInf>NO REF</AddtlRmtInf></Strd><Strd><AddtlRmtInf>James McMillan//reference build</AddtlRmtInf></Strd></RmtInf><RltdDts><TxDtTm>2018-09-26T12:05:14</TxDtTm></RltdDts><AddtlTxInf>1809261205167560501020180926826873742</AddtlTxInf></TxDtls><AddtlNtryInf>COMPLETE//0000//001//CREDIT</AddtlNtryInf></Ntry><Ntry><Amt Ccy="GBP">0.01</Amt><CdtDbtInd>CRDT</CdtDbtInd><Sts>BOOK</Sts><BookgDt><Dt>2018-09-26</Dt></BookgDt><BkTxCd><Prtry><Cd>SIP UKBA CR 40269</Cd></Prtry></BkTxCd><TxDtls><Refs><EndToEndId>PPRD00000000AQA8GQ</EndToEndId><TxId>PPRD00000000AQA8GQ</TxId></Refs><RltdPties><Dbtr><Nm>PAYPAL CODE 1667</Nm><PstlAdr><AdrLine>2211 N 1st Street San Jose CA 95131</AdrLine><Ctry/></PstlAdr></Dbtr><DbtrAcct><Id><PrtryAcct><Id>23526285010101</Id></PrtryAcct></Id></DbtrAcct><Cdtr><Nm>Colin Merrells</Nm><PstlAdr><AdrLine>29 Laburnum Road</AdrLine><Ctry/></PstlAdr></Cdtr><CdtrAcct><Id><PrtryAcct><Id>23008200467880</Id></PrtryAcct></Id></CdtrAcct><Prtry><Tp>PAYPAL CODE 1667</Tp><Pty/></Prtry></RltdPties><RmtInf><Strd><RfrdDocInf><RfrdDocTp><Prtry>002</Prtry></RfrdDocTp></RfrdDocInf><AddtlRmtInf>NO REF</AddtlRmtInf></Strd><Strd><AddtlRmtInf>PAYPAL CODE 1667//PAYPAL CODE 1667</AddtlRmtInf></Strd></RmtInf><RltdDts><TxDtTm>2018-09-26T12:06:32</TxDtTm></RltdDts><AddtlTxInf>PPRD00000000AQA8GQ1020180926826235262</AddtlTxInf></TxDtls><AddtlNtryInf>COMPLETE//0000//001//CREDIT</AddtlNtryInf></Ntry><Ntry><Amt Ccy="GBP">12.00</Amt><CdtDbtInd>CRDT</CdtDbtInd><Sts>BOOK</Sts><BookgDt><Dt>2018-09-26</Dt></BookgDt><BkTxCd><Prtry><Cd>SIP UKBA CR 40269</Cd></Prtry></BkTxCd><TxDtls><Refs><EndToEndId>NOREF</EndToEndId><TxId>FP18269O08853723</TxId></Refs><RltdPties><Dbtr><Nm>Pricop Iulian</Nm></Dbtr><DbtrAcct><Id><PrtryAcct><Id>07043642327998</Id></PrtryAcct></Id></DbtrAcct><Cdtr><Nm>S C LDT</Nm></Cdtr><CdtrAcct><Id><PrtryAcct><Id>23008200035486</Id></PrtryAcct></Id></CdtrAcct><Prtry><Tp>PAYMENT</Tp><Pty/></Prtry></RltdPties><RmtInf><Strd><AddtlRmtInf>NO REF</AddtlRmtInf></Strd><Strd><AddtlRmtInf>Pricop Iulian//PAYMENT</AddtlRmtInf></Strd></RmtInf><RltdDts><TxDtTm>2018-09-26T12:06:37</TxDtTm></RltdDts><AddtlTxInf>FP18269O08853723  1020180926826070436</AddtlTxInf></TxDtls><AddtlNtryInf>COMPLETE//0000//001//CREDIT</AddtlNtryInf></Ntry><Ntry><Amt Ccy="GBP">30.00</Amt><CdtDbtInd>CRDT</CdtDbtInd><Sts>BOOK</Sts><BookgDt><Dt>2018-09-26</Dt></BookgDt><BkTxCd><Prtry><Cd>SIP UKBA CR 40269</Cd></Prtry></BkTxCd><TxDtls><Refs><EndToEndId>NOREF</EndToEndId><TxId>000000000128537047</TxId></Refs><RltdPties><Dbtr><Nm>MR L A NEED</Nm></Dbtr><DbtrAcct><Id><PrtryAcct><Id>08910314185050</Id></PrtryAcct></Id></DbtrAcct><Cdtr><Nm>MR L NEED SAVING</Nm></Cdtr><CdtrAcct><Id><PrtryAcct><Id>23008200338418</Id></PrtryAcct></Id></CdtrAcct></RltdPties><RmtInf><Strd><AddtlRmtInf>NO REF</AddtlRmtInf></Strd><Strd><AddtlRmtInf>MR L A NEED//</AddtlRmtInf></Strd></RmtInf><RltdDts><TxDtTm>2018-09-26T12:07:42</TxDtTm></RltdDts><AddtlTxInf>0000000001285370471020180926826089103</AddtlTxInf></TxDtls><AddtlNtryInf>COMPLETE//0000//001//CREDIT</AddtlNtryInf></Ntry><Ntry><Amt Ccy="GBP">120.00</Amt><CdtDbtInd>CRDT</CdtDbtInd><Sts>BOOK</Sts><BookgDt><Dt>2018-09-26</Dt></BookgDt><BkTxCd><Prtry><Cd>SIP UKBA CR 40269</Cd></Prtry></BkTxCd><TxDtls><Refs><EndToEndId>NOREF</EndToEndId><TxId>76864160802167F6SW</TxId><Prtry><Tp>STO REF</Tp><Ref>0000</Ref></Prtry></Refs><RltdPties><Dbtr><Nm>MR CARL DAVENPORT</Nm><PstlAdr><AdrLine>17 MELROSE CLOSE;MANCHESTER;LANCA;</AdrLine><AdrLine>SHIRE                  M45 8XZ</AdrLine><Ctry/></PstlAdr></Dbtr><DbtrAcct><Id><PrtryAcct><Id>40642010690645</Id></PrtryAcct></Id></DbtrAcct><Cdtr><Nm>LYDIA BURNS NEW2</Nm></Cdtr><CdtrAcct><Id><PrtryAcct><Id>23008200218991</Id></PrtryAcct></Id></CdtrAcct><Prtry><Tp>PHONE</Tp><Pty/></Prtry></RltdPties><RmtInf><Strd><AddtlRmtInf>NO REF</AddtlRmtInf></Strd><Strd><AddtlRmtInf>MR CARL DAVENPORT//PHONE</AddtlRmtInf></Strd></RmtInf><RltdDts><TxDtTm>2018-09-26T12:08:08</TxDtTm></RltdDts><AddtlTxInf>76864160802167F6SW1020180926826400250</AddtlTxInf></TxDtls><AddtlNtryInf>COMPLETE//0000//001//CREDIT</AddtlNtryInf></Ntry><Ntry><Amt Ccy="GBP">60.00</Amt><CdtDbtInd>CRDT</CdtDbtInd><Sts>BOOK</Sts><BookgDt><Dt>2018-09-26</Dt></BookgDt><BkTxCd><Prtry><Cd>SIP UKBA CR 40269</Cd></Prtry></BkTxCd><TxDtls><Refs><EndToEndId>NOREF</EndToEndId><TxId>037660203121629001</TxId><Prtry><Tp>STO REF</Tp><Ref>0000</Ref></Prtry></Refs><RltdPties><Dbtr><Nm>JOHNSTONE M</Nm></Dbtr><DbtrAcct><Id><PrtryAcct><Id>40125591645285</Id></PrtryAcct></Id></DbtrAcct><Cdtr><Nm>BAEMMS LTD</Nm></Cdtr><CdtrAcct><Id><PrtryAcct><Id>23008200223303</Id></PrtryAcct></Id></CdtrAcct><Prtry><Tp>Marion johnstone</Tp><Pty/></Prtry></RltdPties><RmtInf><Strd><AddtlRmtInf>NO REF</AddtlRmtInf></Strd><Strd><AddtlRmtInf>JOHNSTONE M//Marion johnstone</AddtlRmtInf></Strd></RmtInf><RltdDts><TxDtTm>2018-09-26T12:13:02</TxDtTm></RltdDts><AddtlTxInf>0376602031216290011020180926826401255</AddtlTxInf></TxDtls><AddtlNtryInf>COMPLETE//0000//001//CREDIT</AddtlNtryInf></Ntry><Ntry><Amt Ccy="GBP">549.00</Amt><CdtDbtInd>CRDT</CdtDbtInd><Sts>BOOK</Sts><BookgDt><Dt>2018-09-26</Dt></BookgDt><BkTxCd><Prtry><Cd>SIP UKBA CR 40269</Cd></Prtry></BkTxCd><TxDtls><Refs><EndToEndId>NOREF</EndToEndId><TxId>400000000396810652</TxId></Refs><RltdPties><Dbtr><Nm>F Omokan</Nm></Dbtr><DbtrAcct><Id><PrtryAcct><Id>11000126526261</Id></PrtryAcct></Id></DbtrAcct><Cdtr><Nm>STARGATE NETWORK</Nm></Cdtr><CdtrAcct><Id><PrtryAcct><Id>23008200031948</Id></PrtryAcct></Id></CdtrAcct><Prtry><Tp>dhl</Tp><Pty/></Prtry></RltdPties><RmtInf><Strd><AddtlRmtInf>NO REF</AddtlRmtInf></Strd><Strd><AddtlRmtInf>F Omokan//dhl</AddtlRmtInf></Strd></RmtInf><RltdDts><TxDtTm>2018-09-26T12:13:26</TxDtTm></RltdDts><AddtlTxInf>4000000003968106521020180926826110001</AddtlTxInf></TxDtls><AddtlNtryInf>COMPLETE//0000//001//CREDIT</AddtlNtryInf></Ntry><Ntry><Amt Ccy="GBP">1200.00</Amt><CdtDbtInd>CRDT</CdtDbtInd><Sts>BOOK</Sts><BookgDt><Dt>2018-09-26</Dt></BookgDt><BkTxCd><Prtry><Cd>SIP UKBA CR 40269</Cd></Prtry></BkTxCd><TxDtls><Refs><EndToEndId>NOREF</EndToEndId><TxId>26121636793433000N</TxId><Prtry><Tp>STO REF</Tp><Ref>0000</Ref></Prtry></Refs><RltdPties><Dbtr><Nm>JONES ONUOHA</Nm><PstlAdr><AdrLine>APS COTTONS CENTRE SE1 2QG</AdrLine><Ctry/></PstlAdr></Dbtr><DbtrAcct><Id><PrtryAcct><Id>08719940433573</Id></PrtryAcct></Id></DbtrAcct><Cdtr><Nm>J ONUOHA</Nm></Cdtr><CdtrAcct><Id><PrtryAcct><Id>23008200017263</Id></PrtryAcct></Id></CdtrAcct><Prtry><Tp>ARROMONEY</Tp><Pty/></Prtry></RltdPties><RmtInf><Strd><AddtlRmtInf>ARROMONEY</AddtlRmtInf></Strd><Strd><AddtlRmtInf>JONES ONUOHA//ARROMONEY</AddtlRmtInf></Strd></RmtInf><RltdDts><TxDtTm>2018-09-26T12:16:37</TxDtTm></RltdDts><AddtlTxInf>26121636793433000N1020180926826087199</AddtlTxInf></TxDtls><AddtlNtryInf>COMPLETE//0000//001//CREDIT</AddtlNtryInf></Ntry><Ntry><Amt Ccy="GBP">30.00</Amt><CdtDbtInd>CRDT</CdtDbtInd><Sts>BOOK</Sts><BookgDt><Dt>2018-09-26</Dt></BookgDt><BkTxCd><Prtry><Cd>SIP UKBA CR 40269</Cd></Prtry></BkTxCd><TxDtls><Refs><EndToEndId>PPWD00000000AQADGM</EndToEndId><TxId>PPWD00000000AQADGM</TxId></Refs><RltdPties><Dbtr><Nm>PayPal</Nm><PstlAdr><AdrLine>2211 N 1st Street San Jose CA 95131</AdrLine><Ctry/></PstlAdr></Dbtr><DbtrAcct><Id><PrtryAcct><Id>23526278959595</Id></PrtryAcct></Id></DbtrAcct><Cdtr><Nm>Darren Lester</Nm><PstlAdr><AdrLine>29 Grove Hill</AdrLine><Ctry/></PstlAdr></Cdtr><CdtrAcct><Id><PrtryAcct><Id>23008200466315</Id></PrtryAcct></Id></CdtrAcct><Prtry><Tp>PPWDL5GB22ALDD7K2U</Tp><Pty/></Prtry></RltdPties><RmtInf><Strd><RfrdDocInf><RfrdDocTp><Prtry>002</Prtry></RfrdDocTp></RfrdDocInf><AddtlRmtInf>NO REF</AddtlRmtInf></Strd><Strd><AddtlRmtInf>PayPal//PPWDL5GB22ALDD7K2U</AddtlRmtInf></Strd></RmtInf><RltdDts><TxDtTm>2018-09-26T12:20:48</TxDtTm></RltdDts><AddtlTxInf>PPWD00000000AQADGM1020180926826235262</AddtlTxInf></TxDtls><AddtlNtryInf>COMPLETE//0000//001//CREDIT</AddtlNtryInf></Ntry><Ntry><Amt Ccy="GBP">30.00</Amt><CdtDbtInd>CRDT</CdtDbtInd><Sts>BOOK</Sts><BookgDt><Dt>2018-09-26</Dt></BookgDt><BkTxCd><Prtry><Cd>SIP UKBA CR 40269</Cd></Prtry></BkTxCd><TxDtls><Refs><EndToEndId>PPWD00000000AQAELK</EndToEndId><TxId>PPWD00000000AQAELK</TxId></Refs><RltdPties><Dbtr><Nm>PayPal</Nm><PstlAdr><AdrLine>2211 N 1st Street San Jose CA 95131</AdrLine><Ctry/></PstlAdr></Dbtr><DbtrAcct><Id><PrtryAcct><Id>23526278959595</Id></PrtryAcct></Id></DbtrAcct><Cdtr><Nm>David Roff</Nm><PstlAdr><AdrLine>25 Eastfield Road</AdrLine><Ctry/></PstlAdr></Cdtr><CdtrAcct><Id><PrtryAcct><Id>23008200467920</Id></PrtryAcct></Id></CdtrAcct><Prtry><Tp>PPWDL54R22ALDD8W5Q</Tp><Pty/></Prtry></RltdPties><RmtInf><Strd><RfrdDocInf><RfrdDocTp><Prtry>002</Prtry></RfrdDocTp></RfrdDocInf><AddtlRmtInf>NO REF</AddtlRmtInf></Strd><Strd><AddtlRmtInf>PayPal//PPWDL54R22ALDD8W5Q</AddtlRmtInf></Strd></RmtInf><RltdDts><TxDtTm>2018-09-26T12:23:56</TxDtTm></RltdDts><AddtlTxInf>PPWD00000000AQAELK1020180926826235262</AddtlTxInf></TxDtls><AddtlNtryInf>COMPLETE//0000//001//CREDIT</AddtlNtryInf></Ntry><Ntry><Amt Ccy="GBP">10.00</Amt><CdtDbtInd>CRDT</CdtDbtInd><Sts>BOOK</Sts><BookgDt><Dt>2018-09-26</Dt></BookgDt><BkTxCd><Prtry><Cd>SIP UKBA CR 40269</Cd></Prtry></BkTxCd><TxDtls><Refs><EndToEndId>NOREF</EndToEndId><TxId>PRMT8O1Z77KYW2CFAD</TxId></Refs><RltdPties><Dbtr><Nm>Jaimal Mistry</Nm><PstlAdr><AdrLine>13 Sheridan St, WS2 9QU</AdrLine><Ctry/></PstlAdr></Dbtr><DbtrAcct><Id><PrtryAcct><Id>04000452867364</Id></PrtryAcct></Id></DbtrAcct><Cdtr><Nm>jai arrow</Nm></Cdtr><CdtrAcct><Id><PrtryAcct><Id>23008200344419</Id></PrtryAcct></Id></CdtrAcct></RltdPties><RmtInf><Strd><AddtlRmtInf>NO REF</AddtlRmtInf></Strd><Strd><AddtlRmtInf>Jaimal Mistry//</AddtlRmtInf></Strd></RmtInf><RltdDts><TxDtTm>2018-09-26T12:27:13</TxDtTm></RltdDts><AddtlTxInf>PRMT8O1Z77KYW2CFAD1020180926826040004</AddtlTxInf></TxDtls><AddtlNtryInf>COMPLETE//0000//001//CREDIT</AddtlNtryInf></Ntry><Ntry><Amt Ccy="GBP">0.01</Amt><CdtDbtInd>CRDT</CdtDbtInd><Sts>BOOK</Sts><BookgDt><Dt>2018-09-26</Dt></BookgDt><BkTxCd><Prtry><Cd>SIP UKBA CR 40269</Cd></Prtry></BkTxCd><TxDtls><Refs><EndToEndId>PPRD00000000AQAG2M</EndToEndId><TxId>PPRD00000000AQAG2M</TxId></Refs><RltdPties><Dbtr><Nm>PAYPAL CODE 8824</Nm><PstlAdr><AdrLine>2211 N 1st Street San Jose CA 95131</AdrLine><Ctry/></PstlAdr></Dbtr><DbtrAcct><Id><PrtryAcct><Id>23526285010101</Id></PrtryAcct></Id></DbtrAcct><Cdtr><Nm>Mohammed Haque</Nm><PstlAdr><AdrLine>129 Alexandra Road</AdrLine><Ctry/></PstlAdr></Cdtr><CdtrAcct><Id><PrtryAcct><Id>23008200468030</Id></PrtryAcct></Id></CdtrAcct><Prtry><Tp>PAYPAL CODE 8824</Tp><Pty/></Prtry></RltdPties><RmtInf><Strd><RfrdDocInf><RfrdDocTp><Prtry>002</Prtry></RfrdDocTp></RfrdDocInf><AddtlRmtInf>NO REF</AddtlRmtInf></Strd><Strd><AddtlRmtInf>PAYPAL CODE 8824//PAYPAL CODE 8824</AddtlRmtInf></Strd></RmtInf><RltdDts><TxDtTm>2018-09-26T12:28:18</TxDtTm></RltdDts><AddtlTxInf>PPRD00000000AQAG2M1020180926826235262</AddtlTxInf></TxDtls><AddtlNtryInf>COMPLETE//0000//001//CREDIT</AddtlNtryInf></Ntry></Ntfctn></BkToCstmrDbtCdtNtfctnV01></Document>