<?xml version="1.0" encoding="UTF-8"?><Document xmlns:xsi="http://www.w3.org/2001/XMLSchema-instance" xmlns="urn:iso:std:iso:20022:tech:xsd:camt.054.001.01"><BkToCstmrDbtCdtNtfctnV01><GrpHdr><MsgId>80309K//13128</MsgId><CreDtTm>2018-09-21T03:30:00</CreDtTm></GrpHdr><Ntfctn><Id>80309K//13128//1</Id><CreDtTm>2018-09-21T03:30:00</CreDtTm><Acct><Id><PrtryAcct><Id>20594233939774</Id></PrtryAcct></Id><Ccy>GBP</Ccy></Acct><TxsSummry><TtlNtries><NbOfNtries>8</NbOfNtries><Sum>2564.51</Sum></TtlNtries><TtlCdtNtries><NbOfNtries>8</NbOfNtries><Sum>2564.51</Sum></TtlCdtNtries><TtlDbtNtries><NbOfNtries>0</NbOfNtries><Sum>0.00</Sum></TtlDbtNtries></TxsSummry><Ntry><Amt Ccy="GBP">301.32</Amt><CdtDbtInd>CRDT</CdtDbtInd><Sts>BOOK</Sts><BookgDt><Dt>2018-09-21</Dt></BookgDt><BkTxCd><Prtry><Cd>FDP UKBA CR 40269</Cd></Prtry></BkTxCd><TxDtls><Refs><EndToEndId>NOREF</EndToEndId><TxId>60023437035200000N</TxId><Prtry><Tp>STO REF</Tp><Ref>0000</Ref></Prtry></Refs><RltdPties><Dbtr><Nm>PREMIER WORK SUPPO</Nm></Dbtr><DbtrAcct><Id><PrtryAcct><Id>60180114160234</Id></PrtryAcct></Id></DbtrAcct><Cdtr><Nm>J J LESPERANCE</Nm></Cdtr><CdtrAcct><Id><PrtryAcct><Id>23008200030735</Id></PrtryAcct></Id></CdtrAcct><Prtry><Tp>WEEK 25</Tp><Pty/></Prtry></RltdPties><RmtInf><Strd><AddtlRmtInf>WEEK 25</AddtlRmtInf></Strd><Strd><AddtlRmtInf>PREMIER WORK SUPPO//WEEK 25</AddtlRmtInf></Strd></RmtInf><RltdDts><TxDtTm>2018-09-21T03:06:07</TxDtTm></RltdDts><AddtlTxInf>60023437035200000N4020180921826601801</AddtlTxInf></TxDtls><AddtlNtryInf>COMPLETE//0000//003//CREDIT</AddtlNtryInf></Ntry><Ntry><Amt Ccy="GBP">100.00</Amt><CdtDbtInd>CRDT</CdtDbtInd><Sts>BOOK</Sts><BookgDt><Dt>2018-09-21</Dt></BookgDt><BkTxCd><Prtry><Cd>FDP UKBA CR 40269</Cd></Prtry></BkTxCd><TxDtls><Refs><EndToEndId>NOREF</EndToEndId><TxId>23023457182185000N</TxId><Prtry><Tp>STO REF</Tp><Ref>0000</Ref></Prtry></Refs><RltdPties><Dbtr><Nm>IN TOUCH GAMES LTD</Nm></Dbtr><DbtrAcct><Id><PrtryAcct><Id>60023567318568</Id></PrtryAcct></Id></DbtrAcct><Cdtr><Nm>GARETH ELSE</Nm></Cdtr><CdtrAcct><Id><PrtryAcct><Id>23008200076819</Id></PrtryAcct></Id></CdtrAcct><Prtry><Tp>MFORTUNE</Tp><Pty/></Prtry></RltdPties><RmtInf><Strd><AddtlRmtInf>MFORTUNE</AddtlRmtInf></Strd><Strd><AddtlRmtInf>IN TOUCH GAMES LTD//MFORTUNE</AddtlRmtInf></Strd></RmtInf><RltdDts><TxDtTm>2018-09-21T03:09:35</TxDtTm></RltdDts><AddtlTxInf>23023457182185000N4020180921826600235</AddtlTxInf></TxDtls><AddtlNtryInf>COMPLETE//0000//003//CREDIT</AddtlNtryInf></Ntry><Ntry><Amt Ccy="GBP">353.34</Amt><CdtDbtInd>CRDT</CdtDbtInd><Sts>BOOK</Sts><BookgDt><Dt>2018-09-21</Dt></BookgDt><BkTxCd><Prtry><Cd>FDP UKBA CR 40269</Cd></Prtry></BkTxCd><TxDtls><Refs><EndToEndId>NOREF</EndToEndId><TxId>48023500782665000N</TxId><Prtry><Tp>STO REF</Tp><Ref>0000</Ref></Prtry></Refs><RltdPties><Dbtr><Nm>EZY PAYMENT SOLS L</Nm></Dbtr><DbtrAcct><Id><PrtryAcct><Id>60023576436802</Id></PrtryAcct></Id></DbtrAcct><Cdtr><Nm>F SEMEN</Nm></Cdtr><CdtrAcct><Id><PrtryAcct><Id>23008200370358</Id></PrtryAcct></Id></CdtrAcct><Prtry><Tp>PERIOD W25-25159</Tp><Pty/></Prtry></RltdPties><RmtInf><Strd><AddtlRmtInf>PERIOD W25-25159</AddtlRmtInf></Strd><Strd><AddtlRmtInf>EZY PAYMENT SOLS L//PERIOD W25-25159</AddtlRmtInf></Strd></RmtInf><RltdDts><TxDtTm>2018-09-21T03:09:42</TxDtTm></RltdDts><AddtlTxInf>48023500782665000N4020180921826600235</AddtlTxInf></TxDtls><AddtlNtryInf>COMPLETE//0000//003//CREDIT</AddtlNtryInf></Ntry><Ntry><Amt Ccy="GBP">261.54</Amt><CdtDbtInd>CRDT</CdtDbtInd><Sts>BOOK</Sts><BookgDt><Dt>2018-09-21</Dt></BookgDt><BkTxCd><Prtry><Cd>FDP UKBA CR 40269</Cd></Prtry></BkTxCd><TxDtls><Refs><EndToEndId>NOREF</EndToEndId><TxId>49023500783248000N</TxId><Prtry><Tp>STO REF</Tp><Ref>0000</Ref></Prtry></Refs><RltdPties><Dbtr><Nm>EZY PAYMENT SOLS L</Nm></Dbtr><DbtrAcct><Id><PrtryAcct><Id>60023576436802</Id></PrtryAcct></Id></DbtrAcct><Cdtr><Nm>RAULESCU</Nm></Cdtr><CdtrAcct><Id><PrtryAcct><Id>23008200376399</Id></PrtryAcct></Id></CdtrAcct><Prtry><Tp>PERIOD W25-25181</Tp><Pty/></Prtry></RltdPties><RmtInf><Strd><AddtlRmtInf>PERIOD W25-25181</AddtlRmtInf></Strd><Strd><AddtlRmtInf>EZY PAYMENT SOLS L//PERIOD W25-25181</AddtlRmtInf></Strd></RmtInf><RltdDts><TxDtTm>2018-09-21T03:11:06</TxDtTm></RltdDts><AddtlTxInf>49023500783248000N4020180921826600235</AddtlTxInf></TxDtls><AddtlNtryInf>COMPLETE//0000//003//CREDIT</AddtlNtryInf></Ntry><Ntry><Amt Ccy="GBP">207.58</Amt><CdtDbtInd>CRDT</CdtDbtInd><Sts>BOOK</Sts><BookgDt><Dt>2018-09-21</Dt></BookgDt><BkTxCd><Prtry><Cd>FDP UKBA CR 40269</Cd></Prtry></BkTxCd><TxDtls><Refs><EndToEndId>NOREF</EndToEndId><TxId>28023519048480000N</TxId><Prtry><Tp>STO REF</Tp><Ref>0000</Ref></Prtry></Refs><RltdPties><Dbtr><Nm>INDIGO SERVICES (E</Nm></Dbtr><DbtrAcct><Id><PrtryAcct><Id>60214066982790</Id></PrtryAcct></Id></DbtrAcct><Cdtr><Nm>MR ADRIAN GHIOCA</Nm></Cdtr><CdtrAcct><Id><PrtryAcct><Id>23008200293926</Id></PrtryAcct></Id></CdtrAcct><Prtry><Tp>PAYMENTS 18526</Tp><Pty/></Prtry></RltdPties><RmtInf><Strd><AddtlRmtInf>PAYMENTS 18526</AddtlRmtInf></Strd><Strd><AddtlRmtInf>INDIGO SERVICES (E//PAYMENTS 18526</AddtlRmtInf></Strd></RmtInf><RltdDts><TxDtTm>2018-09-21T03:14:27</TxDtTm></RltdDts><AddtlTxInf>28023519048480000N4020180921826602140</AddtlTxInf></TxDtls><AddtlNtryInf>COMPLETE//0000//003//CREDIT</AddtlNtryInf></Ntry><Ntry><Amt Ccy="GBP">402.02</Amt><CdtDbtInd>CRDT</CdtDbtInd><Sts>BOOK</Sts><BookgDt><Dt>2018-09-21</Dt></BookgDt><BkTxCd><Prtry><Cd>FDP UKBA CR 40269</Cd></Prtry></BkTxCd><TxDtls><Refs><EndToEndId>NOREF</EndToEndId><TxId>54023535924124000N</TxId><Prtry><Tp>STO REF</Tp><Ref>0000</Ref></Prtry></Refs><RltdPties><Dbtr><Nm>KEEN THINKING LIMI</Nm></Dbtr><DbtrAcct><Id><PrtryAcct><Id>54305141516907</Id></PrtryAcct></Id></DbtrAcct><Cdtr><Nm>MR LUIS RAMOS</Nm></Cdtr><CdtrAcct><Id><PrtryAcct><Id>23008200328355</Id></PrtryAcct></Id></CdtrAcct><Prtry><Tp>KEEN THINKING 25</Tp><Pty/></Prtry></RltdPties><RmtInf><Strd><AddtlRmtInf>KEEN THINKING 25</AddtlRmtInf></Strd><Strd><AddtlRmtInf>KEEN THINKING LIMI//KEEN THINKING 25</AddtlRmtInf></Strd></RmtInf><RltdDts><TxDtTm>2018-09-21T03:18:49</TxDtTm></RltdDts><AddtlTxInf>54023535924124000N4020180921826543051</AddtlTxInf></TxDtls><AddtlNtryInf>COMPLETE//0000//003//CREDIT</AddtlNtryInf></Ntry><Ntry><Amt Ccy="GBP">598.65</Amt><CdtDbtInd>CRDT</CdtDbtInd><Sts>BOOK</Sts><BookgDt><Dt>2018-09-21</Dt></BookgDt><BkTxCd><Prtry><Cd>FDP UKBA CR 40269</Cd></Prtry></BkTxCd><TxDtls><Refs><EndToEndId>MF016239612FA74B00</EndToEndId><TxId>MF016239612FA74B00</TxId></Refs><RltdPties><Dbtr><Nm>EFT POPPYPRIDE</Nm></Dbtr><DbtrAcct><Id><PrtryAcct><Id>20822343909530</Id></PrtryAcct></Id></DbtrAcct><Cdtr><Nm>R CHOINKA</Nm></Cdtr><CdtrAcct><Id><PrtryAcct><Id>23008200314677</Id></PrtryAcct></Id></CdtrAcct><Prtry><Tp>BE PERSON - IA8519</Tp><Pty/></Prtry></RltdPties><RmtInf><Strd><RfrdDocInf><RfrdDocTp><Prtry>002</Prtry></RfrdDocTp></RfrdDocInf><AddtlRmtInf>NO REF</AddtlRmtInf></Strd><Strd><AddtlRmtInf>EFT POPPYPRIDE//BE PERSON - IA8519</AddtlRmtInf></Strd></RmtInf><RltdDts><TxDtTm>2018-09-21T03:24:28</TxDtTm></RltdDts><AddtlTxInf>MF016239612FA74B004020180921826200026</AddtlTxInf></TxDtls><AddtlNtryInf>COMPLETE//0000//003//CREDIT</AddtlNtryInf></Ntry><Ntry><Amt Ccy="GBP">340.06</Amt><CdtDbtInd>CRDT</CdtDbtInd><Sts>BOOK</Sts><BookgDt><Dt>2018-09-21</Dt></BookgDt><BkTxCd><Prtry><Cd>FDP UKBA CR 40269</Cd></Prtry></BkTxCd><TxDtls><Refs><EndToEndId>NOREF</EndToEndId><TxId>49030135147376000N</TxId><Prtry><Tp>STO REF</Tp><Ref>0000</Ref></Prtry></Refs><RltdPties><Dbtr><Nm>ARCHITECTURAL STEE</Nm></Dbtr><DbtrAcct><Id><PrtryAcct><Id>01085255588581</Id></PrtryAcct></Id></DbtrAcct><Cdtr><Nm>STEPAN FIALA</Nm></Cdtr><CdtrAcct><Id><PrtryAcct><Id>23008200151944</Id></PrtryAcct></Id></CdtrAcct><Prtry><Tp>ARCH STEEL</Tp><Pty/></Prtry></RltdPties><RmtInf><Strd><AddtlRmtInf>ARCH STEEL</AddtlRmtInf></Strd><Strd><AddtlRmtInf>ARCHITECTURAL STEE//ARCH STEEL</AddtlRmtInf></Strd></RmtInf><RltdDts><TxDtTm>2018-09-21T03:28:37</TxDtTm></RltdDts><AddtlTxInf>49030135147376000N4020180921826010852</AddtlTxInf></TxDtls><AddtlNtryInf>COMPLETE//0000//003//CREDIT</AddtlNtryInf></Ntry></Ntfctn></BkToCstmrDbtCdtNtfctnV01></Document>