<?xml version="1.0" encoding="UTF-8"?><Document xmlns:xsi="http://www.w3.org/2001/XMLSchema-instance" xmlns="urn:iso:std:iso:20022:tech:xsd:camt.054.001.01"><BkToCstmrDbtCdtNtfctnV01><GrpHdr><MsgId>80309K//13141</MsgId><CreDtTm>2018-09-21T11:30:00</CreDtTm></GrpHdr><Ntfctn><Id>80309K//13141//1</Id><CreDtTm>2018-09-21T11:30:00</CreDtTm><Acct><Id><PrtryAcct><Id>20594233939774</Id></PrtryAcct></Id><Ccy>GBP</Ccy></Acct><TxsSummry><TtlNtries><NbOfNtries>20</NbOfNtries><Sum>13813.13</Sum></TtlNtries><TtlCdtNtries><NbOfNtries>18</NbOfNtries><Sum>6316.83</Sum></TtlCdtNtries><TtlDbtNtries><NbOfNtries>2</NbOfNtries><Sum>7496.30</Sum></TtlDbtNtries></TxsSummry><Ntry><Amt Ccy="GBP">3587.30</Amt><CdtDbtInd>DBIT</CdtDbtInd><Sts>BOOK</Sts><BookgDt><Dt>2018-09-21</Dt></BookgDt><BkTxCd><Prtry><Cd>AUT UKBA DR 30278</Cd></Prtry></BkTxCd><TxDtls><Refs><TxId>000000000337383300</TxId></Refs><RltdPties><DbtrAcct><Id><PrtryAcct><Id>20594233939774</Id></PrtryAcct></Id></DbtrAcct></RltdPties><RmtInf><Strd><AddtlRmtInf>NO REF</AddtlRmtInf></Strd><Strd><AddtlRmtInf>20180921A44639//7S      F123E63185</AddtlRmtInf></Strd></RmtInf><RltdDts><TxDtTm>2018-09-21T11:01:31</TxDtTm></RltdDts><AddtlTxInf>0000000003373833000020180921826205942</AddtlTxInf></TxDtls><AddtlNtryInf>AUTHSENT//0000//001//DEBIT</AddtlNtryInf></Ntry><Ntry><Amt Ccy="GBP">3909.00</Amt><CdtDbtInd>DBIT</CdtDbtInd><Sts>BOOK</Sts><BookgDt><Dt>2018-09-21</Dt></BookgDt><BkTxCd><Prtry><Cd>AUT UKBA DR 30278</Cd></Prtry></BkTxCd><TxDtls><Refs><TxId>000000000337383600</TxId></Refs><RltdPties><DbtrAcct><Id><PrtryAcct><Id>20594233939774</Id></PrtryAcct></Id></DbtrAcct></RltdPties><RmtInf><Strd><AddtlRmtInf>NO REF</AddtlRmtInf></Strd><Strd><AddtlRmtInf>20180921A44639//7S      F121J9E183</AddtlRmtInf></Strd></RmtInf><RltdDts><TxDtTm>2018-09-21T11:01:45</TxDtTm></RltdDts><AddtlTxInf>0000000003373836000020180921826205942</AddtlTxInf></TxDtls><AddtlNtryInf>AUTHSENT//0000//001//DEBIT</AddtlNtryInf></Ntry><Ntry><Amt Ccy="GBP">50.00</Amt><CdtDbtInd>CRDT</CdtDbtInd><Sts>BOOK</Sts><BookgDt><Dt>2018-09-21</Dt></BookgDt><BkTxCd><Prtry><Cd>SIP UKBA CR 40269</Cd></Prtry></BkTxCd><TxDtls><Refs><EndToEndId>NOREF</EndToEndId><TxId>288778733011129001</TxId><Prtry><Tp>STO REF</Tp><Ref>0000</Ref></Prtry></Refs><RltdPties><Dbtr><Nm>ALLI O</Nm></Dbtr><DbtrAcct><Id><PrtryAcct><Id>40073072332736</Id></PrtryAcct></Id></DbtrAcct><Cdtr><Nm>O Alli</Nm></Cdtr><CdtrAcct><Id><PrtryAcct><Id>23008200081268</Id></PrtryAcct></Id></CdtrAcct><Prtry><Tp>Arro</Tp><Pty/></Prtry></RltdPties><RmtInf><Strd><AddtlRmtInf>NO REF</AddtlRmtInf></Strd><Strd><AddtlRmtInf>ALLI O//Arro</AddtlRmtInf></Strd></RmtInf><RltdDts><TxDtTm>2018-09-21T11:03:38</TxDtTm></RltdDts><AddtlTxInf>2887787330111290011020180921826400730</AddtlTxInf></TxDtls><AddtlNtryInf>COMPLETE//0000//001//CREDIT</AddtlNtryInf></Ntry><Ntry><Amt Ccy="GBP">2500.00</Amt><CdtDbtInd>CRDT</CdtDbtInd><Sts>BOOK</Sts><BookgDt><Dt>2018-09-21</Dt></BookgDt><BkTxCd><Prtry><Cd>SIP UKBA CR 40269</Cd></Prtry></BkTxCd><TxDtls><Refs><EndToEndId>VRSDEFUH</EndToEndId><TxId>32110803205843000N</TxId><Prtry><Tp>STO REF</Tp><Ref>0000</Ref></Prtry></Refs><RltdPties><Dbtr><Nm>TAYLOR CR</Nm></Dbtr><DbtrAcct><Id><PrtryAcct><Id>60031274711172</Id></PrtryAcct></Id></DbtrAcct><Cdtr><Nm>D ASCARIZ</Nm></Cdtr><CdtrAcct><Id><PrtryAcct><Id>23008200223829</Id></PrtryAcct></Id></CdtrAcct><Prtry><Tp>VRSDEFUH</Tp><Pty/></Prtry></RltdPties><RmtInf><Strd><AddtlRmtInf>TAYLOR CR         VRSDEFUH          VIA ONLINE - PYMT</AddtlRmtInf></Strd><Strd><AddtlRmtInf>TAYLOR CR//VRSDEFUH</AddtlRmtInf></Strd></RmtInf><RltdDts><TxDtTm>2018-09-21T11:08:03</TxDtTm></RltdDts><AddtlTxInf>32110803205843000N1020180921826600312</AddtlTxInf></TxDtls><AddtlNtryInf>COMPLETE//0000//001//CREDIT</AddtlNtryInf></Ntry><Ntry><Amt Ccy="GBP">10.00</Amt><CdtDbtInd>CRDT</CdtDbtInd><Sts>BOOK</Sts><BookgDt><Dt>2018-09-21</Dt></BookgDt><BkTxCd><Prtry><Cd>SIP UKBA CR 40269</Cd></Prtry></BkTxCd><TxDtls><Refs><EndToEndId>NOREF</EndToEndId><TxId>RP4679961890393800</TxId></Refs><RltdPties><Dbtr><Nm>IKUDAISI JAO</Nm></Dbtr><DbtrAcct><Id><PrtryAcct><Id>20498140085103</Id></PrtryAcct></Id></DbtrAcct><Cdtr><Nm>ELIZABETH SAWYER</Nm></Cdtr><CdtrAcct><Id><PrtryAcct><Id>23008200351803</Id></PrtryAcct></Id></CdtrAcct><Prtry><Tp>JOSEPH IKUDAISI</Tp><Pty/></Prtry></RltdPties><RmtInf><Strd><AddtlRmtInf>NO REF</AddtlRmtInf></Strd><Strd><AddtlRmtInf>IKUDAISI JAO//JOSEPH IKUDAISI</AddtlRmtInf></Strd></RmtInf><RltdDts><TxDtTm>2018-09-21T11:08:37</TxDtTm></RltdDts><AddtlTxInf>RP46799618903938001020180921826200026</AddtlTxInf></TxDtls><AddtlNtryInf>COMPLETE//0000//001//CREDIT</AddtlNtryInf></Ntry><Ntry><Amt Ccy="GBP">0.01</Amt><CdtDbtInd>CRDT</CdtDbtInd><Sts>BOOK</Sts><BookgDt><Dt>2018-09-21</Dt></BookgDt><BkTxCd><Prtry><Cd>SIP UKBA CR 40269</Cd></Prtry></BkTxCd><TxDtls><Refs><EndToEndId>NOREF</EndToEndId><TxId>CBBPI1110062328365</TxId></Refs><RltdPties><Dbtr><Nm>CALLUM BROWN</Nm></Dbtr><DbtrAcct><Id><PrtryAcct><Id>82652160057468</Id></PrtryAcct></Id></DbtrAcct><Cdtr><Nm>Ebay Goods</Nm></Cdtr><CdtrAcct><Id><PrtryAcct><Id>23008200451961</Id></PrtryAcct></Id></CdtrAcct><Prtry><Tp>Ebay Goods</Tp><Pty/></Prtry></RltdPties><RmtInf><Strd><RfrdDocInf><RfrdDocTp><Prtry>002</Prtry></RfrdDocTp></RfrdDocInf><AddtlRmtInf>NO REF</AddtlRmtInf></Strd><Strd><AddtlRmtInf>CALLUM BROWN//Ebay Goods</AddtlRmtInf></Strd></RmtInf><RltdDts><TxDtTm>2018-09-21T11:10:07</TxDtTm></RltdDts><AddtlTxInf>CBBPI11100623283651020180921826826521</AddtlTxInf></TxDtls><AddtlNtryInf>COMPLETE//0000//001//CREDIT</AddtlNtryInf></Ntry><Ntry><Amt Ccy="GBP">200.00</Amt><CdtDbtInd>CRDT</CdtDbtInd><Sts>BOOK</Sts><BookgDt><Dt>2018-09-21</Dt></BookgDt><BkTxCd><Prtry><Cd>SIP UKBA CR 40269</Cd></Prtry></BkTxCd><TxDtls><Refs><EndToEndId>000000FT18264DYJZ3</EndToEndId><TxId>000000FT18264DYJZ3</TxId></Refs><RltdPties><Dbtr><Nm>REECE MICHAEL JOHNSON</Nm><PstlAdr><AdrLine>1A, BASEMENT FLAT;LONDON</AdrLine><Ctry/></PstlAdr></Dbtr><DbtrAcct><Id><PrtryAcct><Id>23058013496161</Id></PrtryAcct></Id></DbtrAcct><Cdtr><Nm>TUSCUN GROUP LTD</Nm><PstlAdr><AdrLine>WIRECARD;WIRECARD CARD SOLUTIONS</AdrLine><Ctry/></PstlAdr></Cdtr><CdtrAcct><Id><PrtryAcct><Id>23008200039884</Id></PrtryAcct></Id></CdtrAcct><Prtry><Tp>investment</Tp><Pty/></Prtry></RltdPties><RmtInf><Strd><AddtlRmtInf>NO REF</AddtlRmtInf></Strd><Strd><AddtlRmtInf>REECE MICHAEL JOHN//investment</AddtlRmtInf></Strd></RmtInf><RltdDts><TxDtTm>2018-09-21T11:11:31</TxDtTm></RltdDts><AddtlTxInf>000000FT18264DYJZ31020180921826230580</AddtlTxInf></TxDtls><AddtlNtryInf>COMPLETE//0000//001//CREDIT</AddtlNtryInf></Ntry><Ntry><Amt Ccy="GBP">600.00</Amt><CdtDbtInd>CRDT</CdtDbtInd><Sts>BOOK</Sts><BookgDt><Dt>2018-09-21</Dt></BookgDt><BkTxCd><Prtry><Cd>SIP UKBA CR 40269</Cd></Prtry></BkTxCd><TxDtls><Refs><EndToEndId>NOREF</EndToEndId><TxId>RP4679961890976200</TxId></Refs><RltdPties><Dbtr><Nm>COTOVAN M</Nm></Dbtr><DbtrAcct><Id><PrtryAcct><Id>20218003709205</Id></PrtryAcct></Id></DbtrAcct><Cdtr><Nm>GLOBE MOTORING</Nm></Cdtr><CdtrAcct><Id><PrtryAcct><Id>23008200454331</Id></PrtryAcct></Id></CdtrAcct><Prtry><Tp>31677119</Tp><Pty/></Prtry></RltdPties><RmtInf><Strd><AddtlRmtInf>NO REF</AddtlRmtInf></Strd><Strd><AddtlRmtInf>COTOVAN M//31677119</AddtlRmtInf></Strd></RmtInf><RltdDts><TxDtTm>2018-09-21T11:13:12</TxDtTm></RltdDts><AddtlTxInf>RP46799618909762001020180921826200026</AddtlTxInf></TxDtls><AddtlNtryInf>COMPLETE//0000//001//CREDIT</AddtlNtryInf></Ntry><Ntry><Amt Ccy="GBP">100.00</Amt><CdtDbtInd>CRDT</CdtDbtInd><Sts>BOOK</Sts><BookgDt><Dt>2018-09-21</Dt></BookgDt><BkTxCd><Prtry><Cd>SIP UKBA CR 40269</Cd></Prtry></BkTxCd><TxDtls><Refs><EndToEndId>NOREF</EndToEndId><TxId>600000000390361698</TxId></Refs><RltdPties><Dbtr><Nm>E Solidoro</Nm></Dbtr><DbtrAcct><Id><PrtryAcct><Id>30996431562160</Id></PrtryAcct></Id></DbtrAcct><Cdtr><Nm>ENZO SOLIDORO</Nm></Cdtr><CdtrAcct><Id><PrtryAcct><Id>23008200136154</Id></PrtryAcct></Id></CdtrAcct><Prtry><Tp>BILL</Tp><Pty/></Prtry></RltdPties><RmtInf><Strd><AddtlRmtInf>NO REF</AddtlRmtInf></Strd><Strd><AddtlRmtInf>E Solidoro//BILL</AddtlRmtInf></Strd></RmtInf><RltdDts><TxDtTm>2018-09-21T11:16:11</TxDtTm></RltdDts><AddtlTxInf>6000000003903616981020180921826309964</AddtlTxInf></TxDtls><AddtlNtryInf>COMPLETE//0000//001//CREDIT</AddtlNtryInf></Ntry><Ntry><Amt Ccy="GBP">260.00</Amt><CdtDbtInd>CRDT</CdtDbtInd><Sts>BOOK</Sts><BookgDt><Dt>2018-09-21</Dt></BookgDt><BkTxCd><Prtry><Cd>SIP UKBA CR 40269</Cd></Prtry></BkTxCd><TxDtls><Refs><EndToEndId>XERRTREF</EndToEndId><TxId>58111617750979000N</TxId><Prtry><Tp>STO REF</Tp><Ref>0000</Ref></Prtry></Refs><RltdPties><Dbtr><Nm>TAYLOR CR</Nm></Dbtr><DbtrAcct><Id><PrtryAcct><Id>60031274711172</Id></PrtryAcct></Id></DbtrAcct><Cdtr><Nm>A MARCEL</Nm></Cdtr><CdtrAcct><Id><PrtryAcct><Id>23008200334996</Id></PrtryAcct></Id></CdtrAcct><Prtry><Tp>XERRTREF</Tp><Pty/></Prtry></RltdPties><RmtInf><Strd><AddtlRmtInf>TAYLOR CR         XERRTREF          VIA ONLINE - PYMT</AddtlRmtInf></Strd><Strd><AddtlRmtInf>TAYLOR CR//XERRTREF</AddtlRmtInf></Strd></RmtInf><RltdDts><TxDtTm>2018-09-21T11:16:18</TxDtTm></RltdDts><AddtlTxInf>58111617750979000N1020180921826600312</AddtlTxInf></TxDtls><AddtlNtryInf>COMPLETE//0000//001//CREDIT</AddtlNtryInf></Ntry><Ntry><Amt Ccy="GBP">50.00</Amt><CdtDbtInd>CRDT</CdtDbtInd><Sts>BOOK</Sts><BookgDt><Dt>2018-09-21</Dt></BookgDt><BkTxCd><Prtry><Cd>SIP UKBA CR 40269</Cd></Prtry></BkTxCd><TxDtls><Refs><EndToEndId>00151037632BBHLXBM</EndToEndId><TxId>00151037632BBHLXBM</TxId></Refs><RltdPties><Dbtr><Nm>KYLE THOMAS</Nm></Dbtr><DbtrAcct><Id><PrtryAcct><Id>09012827849788</Id></PrtryAcct></Id></DbtrAcct><Cdtr><Nm>CLAIRE</Nm></Cdtr><CdtrAcct><Id><PrtryAcct><Id>23008200248775</Id></PrtryAcct></Id></CdtrAcct><Prtry><Tp>Claire</Tp><Pty/></Prtry></RltdPties><RmtInf><Strd><AddtlRmtInf>NO REF</AddtlRmtInf></Strd><Strd><AddtlRmtInf>KYLE THOMAS//Claire</AddtlRmtInf></Strd></RmtInf><RltdDts><TxDtTm>2018-09-21T11:16:50</TxDtTm></RltdDts><AddtlTxInf>00151037632BBHLXBM1020180921826090128</AddtlTxInf></TxDtls><AddtlNtryInf>COMPLETE//0000//001//CREDIT</AddtlNtryInf></Ntry><Ntry><Amt Ccy="GBP">110.00</Amt><CdtDbtInd>CRDT</CdtDbtInd><Sts>BOOK</Sts><BookgDt><Dt>2018-09-21</Dt></BookgDt><BkTxCd><Prtry><Cd>DCA UKBA CR 40269</Cd></Prtry></BkTxCd><TxDtls><Refs><EndToEndId>NOREF</EndToEndId><TxId>000000013629431501</TxId><Prtry><Tp>STO REF</Tp><Ref>0000</Ref></Prtry></Refs><RltdPties><Dbtr><Nm>23630701344989</Nm></Dbtr><DbtrAcct><Id><PrtryAcct><Id>20594243523659</Id></PrtryAcct></Id></DbtrAcct><Cdtr><Nm>NICHOLAS</Nm></Cdtr><CdtrAcct><Id><PrtryAcct><Id>23008200293503</Id></PrtryAcct></Id></CdtrAcct><Prtry><Tp>OK</Tp><Pty/></Prtry></RltdPties><RmtInf><Strd><AddtlRmtInf>NO REF</AddtlRmtInf></Strd><Strd><AddtlRmtInf>23630701344989//OK</AddtlRmtInf></Strd></RmtInf><RltdDts><TxDtTm>2018-09-21T11:16:59</TxDtTm></RltdDts><AddtlTxInf>0000000136294315015020180921826205942</AddtlTxInf></TxDtls><AddtlNtryInf>COMPLETE//0000//001//CREDIT</AddtlNtryInf></Ntry><Ntry><Amt Ccy="GBP">50.00</Amt><CdtDbtInd>CRDT</CdtDbtInd><Sts>BOOK</Sts><BookgDt><Dt>2018-09-21</Dt></BookgDt><BkTxCd><Prtry><Cd>SIP UKBA CR 40269</Cd></Prtry></BkTxCd><TxDtls><Refs><EndToEndId>NOREF</EndToEndId><TxId>300000000394296979</TxId></Refs><RltdPties><Dbtr><Nm>A Taylor</Nm></Dbtr><DbtrAcct><Id><PrtryAcct><Id>11068314322462</Id></PrtryAcct></Id></DbtrAcct><Cdtr><Nm>MOM</Nm></Cdtr><CdtrAcct><Id><PrtryAcct><Id>23008200192655</Id></PrtryAcct></Id></CdtrAcct><Prtry><Tp>CASH</Tp><Pty/></Prtry></RltdPties><RmtInf><Strd><AddtlRmtInf>NO REF</AddtlRmtInf></Strd><Strd><AddtlRmtInf>A Taylor//CASH</AddtlRmtInf></Strd></RmtInf><RltdDts><TxDtTm>2018-09-21T11:17:43</TxDtTm></RltdDts><AddtlTxInf>3000000003942969791020180921826110683</AddtlTxInf></TxDtls><AddtlNtryInf>COMPLETE//0000//001//CREDIT</AddtlNtryInf></Ntry><Ntry><Amt Ccy="GBP">400.00</Amt><CdtDbtInd>CRDT</CdtDbtInd><Sts>BOOK</Sts><BookgDt><Dt>2018-09-21</Dt></BookgDt><BkTxCd><Prtry><Cd>SIP UKBA CR 40269</Cd></Prtry></BkTxCd><TxDtls><Refs><EndToEndId>NOREF</EndToEndId><TxId>RP4679961891718700</TxId></Refs><RltdPties><Dbtr><Nm>INOCULAND LTD</Nm></Dbtr><DbtrAcct><Id><PrtryAcct><Id>20217893671046</Id></PrtryAcct></Id></DbtrAcct><Cdtr><Nm>MR ASHLEY ROYDEN</Nm></Cdtr><CdtrAcct><Id><PrtryAcct><Id>23008200367222</Id></PrtryAcct></Id></CdtrAcct><Prtry><Tp>ADV SALARY SEP 18</Tp><Pty/></Prtry></RltdPties><RmtInf><Strd><AddtlRmtInf>NO REF</AddtlRmtInf></Strd><Strd><AddtlRmtInf>INOCULAND LTD//ADV SALARY SEP 18</AddtlRmtInf></Strd></RmtInf><RltdDts><TxDtTm>2018-09-21T11:19:22</TxDtTm></RltdDts><AddtlTxInf>RP46799618917187001020180921826200026</AddtlTxInf></TxDtls><AddtlNtryInf>COMPLETE//0000//001//CREDIT</AddtlNtryInf></Ntry><Ntry><Amt Ccy="GBP">10.00</Amt><CdtDbtInd>CRDT</CdtDbtInd><Sts>BOOK</Sts><BookgDt><Dt>2018-09-21</Dt></BookgDt><BkTxCd><Prtry><Cd>SIP UKBA CR 40269</Cd></Prtry></BkTxCd><TxDtls><Refs><EndToEndId>00151095632BBKKQXR</EndToEndId><TxId>00151095632BBKKQXR</TxId></Refs><RltdPties><Dbtr><Nm>ANDREW SMITH</Nm></Dbtr><DbtrAcct><Id><PrtryAcct><Id>09012856085526</Id></PrtryAcct></Id></DbtrAcct><Cdtr><Nm>ANDREW</Nm></Cdtr><CdtrAcct><Id><PrtryAcct><Id>23008200383926</Id></PrtryAcct></Id></CdtrAcct><Prtry><Tp>andy</Tp><Pty/></Prtry></RltdPties><RmtInf><Strd><AddtlRmtInf>NO REF</AddtlRmtInf></Strd><Strd><AddtlRmtInf>ANDREW SMITH//andy</AddtlRmtInf></Strd></RmtInf><RltdDts><TxDtTm>2018-09-21T11:21:22</TxDtTm></RltdDts><AddtlTxInf>00151095632BBKKQXR1020180921826090128</AddtlTxInf></TxDtls><AddtlNtryInf>COMPLETE//0000//001//CREDIT</AddtlNtryInf></Ntry><Ntry><Amt Ccy="GBP">500.00</Amt><CdtDbtInd>CRDT</CdtDbtInd><Sts>BOOK</Sts><BookgDt><Dt>2018-09-21</Dt></BookgDt><BkTxCd><Prtry><Cd>DCA UKBA CR 40269</Cd></Prtry></BkTxCd><TxDtls><Refs><EndToEndId>NOREF</EndToEndId><TxId>000000013629633701</TxId><Prtry><Tp>STO REF</Tp><Ref>6607</Ref></Prtry></Refs><RltdPties><Dbtr><Nm>M WATEGHA</Nm></Dbtr><DbtrAcct><Id><PrtryAcct><Id>20035373152596</Id></PrtryAcct></Id></DbtrAcct><Cdtr><Nm>ATTIA WATEGHA</Nm></Cdtr><CdtrAcct><Id><PrtryAcct><Id>23008200313567</Id></PrtryAcct></Id></CdtrAcct><Prtry><Tp>MYSELF</Tp><Pty/></Prtry></RltdPties><RmtInf><Strd><AddtlRmtInf>NO REF</AddtlRmtInf></Strd><Strd><AddtlRmtInf>M WATEGHA//MYSELF</AddtlRmtInf></Strd></RmtInf><RltdDts><TxDtTm>2018-09-21T11:22:15</TxDtTm></RltdDts><AddtlTxInf>0000000136296337015020180921826200353</AddtlTxInf></TxDtls><AddtlNtryInf>COMPLETE//0000//001//CREDIT</AddtlNtryInf></Ntry><Ntry><Amt Ccy="GBP">400.00</Amt><CdtDbtInd>CRDT</CdtDbtInd><Sts>BOOK</Sts><BookgDt><Dt>2018-09-21</Dt></BookgDt><BkTxCd><Prtry><Cd>DCA UKBA CR 40269</Cd></Prtry></BkTxCd><TxDtls><Refs><EndToEndId>NOREF</EndToEndId><TxId>000000013629616801</TxId><Prtry><Tp>STO REF</Tp><Ref>6386</Ref></Prtry></Refs><RltdPties><Dbtr><Nm>A PAPAZISIS</Nm></Dbtr><DbtrAcct><Id><PrtryAcct><Id>20035373152596</Id></PrtryAcct></Id></DbtrAcct><Cdtr><Nm>NICOLE CHELSIE BRO</Nm></Cdtr><CdtrAcct><Id><PrtryAcct><Id>23008200286775</Id></PrtryAcct></Id></CdtrAcct><Prtry><Tp>FROM ANASTASIOS PA</Tp><Pty/></Prtry></RltdPties><RmtInf><Strd><AddtlRmtInf>NO REF</AddtlRmtInf></Strd><Strd><AddtlRmtInf>A PAPAZISIS//FROM ANASTASIOS PA</AddtlRmtInf></Strd></RmtInf><RltdDts><TxDtTm>2018-09-21T11:22:15</TxDtTm></RltdDts><AddtlTxInf>0000000136296168015020180921826200353</AddtlTxInf></TxDtls><AddtlNtryInf>COMPLETE//0000//001//CREDIT</AddtlNtryInf></Ntry><Ntry><Amt Ccy="GBP">519.00</Amt><CdtDbtInd>CRDT</CdtDbtInd><Sts>BOOK</Sts><BookgDt><Dt>2018-09-21</Dt></BookgDt><BkTxCd><Prtry><Cd>SIP UKBA CR 40269</Cd></Prtry></BkTxCd><TxDtls><Refs><EndToEndId>PPWD00000000AP18IP</EndToEndId><TxId>PPWD00000000AP18IP</TxId></Refs><RltdPties><Dbtr><Nm>PayPal</Nm><PstlAdr><AdrLine>2211 N 1st Street San Jose CA 95131</AdrLine><Ctry/></PstlAdr></Dbtr><DbtrAcct><Id><PrtryAcct><Id>23526278959595</Id></PrtryAcct></Id></DbtrAcct><Cdtr><Nm>Radoslaw Zabnicki</Nm><PstlAdr><AdrLine>93 Glengarry Road</AdrLine><Ctry/></PstlAdr></Cdtr><CdtrAcct><Id><PrtryAcct><Id>23008200351062</Id></PrtryAcct></Id></CdtrAcct><Prtry><Tp>PPWDL5S322AL9DPS5W</Tp><Pty/></Prtry></RltdPties><RmtInf><Strd><RfrdDocInf><RfrdDocTp><Prtry>002</Prtry></RfrdDocTp></RfrdDocInf><AddtlRmtInf>NO REF</AddtlRmtInf></Strd><Strd><AddtlRmtInf>PayPal//PPWDL5S322AL9DPS5W</AddtlRmtInf></Strd></RmtInf><RltdDts><TxDtTm>2018-09-21T11:23:23</TxDtTm></RltdDts><AddtlTxInf>PPWD00000000AP18IP1020180921826235262</AddtlTxInf></TxDtls><AddtlNtryInf>COMPLETE//0000//001//CREDIT</AddtlNtryInf></Ntry><Ntry><Amt Ccy="GBP">240.00</Amt><CdtDbtInd>CRDT</CdtDbtInd><Sts>BOOK</Sts><BookgDt><Dt>2018-09-21</Dt></BookgDt><BkTxCd><Prtry><Cd>SIP UKBA CR 40269</Cd></Prtry></BkTxCd><TxDtls><Refs><EndToEndId>NOREF</EndToEndId><TxId>400000000395447117</TxId></Refs><RltdPties><Dbtr><Nm>D Smith</Nm></Dbtr><DbtrAcct><Id><PrtryAcct><Id>11000105704244</Id></PrtryAcct></Id></DbtrAcct><Cdtr><Nm>JOHN DUNCAN</Nm></Cdtr><CdtrAcct><Id><PrtryAcct><Id>23008200167286</Id></PrtryAcct></Id></CdtrAcct><Prtry><Tp>LOAN</Tp><Pty/></Prtry></RltdPties><RmtInf><Strd><AddtlRmtInf>NO REF</AddtlRmtInf></Strd><Strd><AddtlRmtInf>D Smith//LOAN</AddtlRmtInf></Strd></RmtInf><RltdDts><TxDtTm>2018-09-21T11:25:05</TxDtTm></RltdDts><AddtlTxInf>4000000003954471171020180921826110001</AddtlTxInf></TxDtls><AddtlNtryInf>COMPLETE//0000//001//CREDIT</AddtlNtryInf></Ntry><Ntry><Amt Ccy="GBP">317.82</Amt><CdtDbtInd>CRDT</CdtDbtInd><Sts>BOOK</Sts><BookgDt><Dt>2018-09-21</Dt></BookgDt><BkTxCd><Prtry><Cd>SIP UKBA CR 40269</Cd></Prtry></BkTxCd><TxDtls><Refs><EndToEndId>NOREF</EndToEndId><TxId>57112748872103000N</TxId><Prtry><Tp>STO REF</Tp><Ref>0000</Ref></Prtry></Refs><RltdPties><Dbtr><Nm>DWPGB UC FASTER PA</Nm></Dbtr><DbtrAcct><Id><PrtryAcct><Id>60708010025855</Id></PrtryAcct></Id></DbtrAcct><Cdtr><Nm>SULEMAN AHMED</Nm></Cdtr><CdtrAcct><Id><PrtryAcct><Id>23008200427541</Id></PrtryAcct></Id></CdtrAcct><Prtry><Tp>000R69D2K DWP UC</Tp><Pty/></Prtry></RltdPties><RmtInf><Strd><AddtlRmtInf>000R69D2K DWP UC</AddtlRmtInf></Strd><Strd><AddtlRmtInf>DWPGB UC FASTER PA//000R69D2K DWP UC</AddtlRmtInf></Strd></RmtInf><RltdDts><TxDtTm>2018-09-21T11:27:49</TxDtTm></RltdDts><AddtlTxInf>57112748872103000N1020180921826607080</AddtlTxInf></TxDtls><AddtlNtryInf>COMPLETE//0000//001//CREDIT</AddtlNtryInf></Ntry></Ntfctn></BkToCstmrDbtCdtNtfctnV01></Document>