<?xml version="1.0" encoding="UTF-8"?><Document xmlns:xsi="http://www.w3.org/2001/XMLSchema-instance" xmlns="urn:iso:std:iso:20022:tech:xsd:camt.054.001.01"><BkToCstmrDbtCdtNtfctnV01><GrpHdr><MsgId>80309K//12540</MsgId><CreDtTm>2018-09-07T10:30:00</CreDtTm></GrpHdr><Ntfctn><Id>80309K//12540//1</Id><CreDtTm>2018-09-07T10:30:00</CreDtTm><Acct><Id><PrtryAcct><Id>20594233939774</Id></PrtryAcct></Id><Ccy>GBP</Ccy></Acct><TxsSummry><TtlNtries><NbOfNtries>10</NbOfNtries><Sum>1692.32</Sum></TtlNtries><TtlCdtNtries><NbOfNtries>10</NbOfNtries><Sum>1692.32</Sum></TtlCdtNtries><TtlDbtNtries><NbOfNtries>0</NbOfNtries><Sum>0.00</Sum></TtlDbtNtries></TxsSummry><Ntry><Amt Ccy="GBP">229.32</Amt><CdtDbtInd>CRDT</CdtDbtInd><Sts>BOOK</Sts><BookgDt><Dt>2018-09-07</Dt></BookgDt><BkTxCd><Prtry><Cd>SIP UKBA CR 40269</Cd></Prtry></BkTxCd><TxDtls><Refs><EndToEndId>PRS RECRUITMENT</EndToEndId><TxId>10100500586885000N</TxId><Prtry><Tp>STO REF</Tp><Ref>0000</Ref></Prtry></Refs><RltdPties><Dbtr><Nm>CLARE MA</Nm></Dbtr><DbtrAcct><Id><PrtryAcct><Id>54104016129156</Id></PrtryAcct></Id></DbtrAcct><Cdtr><Nm>BRIAN HARLEY</Nm></Cdtr><CdtrAcct><Id><PrtryAcct><Id>23008200398153</Id></PrtryAcct></Id></CdtrAcct><Prtry><Tp>PRS RECRUITMENT</Tp><Pty/></Prtry></RltdPties><RmtInf><Strd><AddtlRmtInf>CLARE MA          PRS RECRUITMENT   VIA ONLINE - PYMT</AddtlRmtInf></Strd><Strd><AddtlRmtInf>CLARE MA//PRS RECRUITMENT</AddtlRmtInf></Strd></RmtInf><RltdDts><TxDtTm>2018-09-07T10:05:01</TxDtTm></RltdDts><AddtlTxInf>10100500586885000N1020180907826541040</AddtlTxInf></TxDtls><AddtlNtryInf>COMPLETE//0000//001//CREDIT</AddtlNtryInf></Ntry><Ntry><Amt Ccy="GBP">672.00</Amt><CdtDbtInd>CRDT</CdtDbtInd><Sts>BOOK</Sts><BookgDt><Dt>2018-09-07</Dt></BookgDt><BkTxCd><Prtry><Cd>SIP UKBA CR 40269</Cd></Prtry></BkTxCd><TxDtls><Refs><EndToEndId>NOREF</EndToEndId><TxId>RP4679960825836100</TxId></Refs><RltdPties><Dbtr><Nm>CONTINENTAL COAC</Nm></Dbtr><DbtrAcct><Id><PrtryAcct><Id>20658920815462</Id></PrtryAcct></Id></DbtrAcct><Cdtr><Nm>KEVIN MURPHY</Nm></Cdtr><CdtrAcct><Id><PrtryAcct><Id>23008200133803</Id></PrtryAcct></Id></CdtrAcct><Prtry><Tp>WORK</Tp><Pty/></Prtry></RltdPties><RmtInf><Strd><AddtlRmtInf>NO REF</AddtlRmtInf></Strd><Strd><AddtlRmtInf>CONTINENTAL COAC//WORK</AddtlRmtInf></Strd></RmtInf><RltdDts><TxDtTm>2018-09-07T10:05:59</TxDtTm></RltdDts><AddtlTxInf>RP46799608258361001020180907826200026</AddtlTxInf></TxDtls><AddtlNtryInf>COMPLETE//0000//001//CREDIT</AddtlNtryInf></Ntry><Ntry><Amt Ccy="GBP">3.00</Amt><CdtDbtInd>CRDT</CdtDbtInd><Sts>BOOK</Sts><BookgDt><Dt>2018-09-07</Dt></BookgDt><BkTxCd><Prtry><Cd>SIP UKBA CR 40269</Cd></Prtry></BkTxCd><TxDtls><Refs><EndToEndId>OWED</EndToEndId><TxId>54100710369671000N</TxId><Prtry><Tp>STO REF</Tp><Ref>0000</Ref></Prtry></Refs><RltdPties><Dbtr><Nm>PLEWINSKI-TWELL KM</Nm></Dbtr><DbtrAcct><Id><PrtryAcct><Id>56006144959788</Id></PrtryAcct></Id></DbtrAcct><Cdtr><Nm>NONYE AKUBUEZE</Nm></Cdtr><CdtrAcct><Id><PrtryAcct><Id>23008200355888</Id></PrtryAcct></Id></CdtrAcct><Prtry><Tp>OWED</Tp><Pty/></Prtry></RltdPties><RmtInf><Strd><AddtlRmtInf>PLEWINSKI-TWELL KMOWED              VIA ONLINE - PYMT</AddtlRmtInf></Strd><Strd><AddtlRmtInf>PLEWINSKI-TWELL KM//OWED</AddtlRmtInf></Strd></RmtInf><RltdDts><TxDtTm>2018-09-07T10:07:10</TxDtTm></RltdDts><AddtlTxInf>54100710369671000N1020180907826560061</AddtlTxInf></TxDtls><AddtlNtryInf>COMPLETE//0000//001//CREDIT</AddtlNtryInf></Ntry><Ntry><Amt Ccy="GBP">48.00</Amt><CdtDbtInd>CRDT</CdtDbtInd><Sts>BOOK</Sts><BookgDt><Dt>2018-09-07</Dt></BookgDt><BkTxCd><Prtry><Cd>SIP UKBA CR 40269</Cd></Prtry></BkTxCd><TxDtls><Refs><EndToEndId>NOREF</EndToEndId><TxId>59100957357621000N</TxId><Prtry><Tp>STO REF</Tp><Ref>0000</Ref></Prtry></Refs><RltdPties><Dbtr><Nm>MR SADIKU SAIBU</Nm></Dbtr><DbtrAcct><Id><PrtryAcct><Id>60111318147283</Id></PrtryAcct></Id></DbtrAcct><Cdtr><Nm>CLASSIC DIFFERENCES</Nm></Cdtr><CdtrAcct><Id><PrtryAcct><Id>23008200042452</Id></PrtryAcct></Id></CdtrAcct><Prtry><Tp>CAKE</Tp><Pty/></Prtry></RltdPties><RmtInf><Strd><AddtlRmtInf>CAKE</AddtlRmtInf></Strd><Strd><AddtlRmtInf>MR SADIKU SAIBU//CAKE</AddtlRmtInf></Strd></RmtInf><RltdDts><TxDtTm>2018-09-07T10:09:57</TxDtTm></RltdDts><AddtlTxInf>59100957357621000N1020180907826601113</AddtlTxInf></TxDtls><AddtlNtryInf>COMPLETE//0000//001//CREDIT</AddtlNtryInf></Ntry><Ntry><Amt Ccy="GBP">300.00</Amt><CdtDbtInd>CRDT</CdtDbtInd><Sts>BOOK</Sts><BookgDt><Dt>2018-09-07</Dt></BookgDt><BkTxCd><Prtry><Cd>SIP UKBA CR 40269</Cd></Prtry></BkTxCd><TxDtls><Refs><EndToEndId>NOREF</EndToEndId><TxId>FP18250O13905022</TxId></Refs><RltdPties><Dbtr><Nm>Stokes Rosemarie</Nm></Dbtr><DbtrAcct><Id><PrtryAcct><Id>07024610607259</Id></PrtryAcct></Id></DbtrAcct><Cdtr><Nm>ALAN COOPER</Nm></Cdtr><CdtrAcct><Id><PrtryAcct><Id>23008200348833</Id></PrtryAcct></Id></CdtrAcct><Prtry><Tp>R J STOKES</Tp><Pty/></Prtry></RltdPties><RmtInf><Strd><AddtlRmtInf>NO REF</AddtlRmtInf></Strd><Strd><AddtlRmtInf>Stokes Rosemarie//R J STOKES</AddtlRmtInf></Strd></RmtInf><RltdDts><TxDtTm>2018-09-07T10:11:42</TxDtTm></RltdDts><AddtlTxInf>FP18250O13905022  1020180907826070246</AddtlTxInf></TxDtls><AddtlNtryInf>COMPLETE//0000//001//CREDIT</AddtlNtryInf></Ntry><Ntry><Amt Ccy="GBP">60.00</Amt><CdtDbtInd>CRDT</CdtDbtInd><Sts>BOOK</Sts><BookgDt><Dt>2018-09-07</Dt></BookgDt><BkTxCd><Prtry><Cd>SIP UKBA CR 40269</Cd></Prtry></BkTxCd><TxDtls><Refs><EndToEndId>NOREF</EndToEndId><TxId>YBCEB1014422146914</TxId></Refs><RltdPties><Dbtr><Nm>GLI CONTRACTING LIMITED</Nm></Dbtr><DbtrAcct><Id><PrtryAcct><Id>05072224856179</Id></PrtryAcct></Id></DbtrAcct><Cdtr><Nm>LEE ADAMS</Nm></Cdtr><CdtrAcct><Id><PrtryAcct><Id>23008200217463</Id></PrtryAcct></Id></CdtrAcct><Prtry><Tp>GLI CONTRACTING</Tp><Pty/></Prtry></RltdPties><RmtInf><Strd><RfrdDocInf><RfrdDocTp><Prtry>002</Prtry></RfrdDocTp></RfrdDocInf><AddtlRmtInf>NO REF</AddtlRmtInf></Strd><Strd><AddtlRmtInf>GLI CONTRACTING LI//GLI CONTRACTING</AddtlRmtInf></Strd></RmtInf><RltdDts><TxDtTm>2018-09-07T10:14:43</TxDtTm></RltdDts><AddtlTxInf>YBCEB10144221469141020180907826050722</AddtlTxInf></TxDtls><AddtlNtryInf>COMPLETE//0000//001//CREDIT</AddtlNtryInf></Ntry><Ntry><Amt Ccy="GBP">100.00</Amt><CdtDbtInd>CRDT</CdtDbtInd><Sts>BOOK</Sts><BookgDt><Dt>2018-09-07</Dt></BookgDt><BkTxCd><Prtry><Cd>SIP UKBA CR 40269</Cd></Prtry></BkTxCd><TxDtls><Refs><EndToEndId>NOREF</EndToEndId><TxId>YBBPI1016512147204</TxId></Refs><RltdPties><Dbtr><Nm>RICHARD WOOD</Nm></Dbtr><DbtrAcct><Id><PrtryAcct><Id>05002011291543</Id></PrtryAcct></Id></DbtrAcct><Cdtr><Nm>c</Nm></Cdtr><CdtrAcct><Id><PrtryAcct><Id>23008200303446</Id></PrtryAcct></Id></CdtrAcct><Prtry><Tp>chr</Tp><Pty/></Prtry></RltdPties><RmtInf><Strd><RfrdDocInf><RfrdDocTp><Prtry>002</Prtry></RfrdDocTp></RfrdDocInf><AddtlRmtInf>NO REF</AddtlRmtInf></Strd><Strd><AddtlRmtInf>RICHARD WOOD//chr</AddtlRmtInf></Strd></RmtInf><RltdDts><TxDtTm>2018-09-07T10:16:52</TxDtTm></RltdDts><AddtlTxInf>YBBPI10165121472041020180907826050020</AddtlTxInf></TxDtls><AddtlNtryInf>COMPLETE//0000//001//CREDIT</AddtlNtryInf></Ntry><Ntry><Amt Ccy="GBP">20.00</Amt><CdtDbtInd>CRDT</CdtDbtInd><Sts>BOOK</Sts><BookgDt><Dt>2018-09-07</Dt></BookgDt><BkTxCd><Prtry><Cd>SIP UKBA CR 40269</Cd></Prtry></BkTxCd><TxDtls><Refs><EndToEndId>PPWD00000000ALHF58</EndToEndId><TxId>PPWD00000000ALHF58</TxId></Refs><RltdPties><Dbtr><Nm>PayPal</Nm><PstlAdr><AdrLine>2211 N 1st Street San Jose CA 95131</AdrLine><Ctry/></PstlAdr></Dbtr><DbtrAcct><Id><PrtryAcct><Id>23526278959595</Id></PrtryAcct></Id></DbtrAcct><Cdtr><Nm>Owen Derrick</Nm><PstlAdr><AdrLine>227 Clasemont Road</AdrLine><Ctry/></PstlAdr></Cdtr><CdtrAcct><Id><PrtryAcct><Id>23008200432416</Id></PrtryAcct></Id></CdtrAcct><Prtry><Tp>PPWDL4FK22AKVB9CK2</Tp><Pty/></Prtry></RltdPties><RmtInf><Strd><RfrdDocInf><RfrdDocTp><Prtry>002</Prtry></RfrdDocTp></RfrdDocInf><AddtlRmtInf>NO REF</AddtlRmtInf></Strd><Strd><AddtlRmtInf>PayPal//PPWDL4FK22AKVB9CK2</AddtlRmtInf></Strd></RmtInf><RltdDts><TxDtTm>2018-09-07T10:18:59</TxDtTm></RltdDts><AddtlTxInf>PPWD00000000ALHF581020180907826235262</AddtlTxInf></TxDtls><AddtlNtryInf>COMPLETE//0000//001//CREDIT</AddtlNtryInf></Ntry><Ntry><Amt Ccy="GBP">10.00</Amt><CdtDbtInd>CRDT</CdtDbtInd><Sts>BOOK</Sts><BookgDt><Dt>2018-09-07</Dt></BookgDt><BkTxCd><Prtry><Cd>SIP UKBA CR 40269</Cd></Prtry></BkTxCd><TxDtls><Refs><EndToEndId>00153425632BVXNWJG</EndToEndId><TxId>00153425632BVXNWJG</TxId></Refs><RltdPties><Dbtr><Nm>THOMAS GRAHAM</Nm></Dbtr><DbtrAcct><Id><PrtryAcct><Id>09012876143914</Id></PrtryAcct></Id></DbtrAcct><Cdtr><Nm>ME</Nm></Cdtr><CdtrAcct><Id><PrtryAcct><Id>23008200087540</Id></PrtryAcct></Id></CdtrAcct><Prtry><Tp>transfer</Tp><Pty/></Prtry></RltdPties><RmtInf><Strd><AddtlRmtInf>NO REF</AddtlRmtInf></Strd><Strd><AddtlRmtInf>THOMAS GRAHAM//transfer</AddtlRmtInf></Strd></RmtInf><RltdDts><TxDtTm>2018-09-07T10:27:10</TxDtTm></RltdDts><AddtlTxInf>00153425632BVXNWJG1020180907826090128</AddtlTxInf></TxDtls><AddtlNtryInf>COMPLETE//0000//001//CREDIT</AddtlNtryInf></Ntry><Ntry><Amt Ccy="GBP">250.00</Amt><CdtDbtInd>CRDT</CdtDbtInd><Sts>BOOK</Sts><BookgDt><Dt>2018-09-07</Dt></BookgDt><BkTxCd><Prtry><Cd>SIP UKBA CR 40269</Cd></Prtry></BkTxCd><TxDtls><Refs><EndToEndId>NOREF</EndToEndId><TxId>041726547201709001</TxId><Prtry><Tp>STO REF</Tp><Ref>0000</Ref></Prtry></Refs><RltdPties><Dbtr><Nm>BHAMBHANI A</Nm></Dbtr><DbtrAcct><Id><PrtryAcct><Id>40232631692879</Id></PrtryAcct></Id></DbtrAcct><Cdtr><Nm>RAHIM YUSUF</Nm></Cdtr><CdtrAcct><Id><PrtryAcct><Id>23008200432916</Id></PrtryAcct></Id></CdtrAcct><Prtry><Tp>BHAMBHANI</Tp><Pty/></Prtry></RltdPties><RmtInf><Strd><AddtlRmtInf>NO REF</AddtlRmtInf></Strd><Strd><AddtlRmtInf>BHAMBHANI A//BHAMBHANI</AddtlRmtInf></Strd></RmtInf><RltdDts><TxDtTm>2018-09-07T10:27:45</TxDtTm></RltdDts><AddtlTxInf>0417265472017090011020180907826402326</AddtlTxInf></TxDtls><AddtlNtryInf>COMPLETE//0000//001//CREDIT</AddtlNtryInf></Ntry></Ntfctn></BkToCstmrDbtCdtNtfctnV01></Document>