<?xml version="1.0" encoding="UTF-8"?><Document xmlns:xsi="http://www.w3.org/2001/XMLSchema-instance" xmlns="urn:iso:std:iso:20022:tech:xsd:camt.054.001.01"><BkToCstmrDbtCdtNtfctnV01><GrpHdr><MsgId>80309K//13163</MsgId><CreDtTm>2018-09-21T22:30:00</CreDtTm></GrpHdr><Ntfctn><Id>80309K//13163//1</Id><CreDtTm>2018-09-21T22:30:00</CreDtTm><Acct><Id><PrtryAcct><Id>20594233939774</Id></PrtryAcct></Id><Ccy>GBP</Ccy></Acct><TxsSummry><TtlNtries><NbOfNtries>3</NbOfNtries><Sum>90.00</Sum></TtlNtries><TtlCdtNtries><NbOfNtries>3</NbOfNtries><Sum>90.00</Sum></TtlCdtNtries><TtlDbtNtries><NbOfNtries>0</NbOfNtries><Sum>0.00</Sum></TtlDbtNtries></TxsSummry><Ntry><Amt Ccy="GBP">50.00</Amt><CdtDbtInd>CRDT</CdtDbtInd><Sts>BOOK</Sts><BookgDt><Dt>2018-09-24</Dt></BookgDt><BkTxCd><Prtry><Cd>SIP UKBA CR 40269</Cd></Prtry></BkTxCd><TxDtls><Refs><EndToEndId>NOREF</EndToEndId><TxId>RP4679961953786700</TxId></Refs><RltdPties><Dbtr><Nm>SLATTER C</Nm></Dbtr><DbtrAcct><Id><PrtryAcct><Id>20262340758582</Id></PrtryAcct></Id></DbtrAcct><Cdtr><Nm>MR CHRIS SLATTER</Nm></Cdtr><CdtrAcct><Id><PrtryAcct><Id>23008200018934</Id></PrtryAcct></Id></CdtrAcct><Prtry><Tp>BANK</Tp><Pty/></Prtry></RltdPties><RmtInf><Strd><AddtlRmtInf>NO REF</AddtlRmtInf></Strd><Strd><AddtlRmtInf>SLATTER C//BANK</AddtlRmtInf></Strd></RmtInf><RltdDts><TxDtTm>2018-09-21T22:02:56</TxDtTm></RltdDts><AddtlTxInf>RP46799619537867001020180921826200026</AddtlTxInf></TxDtls><AddtlNtryInf>COMPLETE//0000//003//CREDIT</AddtlNtryInf></Ntry><Ntry><Amt Ccy="GBP">10.00</Amt><CdtDbtInd>CRDT</CdtDbtInd><Sts>BOOK</Sts><BookgDt><Dt>2018-09-24</Dt></BookgDt><BkTxCd><Prtry><Cd>DCA UKBA CR 40269</Cd></Prtry></BkTxCd><TxDtls><Refs><EndToEndId>NOREF</EndToEndId><TxId>000000013638601101</TxId><Prtry><Tp>STO REF</Tp><Ref>0000</Ref></Prtry></Refs><RltdPties><Dbtr><Nm>23327202808151</Nm></Dbtr><DbtrAcct><Id><PrtryAcct><Id>20594263428524</Id></PrtryAcct></Id></DbtrAcct><Cdtr><Nm>S LOASBY</Nm></Cdtr><CdtrAcct><Id><PrtryAcct><Id>23008200436470</Id></PrtryAcct></Id></CdtrAcct><Prtry><Tp>PUB</Tp><Pty/></Prtry></RltdPties><RmtInf><Strd><AddtlRmtInf>NO REF</AddtlRmtInf></Strd><Strd><AddtlRmtInf>23327202808151//PUB</AddtlRmtInf></Strd></RmtInf><RltdDts><TxDtTm>2018-09-21T22:16:58</TxDtTm></RltdDts><AddtlTxInf>0000000136386011015020180921826205942</AddtlTxInf></TxDtls><AddtlNtryInf>COMPLETE//0000//003//CREDIT</AddtlNtryInf></Ntry><Ntry><Amt Ccy="GBP">30.00</Amt><CdtDbtInd>CRDT</CdtDbtInd><Sts>BOOK</Sts><BookgDt><Dt>2018-09-24</Dt></BookgDt><BkTxCd><Prtry><Cd>SIP UKBA CR 40269</Cd></Prtry></BkTxCd><TxDtls><Refs><EndToEndId>CASH</EndToEndId><TxId>16222424675144000N</TxId><Prtry><Tp>STO REF</Tp><Ref>0000</Ref></Prtry></Refs><RltdPties><Dbtr><Nm>EZIKE J</Nm></Dbtr><DbtrAcct><Id><PrtryAcct><Id>55612075895455</Id></PrtryAcct></Id></DbtrAcct><Cdtr><Nm>A OKO</Nm></Cdtr><CdtrAcct><Id><PrtryAcct><Id>23008200289804</Id></PrtryAcct></Id></CdtrAcct><Prtry><Tp>CASH</Tp><Pty/></Prtry></RltdPties><RmtInf><Strd><AddtlRmtInf>EZIKE J           CASH              VIA MOBILE - LVP</AddtlRmtInf></Strd><Strd><AddtlRmtInf>EZIKE J//CASH</AddtlRmtInf></Strd></RmtInf><RltdDts><TxDtTm>2018-09-21T22:24:24</TxDtTm></RltdDts><AddtlTxInf>16222424675144000N1020180921826556120</AddtlTxInf></TxDtls><AddtlNtryInf>COMPLETE//0000//003//CREDIT</AddtlNtryInf></Ntry></Ntfctn></BkToCstmrDbtCdtNtfctnV01></Document>