<?xml version="1.0" encoding="UTF-8"?><Document xmlns:xsi="http://www.w3.org/2001/XMLSchema-instance" xmlns="urn:iso:std:iso:20022:tech:xsd:camt.054.001.01"><BkToCstmrDbtCdtNtfctnV01><GrpHdr><MsgId>80309K//12552</MsgId><CreDtTm>2018-09-07T16:30:00</CreDtTm></GrpHdr><Ntfctn><Id>80309K//12552//1</Id><CreDtTm>2018-09-07T16:30:00</CreDtTm><Acct><Id><PrtryAcct><Id>20594233939774</Id></PrtryAcct></Id><Ccy>GBP</Ccy></Acct><TxsSummry><TtlNtries><NbOfNtries>20</NbOfNtries><Sum>3920.31</Sum></TtlNtries><TtlCdtNtries><NbOfNtries>20</NbOfNtries><Sum>3920.31</Sum></TtlCdtNtries><TtlDbtNtries><NbOfNtries>0</NbOfNtries><Sum>0.00</Sum></TtlDbtNtries></TxsSummry><Ntry><Amt Ccy="GBP">949.45</Amt><CdtDbtInd>CRDT</CdtDbtInd><Sts>BOOK</Sts><BookgDt><Dt>2018-09-07</Dt></BookgDt><BkTxCd><Prtry><Cd>FDP UKBA CR 40269</Cd></Prtry></BkTxCd><TxDtls><Refs><EndToEndId>NOREF</EndToEndId><TxId>2168426500617106AH</TxId><Prtry><Tp>STO REF</Tp><Ref>0000</Ref></Prtry></Refs><RltdPties><Dbtr><Nm>NATIONAL NEUROLOGICA</Nm></Dbtr><DbtrAcct><Id><PrtryAcct><Id>40152131662570</Id></PrtryAcct></Id></DbtrAcct><Cdtr><Nm>T YUSSUF</Nm></Cdtr><CdtrAcct><Id><PrtryAcct><Id>23008200289928</Id></PrtryAcct></Id></CdtrAcct><Prtry><Tp>SEPTEMBER PAY</Tp><Pty/></Prtry></RltdPties><RmtInf><Strd><AddtlRmtInf>NO REF</AddtlRmtInf></Strd><Strd><AddtlRmtInf>NATIONAL NEUROLOGI//SEPTEMBER PAY</AddtlRmtInf></Strd></RmtInf><RltdDts><TxDtTm>2018-09-07T16:00:57</TxDtTm></RltdDts><AddtlTxInf>2168426500617106AH4020180907826401521</AddtlTxInf></TxDtls><AddtlNtryInf>COMPLETE//0000//002//CREDIT</AddtlNtryInf></Ntry><Ntry><Amt Ccy="GBP">800.00</Amt><CdtDbtInd>CRDT</CdtDbtInd><Sts>BOOK</Sts><BookgDt><Dt>2018-09-07</Dt></BookgDt><BkTxCd><Prtry><Cd>SIP UKBA CR 40269</Cd></Prtry></BkTxCd><TxDtls><Refs><EndToEndId>NOREF</EndToEndId><TxId>RP4659984080144100</TxId></Refs><RltdPties><Dbtr><Nm>SECURE FM LTD</Nm></Dbtr><DbtrAcct><Id><PrtryAcct><Id>20454550932698</Id></PrtryAcct></Id></DbtrAcct><Cdtr><Nm>RELIEF SECURE</Nm></Cdtr><CdtrAcct><Id><PrtryAcct><Id>23008200017980</Id></PrtryAcct></Id></CdtrAcct><Prtry><Tp>INV</Tp><Pty/></Prtry></RltdPties><RmtInf><Strd><AddtlRmtInf>NO REF</AddtlRmtInf></Strd><Strd><AddtlRmtInf>SECURE FM LTD//INV</AddtlRmtInf></Strd></RmtInf><RltdDts><TxDtTm>2018-09-07T16:02:22</TxDtTm></RltdDts><AddtlTxInf>RP46599840801441001020180907826200026</AddtlTxInf></TxDtls><AddtlNtryInf>COMPLETE//0000//002//CREDIT</AddtlNtryInf></Ntry><Ntry><Amt Ccy="GBP">30.00</Amt><CdtDbtInd>CRDT</CdtDbtInd><Sts>BOOK</Sts><BookgDt><Dt>2018-09-07</Dt></BookgDt><BkTxCd><Prtry><Cd>SIP UKBA CR 40269</Cd></Prtry></BkTxCd><TxDtls><Refs><EndToEndId>00151267632BBDZGJV</EndToEndId><TxId>00151267632BBDZGJV</TxId></Refs><RltdPties><Dbtr><Nm>CLARE FARMER</Nm></Dbtr><DbtrAcct><Id><PrtryAcct><Id>09012679511277</Id></PrtryAcct></Id></DbtrAcct><Cdtr><Nm>BENEDICT ARRO</Nm></Cdtr><CdtrAcct><Id><PrtryAcct><Id>23008200209247</Id></PrtryAcct></Id></CdtrAcct><Prtry><Tp>Household</Tp><Pty/></Prtry></RltdPties><RmtInf><Strd><AddtlRmtInf>NO REF</AddtlRmtInf></Strd><Strd><AddtlRmtInf>CLARE FARMER//Household</AddtlRmtInf></Strd></RmtInf><RltdDts><TxDtTm>2018-09-07T16:04:58</TxDtTm></RltdDts><AddtlTxInf>00151267632BBDZGJV1020180907826090126</AddtlTxInf></TxDtls><AddtlNtryInf>COMPLETE//0000//002//CREDIT</AddtlNtryInf></Ntry><Ntry><Amt Ccy="GBP">40.00</Amt><CdtDbtInd>CRDT</CdtDbtInd><Sts>BOOK</Sts><BookgDt><Dt>2018-09-07</Dt></BookgDt><BkTxCd><Prtry><Cd>SIP UKBA CR 40269</Cd></Prtry></BkTxCd><TxDtls><Refs><EndToEndId>NOREF</EndToEndId><TxId>RP4679960866419800</TxId></Refs><RltdPties><Dbtr><Nm>BRICKNELL MJ+L</Nm></Dbtr><DbtrAcct><Id><PrtryAcct><Id>20974820643882</Id></PrtryAcct></Id></DbtrAcct><Cdtr><Nm>DAREN</Nm></Cdtr><CdtrAcct><Id><PrtryAcct><Id>23008200044955</Id></PrtryAcct></Id></CdtrAcct><Prtry><Tp>CLEANING</Tp><Pty/></Prtry></RltdPties><RmtInf><Strd><AddtlRmtInf>NO REF</AddtlRmtInf></Strd><Strd><AddtlRmtInf>BRICKNELL MJ+L//CLEANING</AddtlRmtInf></Strd></RmtInf><RltdDts><TxDtTm>2018-09-07T16:08:04</TxDtTm></RltdDts><AddtlTxInf>RP46799608664198001020180907826200026</AddtlTxInf></TxDtls><AddtlNtryInf>COMPLETE//0000//002//CREDIT</AddtlNtryInf></Ntry><Ntry><Amt Ccy="GBP">50.00</Amt><CdtDbtInd>CRDT</CdtDbtInd><Sts>BOOK</Sts><BookgDt><Dt>2018-09-07</Dt></BookgDt><BkTxCd><Prtry><Cd>SIP UKBA CR 40269</Cd></Prtry></BkTxCd><TxDtls><Refs><EndToEndId>NOREF</EndToEndId><TxId>RP4659984080801900</TxId></Refs><RltdPties><Dbtr><Nm>ADDOTEY H</Nm></Dbtr><DbtrAcct><Id><PrtryAcct><Id>20674033351394</Id></PrtryAcct></Id></DbtrAcct><Cdtr><Nm>M QUARTEY</Nm></Cdtr><CdtrAcct><Id><PrtryAcct><Id>23008200182550</Id></PrtryAcct></Id></CdtrAcct><Prtry><Tp>BILLS</Tp><Pty/></Prtry></RltdPties><RmtInf><Strd><AddtlRmtInf>NO REF</AddtlRmtInf></Strd><Strd><AddtlRmtInf>ADDOTEY H//BILLS</AddtlRmtInf></Strd></RmtInf><RltdDts><TxDtTm>2018-09-07T16:08:30</TxDtTm></RltdDts><AddtlTxInf>RP46599840808019001020180907826200026</AddtlTxInf></TxDtls><AddtlNtryInf>COMPLETE//0000//002//CREDIT</AddtlNtryInf></Ntry><Ntry><Amt Ccy="GBP">105.00</Amt><CdtDbtInd>CRDT</CdtDbtInd><Sts>BOOK</Sts><BookgDt><Dt>2018-09-07</Dt></BookgDt><BkTxCd><Prtry><Cd>SIP UKBA CR 40269</Cd></Prtry></BkTxCd><TxDtls><Refs><EndToEndId>00151651632BBCRTTL</EndToEndId><TxId>00151651632BBCRTTL</TxId></Refs><RltdPties><Dbtr><Nm>JOSEPH OMUVWIE</Nm></Dbtr><DbtrAcct><Id><PrtryAcct><Id>09012717607852</Id></PrtryAcct></Id></DbtrAcct><Cdtr><Nm>BETIKU</Nm></Cdtr><CdtrAcct><Id><PrtryAcct><Id>23008200037283</Id></PrtryAcct></Id></CdtrAcct><Prtry><Tp>kapersky</Tp><Pty/></Prtry></RltdPties><RmtInf><Strd><AddtlRmtInf>NO REF</AddtlRmtInf></Strd><Strd><AddtlRmtInf>JOSEPH OMUVWIE//kapersky</AddtlRmtInf></Strd></RmtInf><RltdDts><TxDtTm>2018-09-07T16:10:33</TxDtTm></RltdDts><AddtlTxInf>00151651632BBCRTTL1020180907826090127</AddtlTxInf></TxDtls><AddtlNtryInf>COMPLETE//0000//002//CREDIT</AddtlNtryInf></Ntry><Ntry><Amt Ccy="GBP">393.75</Amt><CdtDbtInd>CRDT</CdtDbtInd><Sts>BOOK</Sts><BookgDt><Dt>2018-09-07</Dt></BookgDt><BkTxCd><Prtry><Cd>SIP UKBA CR 40269</Cd></Prtry></BkTxCd><TxDtls><Refs><EndToEndId>NOREF</EndToEndId><TxId>29161047698731000N</TxId><Prtry><Tp>STO REF</Tp><Ref>0000</Ref></Prtry></Refs><RltdPties><Dbtr><Nm>REL PUB CO LIMITED</Nm></Dbtr><DbtrAcct><Id><PrtryAcct><Id>60040484614528</Id></PrtryAcct></Id></DbtrAcct><Cdtr><Nm>TUSCUN</Nm></Cdtr><CdtrAcct><Id><PrtryAcct><Id>23008200039884</Id></PrtryAcct></Id></CdtrAcct><Prtry><Tp>INV11204</Tp><Pty/></Prtry></RltdPties><RmtInf><Strd><AddtlRmtInf>INV11204</AddtlRmtInf></Strd><Strd><AddtlRmtInf>REL PUB CO LIMITED//INV11204</AddtlRmtInf></Strd></RmtInf><RltdDts><TxDtTm>2018-09-07T16:10:48</TxDtTm></RltdDts><AddtlTxInf>29161047698731000N1020180907826600404</AddtlTxInf></TxDtls><AddtlNtryInf>COMPLETE//0000//002//CREDIT</AddtlNtryInf></Ntry><Ntry><Amt Ccy="GBP">55.00</Amt><CdtDbtInd>CRDT</CdtDbtInd><Sts>BOOK</Sts><BookgDt><Dt>2018-09-07</Dt></BookgDt><BkTxCd><Prtry><Cd>SIP UKBA CR 40269</Cd></Prtry></BkTxCd><TxDtls><Refs><EndToEndId>NOREF</EndToEndId><TxId>RP4659984081507100</TxId></Refs><RltdPties><Dbtr><Nm>OLALEYE M</Nm></Dbtr><DbtrAcct><Id><PrtryAcct><Id>20262073928527</Id></PrtryAcct></Id></DbtrAcct><Cdtr><Nm>ANDREW</Nm></Cdtr><CdtrAcct><Id><PrtryAcct><Id>23008200433682</Id></PrtryAcct></Id></CdtrAcct><Prtry><Tp>DAVID</Tp><Pty/></Prtry></RltdPties><RmtInf><Strd><AddtlRmtInf>NO REF</AddtlRmtInf></Strd><Strd><AddtlRmtInf>OLALEYE M//DAVID</AddtlRmtInf></Strd></RmtInf><RltdDts><TxDtTm>2018-09-07T16:15:21</TxDtTm></RltdDts><AddtlTxInf>RP46599840815071001020180907826200026</AddtlTxInf></TxDtls><AddtlNtryInf>COMPLETE//0000//002//CREDIT</AddtlNtryInf></Ntry><Ntry><Amt Ccy="GBP">990.00</Amt><CdtDbtInd>CRDT</CdtDbtInd><Sts>BOOK</Sts><BookgDt><Dt>2018-09-07</Dt></BookgDt><BkTxCd><Prtry><Cd>SIP UKBA CR 40269</Cd></Prtry></BkTxCd><TxDtls><Refs><EndToEndId>NOREF</EndToEndId><TxId>600000000386646860</TxId></Refs><RltdPties><Dbtr><Nm>33 Legal Limited</Nm></Dbtr><DbtrAcct><Id><PrtryAcct><Id>77201926097660</Id></PrtryAcct></Id></DbtrAcct><Cdtr><Nm>1ST ASSIST LEGAL</Nm></Cdtr><CdtrAcct><Id><PrtryAcct><Id>23008200031422</Id></PrtryAcct></Id></CdtrAcct><Prtry><Tp>INV</Tp><Pty/></Prtry></RltdPties><RmtInf><Strd><AddtlRmtInf>NO REF</AddtlRmtInf></Strd><Strd><AddtlRmtInf>33 Legal Limited//INV</AddtlRmtInf></Strd></RmtInf><RltdDts><TxDtTm>2018-09-07T16:16:54</TxDtTm></RltdDts><AddtlTxInf>6000000003866468601020180907826772019</AddtlTxInf></TxDtls><AddtlNtryInf>COMPLETE//0000//002//CREDIT</AddtlNtryInf></Ntry><Ntry><Amt Ccy="GBP">55.00</Amt><CdtDbtInd>CRDT</CdtDbtInd><Sts>BOOK</Sts><BookgDt><Dt>2018-09-07</Dt></BookgDt><BkTxCd><Prtry><Cd>SIP UKBA CR 40269</Cd></Prtry></BkTxCd><TxDtls><Refs><EndToEndId>NOREF</EndToEndId><TxId>RP4659984081700600</TxId></Refs><RltdPties><Dbtr><Nm>OLALEYE M</Nm></Dbtr><DbtrAcct><Id><PrtryAcct><Id>20262073928527</Id></PrtryAcct></Id></DbtrAcct><Cdtr><Nm>WILLIES</Nm></Cdtr><CdtrAcct><Id><PrtryAcct><Id>23008200433505</Id></PrtryAcct></Id></CdtrAcct><Prtry><Tp>DAD</Tp><Pty/></Prtry></RltdPties><RmtInf><Strd><AddtlRmtInf>NO REF</AddtlRmtInf></Strd><Strd><AddtlRmtInf>OLALEYE M//DAD</AddtlRmtInf></Strd></RmtInf><RltdDts><TxDtTm>2018-09-07T16:17:09</TxDtTm></RltdDts><AddtlTxInf>RP46599840817006001020180907826200026</AddtlTxInf></TxDtls><AddtlNtryInf>COMPLETE//0000//002//CREDIT</AddtlNtryInf></Ntry><Ntry><Amt Ccy="GBP">147.11</Amt><CdtDbtInd>CRDT</CdtDbtInd><Sts>BOOK</Sts><BookgDt><Dt>2018-09-07</Dt></BookgDt><BkTxCd><Prtry><Cd>DCA UKBA CR 40269</Cd></Prtry></BkTxCd><TxDtls><Refs><EndToEndId>NOREF</EndToEndId><TxId>000000013509781601</TxId><Prtry><Tp>STO REF</Tp><Ref>0000</Ref></Prtry></Refs><RltdPties><Dbtr><Nm>HAYS SPECIALIST RE</Nm></Dbtr><DbtrAcct><Id><PrtryAcct><Id>20355083326896</Id></PrtryAcct></Id></DbtrAcct><Cdtr><Nm>KAZEEM ANIMASHAUN</Nm></Cdtr><CdtrAcct><Id><PrtryAcct><Id>23008200200738</Id></PrtryAcct></Id></CdtrAcct></RltdPties><RmtInf><Strd><AddtlRmtInf>NO REF</AddtlRmtInf></Strd><Strd><AddtlRmtInf>HAYS SPECIALIST RE//</AddtlRmtInf></Strd></RmtInf><RltdDts><TxDtTm>2018-09-07T16:17:59</TxDtTm></RltdDts><AddtlTxInf>0000000135097816015020180907826203550</AddtlTxInf></TxDtls><AddtlNtryInf>COMPLETE//0000//002//CREDIT</AddtlNtryInf></Ntry><Ntry><Amt Ccy="GBP">50.00</Amt><CdtDbtInd>CRDT</CdtDbtInd><Sts>BOOK</Sts><BookgDt><Dt>2018-09-07</Dt></BookgDt><BkTxCd><Prtry><Cd>SIP UKBA CR 40269</Cd></Prtry></BkTxCd><TxDtls><Refs><EndToEndId>PPWD00000000ALL1PI</EndToEndId><TxId>PPWD00000000ALL1PI</TxId></Refs><RltdPties><Dbtr><Nm>PayPal</Nm><PstlAdr><AdrLine>2211 N 1st Street San Jose CA 95131</AdrLine><Ctry/></PstlAdr></Dbtr><DbtrAcct><Id><PrtryAcct><Id>23526278959595</Id></PrtryAcct></Id></DbtrAcct><Cdtr><Nm>JANET CAIRNS</Nm><PstlAdr><AdrLine>Flat 101</AdrLine><Ctry/></PstlAdr></Cdtr><CdtrAcct><Id><PrtryAcct><Id>23008200412716</Id></PrtryAcct></Id></CdtrAcct><Prtry><Tp>PPWDL4WZ22AKVNP5UL</Tp><Pty/></Prtry></RltdPties><RmtInf><Strd><RfrdDocInf><RfrdDocTp><Prtry>002</Prtry></RfrdDocTp></RfrdDocInf><AddtlRmtInf>NO REF</AddtlRmtInf></Strd><Strd><AddtlRmtInf>PayPal//PPWDL4WZ22AKVNP5UL</AddtlRmtInf></Strd></RmtInf><RltdDts><TxDtTm>2018-09-07T16:19:18</TxDtTm></RltdDts><AddtlTxInf>PPWD00000000ALL1PI1020180907826235262</AddtlTxInf></TxDtls><AddtlNtryInf>COMPLETE//0000//002//CREDIT</AddtlNtryInf></Ntry><Ntry><Amt Ccy="GBP">10.00</Amt><CdtDbtInd>CRDT</CdtDbtInd><Sts>BOOK</Sts><BookgDt><Dt>2018-09-07</Dt></BookgDt><BkTxCd><Prtry><Cd>SIP UKBA CR 40269</Cd></Prtry></BkTxCd><TxDtls><Refs><EndToEndId>PPWD00000000ALL25M</EndToEndId><TxId>PPWD00000000ALL25M</TxId></Refs><RltdPties><Dbtr><Nm>PayPal</Nm><PstlAdr><AdrLine>2211 N 1st Street San Jose CA 95131</AdrLine><Ctry/></PstlAdr></Dbtr><DbtrAcct><Id><PrtryAcct><Id>23526278959595</Id></PrtryAcct></Id></DbtrAcct><Cdtr><Nm>JANET CAIRNS</Nm><PstlAdr><AdrLine>Flat 101</AdrLine><Ctry/></PstlAdr></Cdtr><CdtrAcct><Id><PrtryAcct><Id>23008200412716</Id></PrtryAcct></Id></CdtrAcct><Prtry><Tp>PPWDL4WZ22AKVNQ69Y</Tp><Pty/></Prtry></RltdPties><RmtInf><Strd><RfrdDocInf><RfrdDocTp><Prtry>002</Prtry></RfrdDocTp></RfrdDocInf><AddtlRmtInf>NO REF</AddtlRmtInf></Strd><Strd><AddtlRmtInf>PayPal//PPWDL4WZ22AKVNQ69Y</AddtlRmtInf></Strd></RmtInf><RltdDts><TxDtTm>2018-09-07T16:20:35</TxDtTm></RltdDts><AddtlTxInf>PPWD00000000ALL25M1020180907826235262</AddtlTxInf></TxDtls><AddtlNtryInf>COMPLETE//0000//002//CREDIT</AddtlNtryInf></Ntry><Ntry><Amt Ccy="GBP">100.00</Amt><CdtDbtInd>CRDT</CdtDbtInd><Sts>BOOK</Sts><BookgDt><Dt>2018-09-07</Dt></BookgDt><BkTxCd><Prtry><Cd>SIP UKBA CR 40269</Cd></Prtry></BkTxCd><TxDtls><Refs><EndToEndId>NOREF</EndToEndId><TxId>180907162149840560</TxId></Refs><RltdPties><Dbtr><Nm>Marlena Krempa</Nm></Dbtr><DbtrAcct><Id><PrtryAcct><Id>77194102174468</Id></PrtryAcct></Id></DbtrAcct><Cdtr><Nm>Marlena KrempaArro</Nm></Cdtr><CdtrAcct><Id><PrtryAcct><Id>23008200427242</Id></PrtryAcct></Id></CdtrAcct></RltdPties><RmtInf><Strd><AddtlRmtInf>NO REF</AddtlRmtInf></Strd><Strd><AddtlRmtInf>Marlena Krempa//</AddtlRmtInf></Strd></RmtInf><RltdDts><TxDtTm>2018-09-07T16:21:47</TxDtTm></RltdDts><AddtlTxInf>1809071621498405601020180907826771941</AddtlTxInf></TxDtls><AddtlNtryInf>COMPLETE//0000//002//CREDIT</AddtlNtryInf></Ntry><Ntry><Amt Ccy="GBP">29.00</Amt><CdtDbtInd>CRDT</CdtDbtInd><Sts>BOOK</Sts><BookgDt><Dt>2018-09-07</Dt></BookgDt><BkTxCd><Prtry><Cd>DCA UKBA CR 40269</Cd></Prtry></BkTxCd><TxDtls><Refs><EndToEndId>NOREF</EndToEndId><TxId>000000013510119201</TxId><Prtry><Tp>STO REF</Tp><Ref>8207</Ref></Prtry></Refs><RltdPties><Dbtr><Nm>EVA AMBER DONKER</Nm></Dbtr><DbtrAcct><Id><PrtryAcct><Id>20035373152596</Id></PrtryAcct></Id></DbtrAcct><Cdtr><Nm>ADEOLU JAMES</Nm></Cdtr><CdtrAcct><Id><PrtryAcct><Id>23008200433820</Id></PrtryAcct></Id></CdtrAcct><Prtry><Tp>ADEOLU JAMES</Tp><Pty/></Prtry></RltdPties><RmtInf><Strd><AddtlRmtInf>NO REF</AddtlRmtInf></Strd><Strd><AddtlRmtInf>EVA AMBER DONKER//ADEOLU JAMES</AddtlRmtInf></Strd></RmtInf><RltdDts><TxDtTm>2018-09-07T16:22:32</TxDtTm></RltdDts><AddtlTxInf>0000000135101192015020180907826200353</AddtlTxInf></TxDtls><AddtlNtryInf>COMPLETE//0000//002//CREDIT</AddtlNtryInf></Ntry><Ntry><Amt Ccy="GBP">29.00</Amt><CdtDbtInd>CRDT</CdtDbtInd><Sts>BOOK</Sts><BookgDt><Dt>2018-09-07</Dt></BookgDt><BkTxCd><Prtry><Cd>DCA UKBA CR 40269</Cd></Prtry></BkTxCd><TxDtls><Refs><EndToEndId>NOREF</EndToEndId><TxId>000000013510119801</TxId><Prtry><Tp>STO REF</Tp><Ref>8207</Ref></Prtry></Refs><RltdPties><Dbtr><Nm>EVA AMBER DONKER</Nm></Dbtr><DbtrAcct><Id><PrtryAcct><Id>20035373152596</Id></PrtryAcct></Id></DbtrAcct><Cdtr><Nm>MARGARET LAWSOB</Nm></Cdtr><CdtrAcct><Id><PrtryAcct><Id>23008200433825</Id></PrtryAcct></Id></CdtrAcct><Prtry><Tp>MARGARET  LAWSOB</Tp><Pty/></Prtry></RltdPties><RmtInf><Strd><AddtlRmtInf>NO REF</AddtlRmtInf></Strd><Strd><AddtlRmtInf>EVA AMBER DONKER//MARGARET  LAWSOB</AddtlRmtInf></Strd></RmtInf><RltdDts><TxDtTm>2018-09-07T16:22:32</TxDtTm></RltdDts><AddtlTxInf>0000000135101198015020180907826200353</AddtlTxInf></TxDtls><AddtlNtryInf>COMPLETE//0000//002//CREDIT</AddtlNtryInf></Ntry><Ntry><Amt Ccy="GBP">50.00</Amt><CdtDbtInd>CRDT</CdtDbtInd><Sts>BOOK</Sts><BookgDt><Dt>2018-09-07</Dt></BookgDt><BkTxCd><Prtry><Cd>SIP UKBA CR 40269</Cd></Prtry></BkTxCd><TxDtls><Refs><EndToEndId>PPWD00000000ALL3WI</EndToEndId><TxId>PPWD00000000ALL3WI</TxId></Refs><RltdPties><Dbtr><Nm>PayPal</Nm><PstlAdr><AdrLine>2211 N 1st Street San Jose CA 95131</AdrLine><Ctry/></PstlAdr></Dbtr><DbtrAcct><Id><PrtryAcct><Id>23526278959595</Id></PrtryAcct></Id></DbtrAcct><Cdtr><Nm>Michael  Pursglove</Nm><PstlAdr><AdrLine>179, Moorhey Road</AdrLine><Ctry/></PstlAdr></Cdtr><CdtrAcct><Id><PrtryAcct><Id>23008200419521</Id></PrtryAcct></Id></CdtrAcct><Prtry><Tp>PPWDL4JEJ2AKVNTGWG</Tp><Pty/></Prtry></RltdPties><RmtInf><Strd><RfrdDocInf><RfrdDocTp><Prtry>002</Prtry></RfrdDocTp></RfrdDocInf><AddtlRmtInf>NO REF</AddtlRmtInf></Strd><Strd><AddtlRmtInf>PayPal//PPWDL4JEJ2AKVNTGWG</AddtlRmtInf></Strd></RmtInf><RltdDts><TxDtTm>2018-09-07T16:25:36</TxDtTm></RltdDts><AddtlTxInf>PPWD00000000ALL3WI1020180907826235262</AddtlTxInf></TxDtls><AddtlNtryInf>COMPLETE//0000//002//CREDIT</AddtlNtryInf></Ntry><Ntry><Amt Ccy="GBP">17.00</Amt><CdtDbtInd>CRDT</CdtDbtInd><Sts>BOOK</Sts><BookgDt><Dt>2018-09-07</Dt></BookgDt><BkTxCd><Prtry><Cd>SIP UKBA CR 40269</Cd></Prtry></BkTxCd><TxDtls><Refs><EndToEndId>NOREF</EndToEndId><TxId>915054427261709001</TxId><Prtry><Tp>STO REF</Tp><Ref>0000</Ref></Prtry></Refs><RltdPties><Dbtr><Nm>MARTIN D J</Nm></Dbtr><DbtrAcct><Id><PrtryAcct><Id>40433182859475</Id></PrtryAcct></Id></DbtrAcct><Cdtr><Nm>Arro account</Nm></Cdtr><CdtrAcct><Id><PrtryAcct><Id>23008200289809</Id></PrtryAcct></Id></CdtrAcct><Prtry><Tp>Money in</Tp><Pty/></Prtry></RltdPties><RmtInf><Strd><AddtlRmtInf>NO REF</AddtlRmtInf></Strd><Strd><AddtlRmtInf>MARTIN D J//Money in</AddtlRmtInf></Strd></RmtInf><RltdDts><TxDtTm>2018-09-07T16:27:24</TxDtTm></RltdDts><AddtlTxInf>9150544272617090011020180907826404331</AddtlTxInf></TxDtls><AddtlNtryInf>COMPLETE//0000//002//CREDIT</AddtlNtryInf></Ntry><Ntry><Amt Ccy="GBP">15.00</Amt><CdtDbtInd>CRDT</CdtDbtInd><Sts>BOOK</Sts><BookgDt><Dt>2018-09-07</Dt></BookgDt><BkTxCd><Prtry><Cd>SIP UKBA CR 40269</Cd></Prtry></BkTxCd><TxDtls><Refs><EndToEndId>NOREF</EndToEndId><TxId>RP4679960868778300</TxId></Refs><RltdPties><Dbtr><Nm>MURRAY A</Nm></Dbtr><DbtrAcct><Id><PrtryAcct><Id>20253650771422</Id></PrtryAcct></Id></DbtrAcct><Cdtr><Nm>AARON NEW</Nm></Cdtr><CdtrAcct><Id><PrtryAcct><Id>23008200313840</Id></PrtryAcct></Id></CdtrAcct><Prtry><Tp>ANNA</Tp><Pty/></Prtry></RltdPties><RmtInf><Strd><AddtlRmtInf>NO REF</AddtlRmtInf></Strd><Strd><AddtlRmtInf>MURRAY A//ANNA</AddtlRmtInf></Strd></RmtInf><RltdDts><TxDtTm>2018-09-07T16:29:24</TxDtTm></RltdDts><AddtlTxInf>RP46799608687783001020180907826200026</AddtlTxInf></TxDtls><AddtlNtryInf>COMPLETE//0000//002//CREDIT</AddtlNtryInf></Ntry><Ntry><Amt Ccy="GBP">5.00</Amt><CdtDbtInd>CRDT</CdtDbtInd><Sts>BOOK</Sts><BookgDt><Dt>2018-09-07</Dt></BookgDt><BkTxCd><Prtry><Cd>SIP UKBA CR 40269</Cd></Prtry></BkTxCd><TxDtls><Refs><EndToEndId>NOREF</EndToEndId><TxId>RP4679960868856300</TxId></Refs><RltdPties><Dbtr><Nm>LEWIS R</Nm></Dbtr><DbtrAcct><Id><PrtryAcct><Id>20253610687197</Id></PrtryAcct></Id></DbtrAcct><Cdtr><Nm>NICK REES</Nm></Cdtr><CdtrAcct><Id><PrtryAcct><Id>23008200233069</Id></PrtryAcct></Id></CdtrAcct><Prtry><Tp>HIV</Tp><Pty/></Prtry></RltdPties><RmtInf><Strd><AddtlRmtInf>NO REF</AddtlRmtInf></Strd><Strd><AddtlRmtInf>LEWIS R//HIV</AddtlRmtInf></Strd></RmtInf><RltdDts><TxDtTm>2018-09-07T16:29:56</TxDtTm></RltdDts><AddtlTxInf>RP46799608688563001020180907826200026</AddtlTxInf></TxDtls><AddtlNtryInf>COMPLETE//0000//002//CREDIT</AddtlNtryInf></Ntry></Ntfctn></BkToCstmrDbtCdtNtfctnV01></Document>