<?xml version="1.0" encoding="UTF-8"?><Document xmlns:xsi="http://www.w3.org/2001/XMLSchema-instance" xmlns="urn:iso:std:iso:20022:tech:xsd:camt.054.001.01"><BkToCstmrDbtCdtNtfctnV01><GrpHdr><MsgId>80309K//12353</MsgId><CreDtTm>2018-09-03T07:30:00</CreDtTm></GrpHdr><Ntfctn><Id>80309K//12353//1</Id><CreDtTm>2018-09-03T07:30:00</CreDtTm><Acct><Id><PrtryAcct><Id>20594233939774</Id></PrtryAcct></Id><Ccy>GBP</Ccy></Acct><TxsSummry><TtlNtries><NbOfNtries>2</NbOfNtries><Sum>101.77</Sum></TtlNtries><TtlCdtNtries><NbOfNtries>2</NbOfNtries><Sum>101.77</Sum></TtlCdtNtries><TtlDbtNtries><NbOfNtries>0</NbOfNtries><Sum>0.00</Sum></TtlDbtNtries></TxsSummry><Ntry><Amt Ccy="GBP">91.77</Amt><CdtDbtInd>CRDT</CdtDbtInd><Sts>BOOK</Sts><BookgDt><Dt>2018-09-03</Dt></BookgDt><BkTxCd><Prtry><Cd>SIP UKBA CR 40269</Cd></Prtry></BkTxCd><TxDtls><Refs><EndToEndId>NOREF</EndToEndId><TxId>35070821058548000N</TxId><Prtry><Tp>STO REF</Tp><Ref>0000</Ref></Prtry></Refs><RltdPties><Dbtr><Nm>DWPGB UC FASTER PA</Nm></Dbtr><DbtrAcct><Id><PrtryAcct><Id>60708010025855</Id></PrtryAcct></Id></DbtrAcct><Cdtr><Nm>DYLAN WILLIAMS</Nm></Cdtr><CdtrAcct><Id><PrtryAcct><Id>23008200064954</Id></PrtryAcct></Id></CdtrAcct><Prtry><Tp>000Q45T1R DWP UC</Tp><Pty/></Prtry></RltdPties><RmtInf><Strd><AddtlRmtInf>000Q45T1R DWP UC</AddtlRmtInf></Strd><Strd><AddtlRmtInf>DWPGB UC FASTER PA//000Q45T1R DWP UC</AddtlRmtInf></Strd></RmtInf><RltdDts><TxDtTm>2018-09-03T07:08:21</TxDtTm></RltdDts><AddtlTxInf>35070821058548000N1020180903826607080</AddtlTxInf></TxDtls><AddtlNtryInf>COMPLETE//0000//001//CREDIT</AddtlNtryInf></Ntry><Ntry><Amt Ccy="GBP">10.00</Amt><CdtDbtInd>CRDT</CdtDbtInd><Sts>BOOK</Sts><BookgDt><Dt>2018-09-03</Dt></BookgDt><BkTxCd><Prtry><Cd>DCA UKBA CR 40269</Cd></Prtry></BkTxCd><TxDtls><Refs><EndToEndId>NOREF</EndToEndId><TxId>000000013448220301</TxId><Prtry><Tp>STO REF</Tp><Ref>0000</Ref></Prtry></Refs><RltdPties><Dbtr><Nm>23327201561444</Nm></Dbtr><DbtrAcct><Id><PrtryAcct><Id>20594263428524</Id></PrtryAcct></Id></DbtrAcct><Cdtr><Nm>PATRIK DEMETER</Nm></Cdtr><CdtrAcct><Id><PrtryAcct><Id>23008200412094</Id></PrtryAcct></Id></CdtrAcct><Prtry><Tp>5574220192463486</Tp><Pty/></Prtry></RltdPties><RmtInf><Strd><AddtlRmtInf>NO REF</AddtlRmtInf></Strd><Strd><AddtlRmtInf>23327201561444//5574220192463486</AddtlRmtInf></Strd></RmtInf><RltdDts><TxDtTm>2018-09-03T07:16:49</TxDtTm></RltdDts><AddtlTxInf>0000000134482203015020180903826205942</AddtlTxInf></TxDtls><AddtlNtryInf>COMPLETE//0000//001//CREDIT</AddtlNtryInf></Ntry></Ntfctn></BkToCstmrDbtCdtNtfctnV01></Document>