<?xml version="1.0" encoding="UTF-8"?><Document xmlns:xsi="http://www.w3.org/2001/XMLSchema-instance" xmlns="urn:iso:std:iso:20022:tech:xsd:camt.054.001.01"><BkToCstmrDbtCdtNtfctnV01><GrpHdr><MsgId>80309K//13043</MsgId><CreDtTm>2018-09-19T08:00:00</CreDtTm></GrpHdr><Ntfctn><Id>80309K//13043//1</Id><CreDtTm>2018-09-19T08:00:00</CreDtTm><Acct><Id><PrtryAcct><Id>20594233939774</Id></PrtryAcct></Id><Ccy>GBP</Ccy></Acct><TxsSummry><TtlNtries><NbOfNtries>3</NbOfNtries><Sum>1547.00</Sum></TtlNtries><TtlCdtNtries><NbOfNtries>3</NbOfNtries><Sum>1547.00</Sum></TtlCdtNtries><TtlDbtNtries><NbOfNtries>0</NbOfNtries><Sum>0.00</Sum></TtlDbtNtries></TxsSummry><Ntry><Amt Ccy="GBP">185.00</Amt><CdtDbtInd>CRDT</CdtDbtInd><Sts>BOOK</Sts><BookgDt><Dt>2018-09-19</Dt></BookgDt><BkTxCd><Prtry><Cd>SIP UKBA CR 40269</Cd></Prtry></BkTxCd><TxDtls><Refs><EndToEndId>5000000638zPOBAMPES</EndToEndId><TxId>DF0000006435100300</TxId></Refs><RltdPties><Dbtr><Nm>TSE Malta LP</Nm><PstlAdr><AdrLine>57/63 Line Wall RoadGibraltarEC4N 8</AdrLine><AdrLine>AF</AdrLine><Ctry/></PstlAdr></Dbtr><DbtrAcct><Id><PrtryAcct><Id>20364763140148</Id></PrtryAcct></Id></DbtrAcct><Cdtr><Nm>Sebastian Ody</Nm><PstlAdr><AdrLine>60 Marlowe DriveLiverpoolL12 7LTGB</AdrLine><Ctry/></PstlAdr></Cdtr><CdtrAcct><Id><PrtryAcct><Id>23008200439985</Id></PrtryAcct></Id></CdtrAcct><Prtry><Tp>/PAYER ACC/POBAMPE</Tp><Pty/></Prtry></RltdPties><RmtInf><Strd><AddtlRmtInf>/PAYER ACC/POBAMPES/-90066839547</AddtlRmtInf></Strd><Strd><AddtlRmtInf>TSE Malta LP///PAYER ACC/POBAMPE</AddtlRmtInf></Strd></RmtInf><RltdDts><TxDtTm>2018-09-19T07:36:58</TxDtTm></RltdDts><AddtlTxInf>DF00000064351003001020180919826200000</AddtlTxInf></TxDtls><AddtlNtryInf>COMPLETE//0000//001//CREDIT</AddtlNtryInf></Ntry><Ntry><Amt Ccy="GBP">1262.00</Amt><CdtDbtInd>CRDT</CdtDbtInd><Sts>BOOK</Sts><BookgDt><Dt>2018-09-19</Dt></BookgDt><BkTxCd><Prtry><Cd>DCA UKBA CR 40269</Cd></Prtry></BkTxCd><TxDtls><Refs><EndToEndId>NOREF</EndToEndId><TxId>000000013605415001</TxId><Prtry><Tp>STO REF</Tp><Ref>4431</Ref></Prtry></Refs><RltdPties><Dbtr><Nm>GRZEGORZ SOBCZYK</Nm></Dbtr><DbtrAcct><Id><PrtryAcct><Id>20035373152596</Id></PrtryAcct></Id></DbtrAcct><Cdtr><Nm>WIESLAW ZUREK</Nm></Cdtr><CdtrAcct><Id><PrtryAcct><Id>23008200394935</Id></PrtryAcct></Id></CdtrAcct><Prtry><Tp>FROM GRZEGORZ SOBC</Tp><Pty/></Prtry></RltdPties><RmtInf><Strd><AddtlRmtInf>NO REF</AddtlRmtInf></Strd><Strd><AddtlRmtInf>GRZEGORZ SOBCZYK//FROM GRZEGORZ SOBC</AddtlRmtInf></Strd></RmtInf><RltdDts><TxDtTm>2018-09-19T07:51:58</TxDtTm></RltdDts><AddtlTxInf>0000000136054150015020180919826200353</AddtlTxInf></TxDtls><AddtlNtryInf>COMPLETE//0000//001//CREDIT</AddtlNtryInf></Ntry><Ntry><Amt Ccy="GBP">100.00</Amt><CdtDbtInd>CRDT</CdtDbtInd><Sts>BOOK</Sts><BookgDt><Dt>2018-09-19</Dt></BookgDt><BkTxCd><Prtry><Cd>SIP UKBA CR 40269</Cd></Prtry></BkTxCd><TxDtls><Refs><EndToEndId>NOREF</EndToEndId><TxId>180919075857932076</TxId></Refs><RltdPties><Dbtr><Nm>Linda Scott</Nm></Dbtr><DbtrAcct><Id><PrtryAcct><Id>87430474544460</Id></PrtryAcct></Id></DbtrAcct><Cdtr><Nm>MR ASHRAF</Nm></Cdtr><CdtrAcct><Id><PrtryAcct><Id>23008200401667</Id></PrtryAcct></Id></CdtrAcct><Prtry><Tp>Linda</Tp><Pty/></Prtry></RltdPties><RmtInf><Strd><AddtlRmtInf>NO REF</AddtlRmtInf></Strd><Strd><AddtlRmtInf>Linda Scott//Linda</AddtlRmtInf></Strd></RmtInf><RltdDts><TxDtTm>2018-09-19T07:58:55</TxDtTm></RltdDts><AddtlTxInf>1809190758579320761020180919826874304</AddtlTxInf></TxDtls><AddtlNtryInf>COMPLETE//0000//001//CREDIT</AddtlNtryInf></Ntry></Ntfctn></BkToCstmrDbtCdtNtfctnV01></Document>