<?xml version="1.0" encoding="UTF-8"?><Document xmlns:xsi="http://www.w3.org/2001/XMLSchema-instance" xmlns="urn:iso:std:iso:20022:tech:xsd:camt.054.001.01"><BkToCstmrDbtCdtNtfctnV01><GrpHdr><MsgId>80309K//13214</MsgId><CreDtTm>2018-09-23T06:30:00</CreDtTm></GrpHdr><Ntfctn><Id>80309K//13214//1</Id><CreDtTm>2018-09-23T06:30:00</CreDtTm><Acct><Id><PrtryAcct><Id>20594233939774</Id></PrtryAcct></Id><Ccy>GBP</Ccy></Acct><TxsSummry><TtlNtries><NbOfNtries>1</NbOfNtries><Sum>0.64</Sum></TtlNtries><TtlCdtNtries><NbOfNtries>1</NbOfNtries><Sum>0.64</Sum></TtlCdtNtries><TtlDbtNtries><NbOfNtries>0</NbOfNtries><Sum>0.00</Sum></TtlDbtNtries></TxsSummry><Ntry><Amt Ccy="GBP">0.64</Amt><CdtDbtInd>CRDT</CdtDbtInd><Sts>BOOK</Sts><BookgDt><Dt>2018-09-24</Dt></BookgDt><BkTxCd><Prtry><Cd>SIP UKBA CR 40269</Cd></Prtry></BkTxCd><TxDtls><Refs><EndToEndId>NOREF</EndToEndId><TxId>87728954516049F8SW</TxId><Prtry><Tp>STO REF</Tp><Ref>0000</Ref></Prtry></Refs><RltdPties><Dbtr><Nm>MISS NATALIE CLARKE</Nm><PstlAdr><AdrLine>82 ST NICHOLAS STREET;COVENTRY;WE;</AdrLine><AdrLine>ST MIDLANDS               CV1 4BP</AdrLine><Ctry/></PstlAdr></Dbtr><DbtrAcct><Id><PrtryAcct><Id>40642012437776</Id></PrtryAcct></Id></DbtrAcct><Cdtr><Nm>SCENTUAL BUTTERFLY</Nm></Cdtr><CdtrAcct><Id><PrtryAcct><Id>23008200413641</Id></PrtryAcct></Id></CdtrAcct></RltdPties><RmtInf><Strd><AddtlRmtInf>NO REF</AddtlRmtInf></Strd><Strd><AddtlRmtInf>MISS NATALIE CLARK//</AddtlRmtInf></Strd></RmtInf><RltdDts><TxDtTm>2018-09-23T06:16:15</TxDtTm></RltdDts><AddtlTxInf>87728954516049F8SW1020180923826400250</AddtlTxInf></TxDtls><AddtlNtryInf>COMPLETE//0000//003//CREDIT</AddtlNtryInf></Ntry></Ntfctn></BkToCstmrDbtCdtNtfctnV01></Document>