<?xml version="1.0" encoding="UTF-8"?><Document xmlns:xsi="http://www.w3.org/2001/XMLSchema-instance" xmlns="urn:iso:std:iso:20022:tech:xsd:camt.054.001.01"><BkToCstmrDbtCdtNtfctnV01><GrpHdr><MsgId>80309K//12322</MsgId><CreDtTm>2018-09-02T15:00:00</CreDtTm></GrpHdr><Ntfctn><Id>80309K//12322//1</Id><CreDtTm>2018-09-02T15:00:00</CreDtTm><Acct><Id><PrtryAcct><Id>20594233939774</Id></PrtryAcct></Id><Ccy>GBP</Ccy></Acct><TxsSummry><TtlNtries><NbOfNtries>1</NbOfNtries><Sum>2000.00</Sum></TtlNtries><TtlCdtNtries><NbOfNtries>1</NbOfNtries><Sum>2000.00</Sum></TtlCdtNtries><TtlDbtNtries><NbOfNtries>0</NbOfNtries><Sum>0.00</Sum></TtlDbtNtries></TxsSummry><Ntry><Amt Ccy="GBP">2000.00</Amt><CdtDbtInd>CRDT</CdtDbtInd><Sts>BOOK</Sts><BookgDt><Dt>2018-09-03</Dt></BookgDt><BkTxCd><Prtry><Cd>FDP UKBA CR 40269</Cd></Prtry></BkTxCd><TxDtls><Refs><EndToEndId>NOREF</EndToEndId><TxId>838668947241209001</TxId><Prtry><Tp>STO REF</Tp><Ref>0000</Ref></Prtry></Refs><RltdPties><Dbtr><Nm>PATEL E</Nm></Dbtr><DbtrAcct><Id><PrtryAcct><Id>40160824136349</Id></PrtryAcct></Id></DbtrAcct><Cdtr><Nm>Patel</Nm></Cdtr><CdtrAcct><Id><PrtryAcct><Id>23008200100030</Id></PrtryAcct></Id></CdtrAcct><Prtry><Tp>PATEL32013584</Tp><Pty/></Prtry></RltdPties><RmtInf><Strd><AddtlRmtInf>NO REF</AddtlRmtInf></Strd><Strd><AddtlRmtInf>PATEL E//PATEL32013584</AddtlRmtInf></Strd></RmtInf><RltdDts><TxDtTm>2018-09-02T14:45:02</TxDtTm></RltdDts><AddtlTxInf>8386689472412090014020180902826401608</AddtlTxInf></TxDtls><AddtlNtryInf>COMPLETE//0000//003//CREDIT</AddtlNtryInf></Ntry></Ntfctn></BkToCstmrDbtCdtNtfctnV01></Document>