<?xml version="1.0" encoding="UTF-8"?><Document xmlns:xsi="http://www.w3.org/2001/XMLSchema-instance" xmlns="urn:iso:std:iso:20022:tech:xsd:camt.054.001.01"><BkToCstmrDbtCdtNtfctnV01><GrpHdr><MsgId>80309K//12844</MsgId><CreDtTm>2018-09-14T13:30:00</CreDtTm></GrpHdr><Ntfctn><Id>80309K//12844//1</Id><CreDtTm>2018-09-14T13:30:00</CreDtTm><Acct><Id><PrtryAcct><Id>20594233939774</Id></PrtryAcct></Id><Ccy>GBP</Ccy></Acct><TxsSummry><TtlNtries><NbOfNtries>10</NbOfNtries><Sum>3815.97</Sum></TtlNtries><TtlCdtNtries><NbOfNtries>10</NbOfNtries><Sum>3815.97</Sum></TtlCdtNtries><TtlDbtNtries><NbOfNtries>0</NbOfNtries><Sum>0.00</Sum></TtlDbtNtries></TxsSummry><Ntry><Amt Ccy="GBP">2.71</Amt><CdtDbtInd>CRDT</CdtDbtInd><Sts>BOOK</Sts><BookgDt><Dt>2018-09-14</Dt></BookgDt><BkTxCd><Prtry><Cd>DCA UKBA CR 40269</Cd></Prtry></BkTxCd><TxDtls><Refs><EndToEndId>NOREF</EndToEndId><TxId>000000013567417301</TxId><Prtry><Tp>STO REF</Tp><Ref>0000</Ref></Prtry></Refs><RltdPties><Dbtr><Nm>000001</Nm></Dbtr><DbtrAcct><Id><PrtryAcct><Id>20594233674975</Id></PrtryAcct></Id></DbtrAcct><Cdtr><Nm>INGRID CLEARY</Nm></Cdtr><CdtrAcct><Id><PrtryAcct><Id>23008200181069</Id></PrtryAcct></Id></CdtrAcct><Prtry><Tp>L021704</Tp><Pty/></Prtry></RltdPties><RmtInf><Strd><AddtlRmtInf>NO REF</AddtlRmtInf></Strd><Strd><AddtlRmtInf>000001//L021704</AddtlRmtInf></Strd></RmtInf><RltdDts><TxDtTm>2018-09-14T13:00:39</TxDtTm></RltdDts><AddtlTxInf>0000000135674173015020180914826205942</AddtlTxInf></TxDtls><AddtlNtryInf>COMPLETE//0000//001//CREDIT</AddtlNtryInf></Ntry><Ntry><Amt Ccy="GBP">608.00</Amt><CdtDbtInd>CRDT</CdtDbtInd><Sts>BOOK</Sts><BookgDt><Dt>2018-09-14</Dt></BookgDt><BkTxCd><Prtry><Cd>SIP UKBA CR 40269</Cd></Prtry></BkTxCd><TxDtls><Refs><EndToEndId>NOREF</EndToEndId><TxId>RP4679961374484600</TxId></Refs><RltdPties><Dbtr><Nm>CONTINENTAL COAC</Nm></Dbtr><DbtrAcct><Id><PrtryAcct><Id>20658920815462</Id></PrtryAcct></Id></DbtrAcct><Cdtr><Nm>KEVIN MURPHY</Nm></Cdtr><CdtrAcct><Id><PrtryAcct><Id>23008200133803</Id></PrtryAcct></Id></CdtrAcct><Prtry><Tp>WORK</Tp><Pty/></Prtry></RltdPties><RmtInf><Strd><AddtlRmtInf>NO REF</AddtlRmtInf></Strd><Strd><AddtlRmtInf>CONTINENTAL COAC//WORK</AddtlRmtInf></Strd></RmtInf><RltdDts><TxDtTm>2018-09-14T13:02:14</TxDtTm></RltdDts><AddtlTxInf>RP46799613744846001020180914826200026</AddtlTxInf></TxDtls><AddtlNtryInf>COMPLETE//0000//002//CREDIT</AddtlNtryInf></Ntry><Ntry><Amt Ccy="GBP">26.84</Amt><CdtDbtInd>CRDT</CdtDbtInd><Sts>BOOK</Sts><BookgDt><Dt>2018-09-14</Dt></BookgDt><BkTxCd><Prtry><Cd>SIP UKBA CR 40269</Cd></Prtry></BkTxCd><TxDtls><Refs><EndToEndId>00151092632BBJJLZX</EndToEndId><TxId>00151092632BBJJLZX</TxId></Refs><RltdPties><Dbtr><Nm>HAZEL CORE</Nm></Dbtr><DbtrAcct><Id><PrtryAcct><Id>09012834385390</Id></PrtryAcct></Id></DbtrAcct><Cdtr><Nm>ARRO CARD</Nm></Cdtr><CdtrAcct><Id><PrtryAcct><Id>23008200014496</Id></PrtryAcct></Id></CdtrAcct><Prtry><Tp>phone bill</Tp><Pty/></Prtry></RltdPties><RmtInf><Strd><AddtlRmtInf>NO REF</AddtlRmtInf></Strd><Strd><AddtlRmtInf>HAZEL CORE//phone bill</AddtlRmtInf></Strd></RmtInf><RltdDts><TxDtTm>2018-09-14T13:03:32</TxDtTm></RltdDts><AddtlTxInf>00151092632BBJJLZX1020180914826090128</AddtlTxInf></TxDtls><AddtlNtryInf>COMPLETE//0000//002//CREDIT</AddtlNtryInf></Ntry><Ntry><Amt Ccy="GBP">317.82</Amt><CdtDbtInd>CRDT</CdtDbtInd><Sts>BOOK</Sts><BookgDt><Dt>2018-09-14</Dt></BookgDt><BkTxCd><Prtry><Cd>SIP UKBA CR 40269</Cd></Prtry></BkTxCd><TxDtls><Refs><EndToEndId>NOREF</EndToEndId><TxId>20130851788412000N</TxId><Prtry><Tp>STO REF</Tp><Ref>0000</Ref></Prtry></Refs><RltdPties><Dbtr><Nm>DWPGB UC FASTER PA</Nm></Dbtr><DbtrAcct><Id><PrtryAcct><Id>60708010025855</Id></PrtryAcct></Id></DbtrAcct><Cdtr><Nm>MR MARTYN MITCHELL</Nm></Cdtr><CdtrAcct><Id><PrtryAcct><Id>23008200389306</Id></PrtryAcct></Id></CdtrAcct><Prtry><Tp>000R7565S DWP UC</Tp><Pty/></Prtry></RltdPties><RmtInf><Strd><AddtlRmtInf>000R7565S DWP UC</AddtlRmtInf></Strd><Strd><AddtlRmtInf>DWPGB UC FASTER PA//000R7565S DWP UC</AddtlRmtInf></Strd></RmtInf><RltdDts><TxDtTm>2018-09-14T13:08:52</TxDtTm></RltdDts><AddtlTxInf>20130851788412000N1020180914826607080</AddtlTxInf></TxDtls><AddtlNtryInf>COMPLETE//0000//002//CREDIT</AddtlNtryInf></Ntry><Ntry><Amt Ccy="GBP">22.00</Amt><CdtDbtInd>CRDT</CdtDbtInd><Sts>BOOK</Sts><BookgDt><Dt>2018-09-14</Dt></BookgDt><BkTxCd><Prtry><Cd>SIP UKBA CR 40269</Cd></Prtry></BkTxCd><TxDtls><Refs><EndToEndId>NOREF</EndToEndId><TxId>200000000387073301</TxId></Refs><RltdPties><Dbtr><Nm>E Donker</Nm></Dbtr><DbtrAcct><Id><PrtryAcct><Id>30155364864460</Id></PrtryAcct></Id></DbtrAcct><Cdtr><Nm>BOLA AKINWUNMI</Nm></Cdtr><CdtrAcct><Id><PrtryAcct><Id>23008200445825</Id></PrtryAcct></Id></CdtrAcct><Prtry><Tp>FOOD</Tp><Pty/></Prtry></RltdPties><RmtInf><Strd><AddtlRmtInf>NO REF</AddtlRmtInf></Strd><Strd><AddtlRmtInf>E Donker//FOOD</AddtlRmtInf></Strd></RmtInf><RltdDts><TxDtTm>2018-09-14T13:11:24</TxDtTm></RltdDts><AddtlTxInf>2000000003870733011020180914826301553</AddtlTxInf></TxDtls><AddtlNtryInf>COMPLETE//0000//002//CREDIT</AddtlNtryInf></Ntry><Ntry><Amt Ccy="GBP">2000.00</Amt><CdtDbtInd>CRDT</CdtDbtInd><Sts>BOOK</Sts><BookgDt><Dt>2018-09-14</Dt></BookgDt><BkTxCd><Prtry><Cd>SIP UKBA CR 40269</Cd></Prtry></BkTxCd><TxDtls><Refs><EndToEndId>NOREF</EndToEndId><TxId>49131620298805000N</TxId><Prtry><Tp>STO REF</Tp><Ref>0000</Ref></Prtry></Refs><RltdPties><Dbtr><Nm>OMARI ROBINSON</Nm><PstlAdr><AdrLine>APS COTTONS CENTRE SE1 2QG</AdrLine><Ctry/></PstlAdr></Dbtr><DbtrAcct><Id><PrtryAcct><Id>08719934984979</Id></PrtryAcct></Id></DbtrAcct><Cdtr><Nm>J ABOLVARDI</Nm></Cdtr><CdtrAcct><Id><PrtryAcct><Id>23008200442698</Id></PrtryAcct></Id></CdtrAcct><Prtry><Tp>BMNLQR</Tp><Pty/></Prtry></RltdPties><RmtInf><Strd><AddtlRmtInf>BMNLQR</AddtlRmtInf></Strd><Strd><AddtlRmtInf>OMARI ROBINSON//BMNLQR</AddtlRmtInf></Strd></RmtInf><RltdDts><TxDtTm>2018-09-14T13:16:20</TxDtTm></RltdDts><AddtlTxInf>49131620298805000N1020180914826087199</AddtlTxInf></TxDtls><AddtlNtryInf>COMPLETE//0000//002//CREDIT</AddtlNtryInf></Ntry><Ntry><Amt Ccy="GBP">20.00</Amt><CdtDbtInd>CRDT</CdtDbtInd><Sts>BOOK</Sts><BookgDt><Dt>2018-09-14</Dt></BookgDt><BkTxCd><Prtry><Cd>SIP UKBA CR 40269</Cd></Prtry></BkTxCd><TxDtls><Refs><EndToEndId>NOREF</EndToEndId><TxId>247776247131419001</TxId><Prtry><Tp>STO REF</Tp><Ref>0000</Ref></Prtry></Refs><RltdPties><Dbtr><Nm>RRUSH&amp;PLACH</Nm></Dbtr><DbtrAcct><Id><PrtryAcct><Id>40064170238198</Id></PrtryAcct></Id></DbtrAcct><Cdtr><Nm>Mariusz</Nm></Cdtr><CdtrAcct><Id><PrtryAcct><Id>23008200330098</Id></PrtryAcct></Id></CdtrAcct><Prtry><Tp>Gift</Tp><Pty/></Prtry></RltdPties><RmtInf><Strd><AddtlRmtInf>NO REF</AddtlRmtInf></Strd><Strd><AddtlRmtInf>RRUSH&amp;PLACH//Gift</AddtlRmtInf></Strd></RmtInf><RltdDts><TxDtTm>2018-09-14T13:17:42</TxDtTm></RltdDts><AddtlTxInf>2477762471314190011020180914826400641</AddtlTxInf></TxDtls><AddtlNtryInf>COMPLETE//0000//002//CREDIT</AddtlNtryInf></Ntry><Ntry><Amt Ccy="GBP">99.00</Amt><CdtDbtInd>CRDT</CdtDbtInd><Sts>BOOK</Sts><BookgDt><Dt>2018-09-14</Dt></BookgDt><BkTxCd><Prtry><Cd>SIP UKBA CR 40269</Cd></Prtry></BkTxCd><TxDtls><Refs><EndToEndId>NOREF</EndToEndId><TxId>35132227207338000R</TxId><Prtry><Tp>STO REF</Tp><Ref>0000</Ref></Prtry></Refs><RltdPties><Dbtr><Nm>GC C1</Nm></Dbtr><DbtrAcct><Id><PrtryAcct><Id>16222410135836</Id></PrtryAcct></Id></DbtrAcct><Cdtr><Nm>MISS ALIA A COSTER</Nm></Cdtr><CdtrAcct><Id><PrtryAcct><Id>23008200221244</Id></PrtryAcct></Id></CdtrAcct><Prtry><Tp>CCONTENT-YZ6FYTGN4</Tp><Pty/></Prtry></RltdPties><RmtInf><Strd><AddtlRmtInf>CCONTENT-YZ6FYTGN4</AddtlRmtInf></Strd><Strd><AddtlRmtInf>GC C1//CCONTENT-YZ6FYTGN4</AddtlRmtInf></Strd></RmtInf><RltdDts><TxDtTm>2018-09-14T13:22:27</TxDtTm></RltdDts><AddtlTxInf>35132227207338000R1020180914826162224</AddtlTxInf></TxDtls><AddtlNtryInf>COMPLETE//0000//002//CREDIT</AddtlNtryInf></Ntry><Ntry><Amt Ccy="GBP">100.00</Amt><CdtDbtInd>CRDT</CdtDbtInd><Sts>BOOK</Sts><BookgDt><Dt>2018-09-14</Dt></BookgDt><BkTxCd><Prtry><Cd>SIP UKBA CR 40269</Cd></Prtry></BkTxCd><TxDtls><Refs><EndToEndId>00157386632BBBJLTP</EndToEndId><TxId>00157386632BBBJLTP</TxId></Refs><RltdPties><Dbtr><Nm>ANIEL AHMED</Nm></Dbtr><DbtrAcct><Id><PrtryAcct><Id>09012801713759</Id></PrtryAcct></Id></DbtrAcct><Cdtr><Nm>aniel</Nm></Cdtr><CdtrAcct><Id><PrtryAcct><Id>23008200403803</Id></PrtryAcct></Id></CdtrAcct><Prtry><Tp>kappy</Tp><Pty/></Prtry></RltdPties><RmtInf><Strd><AddtlRmtInf>NO REF</AddtlRmtInf></Strd><Strd><AddtlRmtInf>ANIEL AHMED//kappy</AddtlRmtInf></Strd></RmtInf><RltdDts><TxDtTm>2018-09-14T13:26:27</TxDtTm></RltdDts><AddtlTxInf>00157386632BBBJLTP1020180914826090128</AddtlTxInf></TxDtls><AddtlNtryInf>COMPLETE//0000//002//CREDIT</AddtlNtryInf></Ntry><Ntry><Amt Ccy="GBP">619.60</Amt><CdtDbtInd>CRDT</CdtDbtInd><Sts>BOOK</Sts><BookgDt><Dt>2018-09-14</Dt></BookgDt><BkTxCd><Prtry><Cd>SIP UKBA CR 40269</Cd></Prtry></BkTxCd><TxDtls><Refs><EndToEndId>PONS VINAS IMMAC</EndToEndId><TxId>TW0000000040020034</TxId></Refs><RltdPties><Dbtr><Nm>Transferwise Ltd</Nm><PstlAdr><AdrLine>56 Shoreditch High Street;London;</AdrLine><AdrLine>E1 6JJ;GB</AdrLine><Ctry/></PstlAdr></Dbtr><DbtrAcct><Id><PrtryAcct><Id>23147077752332</Id></PrtryAcct></Id></DbtrAcct><Cdtr><Nm>chelsie Osborne</Nm></Cdtr><CdtrAcct><Id><PrtryAcct><Id>23008200413749</Id></PrtryAcct></Id></CdtrAcct><Prtry><Tp>PONS VINAS IMMAC</Tp><Pty/></Prtry></RltdPties><RmtInf><Strd><AddtlRmtInf>NO REF</AddtlRmtInf></Strd><Strd><AddtlRmtInf>Transferwise Ltd//PONS VINAS IMMAC</AddtlRmtInf></Strd></RmtInf><RltdDts><TxDtTm>2018-09-14T13:29:04</TxDtTm></RltdDts><AddtlTxInf>TW00000000400200341020180914826231470</AddtlTxInf></TxDtls><AddtlNtryInf>COMPLETE//0000//002//CREDIT</AddtlNtryInf></Ntry></Ntfctn></BkToCstmrDbtCdtNtfctnV01></Document>