<?xml version="1.0" encoding="UTF-8"?><Document xmlns:xsi="http://www.w3.org/2001/XMLSchema-instance" xmlns="urn:iso:std:iso:20022:tech:xsd:camt.054.001.01"><BkToCstmrDbtCdtNtfctnV01><GrpHdr><MsgId>80309K//13508</MsgId><CreDtTm>2018-09-29T23:00:00</CreDtTm></GrpHdr><Ntfctn><Id>80309K//13508//1</Id><CreDtTm>2018-09-29T23:00:00</CreDtTm><Acct><Id><PrtryAcct><Id>20594233939774</Id></PrtryAcct></Id><Ccy>GBP</Ccy></Acct><TxsSummry><TtlNtries><NbOfNtries>2</NbOfNtries><Sum>182.50</Sum></TtlNtries><TtlCdtNtries><NbOfNtries>2</NbOfNtries><Sum>182.50</Sum></TtlCdtNtries><TtlDbtNtries><NbOfNtries>0</NbOfNtries><Sum>0.00</Sum></TtlDbtNtries></TxsSummry><Ntry><Amt Ccy="GBP">175.00</Amt><CdtDbtInd>CRDT</CdtDbtInd><Sts>BOOK</Sts><BookgDt><Dt>2018-10-01</Dt></BookgDt><BkTxCd><Prtry><Cd>SIP UKBA CR 40269</Cd></Prtry></BkTxCd><TxDtls><Refs><EndToEndId>NOREF</EndToEndId><TxId>400000000398224993</TxId></Refs><RltdPties><Dbtr><Nm>All Aspect Fitness</Nm></Dbtr><DbtrAcct><Id><PrtryAcct><Id>30995161543160</Id></PrtryAcct></Id></DbtrAcct><Cdtr><Nm>COSTER</Nm></Cdtr><CdtrAcct><Id><PrtryAcct><Id>23008200221244</Id></PrtryAcct></Id></CdtrAcct><Prtry><Tp>WEB SITE</Tp><Pty/></Prtry></RltdPties><RmtInf><Strd><AddtlRmtInf>NO REF</AddtlRmtInf></Strd><Strd><AddtlRmtInf>All Aspect Fitness//WEB SITE</AddtlRmtInf></Strd></RmtInf><RltdDts><TxDtTm>2018-09-29T22:34:14</TxDtTm></RltdDts><AddtlTxInf>4000000003982249931020180929826309951</AddtlTxInf></TxDtls><AddtlNtryInf>COMPLETE//0000//003//CREDIT</AddtlNtryInf></Ntry><Ntry><Amt Ccy="GBP">7.50</Amt><CdtDbtInd>CRDT</CdtDbtInd><Sts>BOOK</Sts><BookgDt><Dt>2018-10-01</Dt></BookgDt><BkTxCd><Prtry><Cd>SIP UKBA CR 40269</Cd></Prtry></BkTxCd><TxDtls><Refs><EndToEndId>NOREF</EndToEndId><TxId>100000000391769346</TxId></Refs><RltdPties><Dbtr><Nm>F Russell-Morgan</Nm></Dbtr><DbtrAcct><Id><PrtryAcct><Id>30928665553460</Id></PrtryAcct></Id></DbtrAcct><Cdtr><Nm>L</Nm></Cdtr><CdtrAcct><Id><PrtryAcct><Id>23008200249168</Id></PrtryAcct></Id></CdtrAcct><Prtry><Tp>PLAY</Tp><Pty/></Prtry></RltdPties><RmtInf><Strd><AddtlRmtInf>NO REF</AddtlRmtInf></Strd><Strd><AddtlRmtInf>F Russell-Morgan//PLAY</AddtlRmtInf></Strd></RmtInf><RltdDts><TxDtTm>2018-09-29T22:38:59</TxDtTm></RltdDts><AddtlTxInf>1000000003917693461020180929826309286</AddtlTxInf></TxDtls><AddtlNtryInf>COMPLETE//0000//003//CREDIT</AddtlNtryInf></Ntry></Ntfctn></BkToCstmrDbtCdtNtfctnV01></Document>