<?xml version="1.0" encoding="UTF-8"?><Document xmlns:xsi="http://www.w3.org/2001/XMLSchema-instance" xmlns="urn:iso:std:iso:20022:tech:xsd:camt.054.001.01"><BkToCstmrDbtCdtNtfctnV01><GrpHdr><MsgId>80309K//13355</MsgId><CreDtTm>2018-09-26T13:00:00</CreDtTm></GrpHdr><Ntfctn><Id>80309K//13355//1</Id><CreDtTm>2018-09-26T13:00:00</CreDtTm><Acct><Id><PrtryAcct><Id>20594233939774</Id></PrtryAcct></Id><Ccy>GBP</Ccy></Acct><TxsSummry><TtlNtries><NbOfNtries>14</NbOfNtries><Sum>2758.25</Sum></TtlNtries><TtlCdtNtries><NbOfNtries>14</NbOfNtries><Sum>2758.25</Sum></TtlCdtNtries><TtlDbtNtries><NbOfNtries>0</NbOfNtries><Sum>0.00</Sum></TtlDbtNtries></TxsSummry><Ntry><Amt Ccy="GBP">500.00</Amt><CdtDbtInd>CRDT</CdtDbtInd><Sts>BOOK</Sts><BookgDt><Dt>2018-09-26</Dt></BookgDt><BkTxCd><Prtry><Cd>SIP UKBA CR 40269</Cd></Prtry></BkTxCd><TxDtls><Refs><EndToEndId>NOREF</EndToEndId><TxId>FP18269O08873525</TxId></Refs><RltdPties><Dbtr><Nm>Ibrahim Sameh</Nm></Dbtr><DbtrAcct><Id><PrtryAcct><Id>07024628782066</Id></PrtryAcct></Id></DbtrAcct><Cdtr><Nm>SAMEH IBRAHIM</Nm></Cdtr><CdtrAcct><Id><PrtryAcct><Id>23008200026496</Id></PrtryAcct></Id></CdtrAcct><Prtry><Tp>ARROW MASTERCARD</Tp><Pty/></Prtry></RltdPties><RmtInf><Strd><AddtlRmtInf>NO REF</AddtlRmtInf></Strd><Strd><AddtlRmtInf>Ibrahim Sameh//ARROW MASTERCARD</AddtlRmtInf></Strd></RmtInf><RltdDts><TxDtTm>2018-09-26T12:30:11</TxDtTm></RltdDts><AddtlTxInf>FP18269O08873525  1020180926826070246</AddtlTxInf></TxDtls><AddtlNtryInf>COMPLETE//0000//001//CREDIT</AddtlNtryInf></Ntry><Ntry><Amt Ccy="GBP">185.00</Amt><CdtDbtInd>CRDT</CdtDbtInd><Sts>BOOK</Sts><BookgDt><Dt>2018-09-26</Dt></BookgDt><BkTxCd><Prtry><Cd>FDP UKBA CR 40269</Cd></Prtry></BkTxCd><TxDtls><Refs><EndToEndId>NOREF</EndToEndId><TxId>762588439511629001</TxId><Prtry><Tp>STO REF</Tp><Ref>0000</Ref></Prtry></Refs><RltdPties><Dbtr><Nm>TRS RE</Nm></Dbtr><DbtrAcct><Id><PrtryAcct><Id>40471792244837</Id></PrtryAcct></Id></DbtrAcct><Cdtr><Nm>CHALKLEY</Nm></Cdtr><CdtrAcct><Id><PrtryAcct><Id>23008200029861</Id></PrtryAcct></Id></CdtrAcct><Prtry><Tp>MB2C69965</Tp><Pty/></Prtry></RltdPties><RmtInf><Strd><AddtlRmtInf>NO REF</AddtlRmtInf></Strd><Strd><AddtlRmtInf>TRS RE//MB2C69965</AddtlRmtInf></Strd></RmtInf><RltdDts><TxDtTm>2018-09-26T12:30:19</TxDtTm></RltdDts><AddtlTxInf>7625884395116290014020180926826404717</AddtlTxInf></TxDtls><AddtlNtryInf>COMPLETE//0000//001//CREDIT</AddtlNtryInf></Ntry><Ntry><Amt Ccy="GBP">10.00</Amt><CdtDbtInd>CRDT</CdtDbtInd><Sts>BOOK</Sts><BookgDt><Dt>2018-09-26</Dt></BookgDt><BkTxCd><Prtry><Cd>SIP UKBA CR 40269</Cd></Prtry></BkTxCd><TxDtls><Refs><EndToEndId>OWED</EndToEndId><TxId>46123158718056000N</TxId><Prtry><Tp>STO REF</Tp><Ref>0000</Ref></Prtry></Refs><RltdPties><Dbtr><Nm>BOEKEL DM</Nm></Dbtr><DbtrAcct><Id><PrtryAcct><Id>54100289299698</Id></PrtryAcct></Id></DbtrAcct><Cdtr><Nm>OLDEST NEW BANK</Nm></Cdtr><CdtrAcct><Id><PrtryAcct><Id>23008200445362</Id></PrtryAcct></Id></CdtrAcct><Prtry><Tp>OWED</Tp><Pty/></Prtry></RltdPties><RmtInf><Strd><AddtlRmtInf>BOEKEL DM         OWED              VIA MOBILE - LVP</AddtlRmtInf></Strd><Strd><AddtlRmtInf>BOEKEL DM//OWED</AddtlRmtInf></Strd></RmtInf><RltdDts><TxDtTm>2018-09-26T12:31:59</TxDtTm></RltdDts><AddtlTxInf>46123158718056000N1020180926826541002</AddtlTxInf></TxDtls><AddtlNtryInf>COMPLETE//0000//001//CREDIT</AddtlNtryInf></Ntry><Ntry><Amt Ccy="GBP">45.24</Amt><CdtDbtInd>CRDT</CdtDbtInd><Sts>BOOK</Sts><BookgDt><Dt>2018-09-26</Dt></BookgDt><BkTxCd><Prtry><Cd>SIP UKBA CR 40269</Cd></Prtry></BkTxCd><TxDtls><Refs><EndToEndId>PPWD00000000AQAHEQ</EndToEndId><TxId>PPWD00000000AQAHEQ</TxId></Refs><RltdPties><Dbtr><Nm>PayPal</Nm><PstlAdr><AdrLine>2211 N 1st Street San Jose CA 95131</AdrLine><Ctry/></PstlAdr></Dbtr><DbtrAcct><Id><PrtryAcct><Id>23526278959595</Id></PrtryAcct></Id></DbtrAcct><Cdtr><Nm>shaun rowley</Nm><PstlAdr><AdrLine>18 Chaucer Road</AdrLine><Ctry/></PstlAdr></Cdtr><CdtrAcct><Id><PrtryAcct><Id>23008200195443</Id></PrtryAcct></Id></CdtrAcct><Prtry><Tp>PPWDL5RP22ALDDCGAJ</Tp><Pty/></Prtry></RltdPties><RmtInf><Strd><RfrdDocInf><RfrdDocTp><Prtry>002</Prtry></RfrdDocTp></RfrdDocInf><AddtlRmtInf>NO REF</AddtlRmtInf></Strd><Strd><AddtlRmtInf>PayPal//PPWDL5RP22ALDDCGAJ</AddtlRmtInf></Strd></RmtInf><RltdDts><TxDtTm>2018-09-26T12:32:04</TxDtTm></RltdDts><AddtlTxInf>PPWD00000000AQAHEQ1020180926826235262</AddtlTxInf></TxDtls><AddtlNtryInf>COMPLETE//0000//001//CREDIT</AddtlNtryInf></Ntry><Ntry><Amt Ccy="GBP">1000.00</Amt><CdtDbtInd>CRDT</CdtDbtInd><Sts>BOOK</Sts><BookgDt><Dt>2018-09-26</Dt></BookgDt><BkTxCd><Prtry><Cd>SIP UKBA CR 40269</Cd></Prtry></BkTxCd><TxDtls><Refs><EndToEndId>00153425632BWGBFKW</EndToEndId><TxId>00153425632BWGBFKW</TxId></Refs><RltdPties><Dbtr><Nm>SAMEH IBRAHIM</Nm></Dbtr><DbtrAcct><Id><PrtryAcct><Id>09012853881749</Id></PrtryAcct></Id></DbtrAcct><Cdtr><Nm>Sameh Ibrahim</Nm></Cdtr><CdtrAcct><Id><PrtryAcct><Id>23008200026496</Id></PrtryAcct></Id></CdtrAcct><Prtry><Tp>Arrow MasterCard</Tp><Pty/></Prtry></RltdPties><RmtInf><Strd><AddtlRmtInf>NO REF</AddtlRmtInf></Strd><Strd><AddtlRmtInf>SAMEH IBRAHIM//Arrow MasterCard</AddtlRmtInf></Strd></RmtInf><RltdDts><TxDtTm>2018-09-26T12:34:04</TxDtTm></RltdDts><AddtlTxInf>00153425632BWGBFKW1020180926826090128</AddtlTxInf></TxDtls><AddtlNtryInf>COMPLETE//0000//001//CREDIT</AddtlNtryInf></Ntry><Ntry><Amt Ccy="GBP">150.00</Amt><CdtDbtInd>CRDT</CdtDbtInd><Sts>BOOK</Sts><BookgDt><Dt>2018-09-26</Dt></BookgDt><BkTxCd><Prtry><Cd>SIP UKBA CR 40269</Cd></Prtry></BkTxCd><TxDtls><Refs><EndToEndId>MONEY OWED</EndToEndId><TxId>14123459802398000N</TxId><Prtry><Tp>STO REF</Tp><Ref>0000</Ref></Prtry></Refs><RltdPties><Dbtr><Nm>STOKES KS</Nm></Dbtr><DbtrAcct><Id><PrtryAcct><Id>60021061188271</Id></PrtryAcct></Id></DbtrAcct><Cdtr><Nm>EMMA</Nm></Cdtr><CdtrAcct><Id><PrtryAcct><Id>23008200312158</Id></PrtryAcct></Id></CdtrAcct><Prtry><Tp>MONEY OWED</Tp><Pty/></Prtry></RltdPties><RmtInf><Strd><AddtlRmtInf>STOKES KS         MONEY OWED        VIA MOBILE - LVP</AddtlRmtInf></Strd><Strd><AddtlRmtInf>STOKES KS//MONEY OWED</AddtlRmtInf></Strd></RmtInf><RltdDts><TxDtTm>2018-09-26T12:35:00</TxDtTm></RltdDts><AddtlTxInf>14123459802398000N1020180926826600210</AddtlTxInf></TxDtls><AddtlNtryInf>COMPLETE//0000//001//CREDIT</AddtlNtryInf></Ntry><Ntry><Amt Ccy="GBP">10.00</Amt><CdtDbtInd>CRDT</CdtDbtInd><Sts>BOOK</Sts><BookgDt><Dt>2018-09-26</Dt></BookgDt><BkTxCd><Prtry><Cd>SIP UKBA CR 40269</Cd></Prtry></BkTxCd><TxDtls><Refs><EndToEndId>AMIE</EndToEndId><TxId>11124053712165000R</TxId><Prtry><Tp>STO REF</Tp><Ref>0000</Ref></Prtry></Refs><RltdPties><Dbtr><Nm>GAULT MRS AMIE</Nm></Dbtr><DbtrAcct><Id><PrtryAcct><Id>83173600178628</Id></PrtryAcct></Id></DbtrAcct><Cdtr><Nm>AMIE GAULT</Nm></Cdtr><CdtrAcct><Id><PrtryAcct><Id>23008200194370</Id></PrtryAcct></Id></CdtrAcct><Prtry><Tp>AMIE</Tp><Pty/></Prtry></RltdPties><RmtInf><Strd><AddtlRmtInf>GAULT MRS AMIE    AMIE              VIA MOBILE - LVP</AddtlRmtInf></Strd><Strd><AddtlRmtInf>GAULT MRS AMIE//AMIE</AddtlRmtInf></Strd></RmtInf><RltdDts><TxDtTm>2018-09-26T12:40:54</TxDtTm></RltdDts><AddtlTxInf>11124053712165000R1020180926826831736</AddtlTxInf></TxDtls><AddtlNtryInf>COMPLETE//0000//001//CREDIT</AddtlNtryInf></Ntry><Ntry><Amt Ccy="GBP">650.00</Amt><CdtDbtInd>CRDT</CdtDbtInd><Sts>BOOK</Sts><BookgDt><Dt>2018-09-26</Dt></BookgDt><BkTxCd><Prtry><Cd>SIP UKBA CR 40269</Cd></Prtry></BkTxCd><TxDtls><Refs><EndToEndId>NOREF</EndToEndId><TxId>180926124128586776</TxId></Refs><RltdPties><Dbtr><Nm>Michael Snowden</Nm></Dbtr><DbtrAcct><Id><PrtryAcct><Id>77260629390368</Id></PrtryAcct></Id></DbtrAcct><Cdtr><Nm>soulful records ltd</Nm></Cdtr><CdtrAcct><Id><PrtryAcct><Id>23008200035140</Id></PrtryAcct></Id></CdtrAcct><Prtry><Tp>KENT ETC</Tp><Pty/></Prtry></RltdPties><RmtInf><Strd><AddtlRmtInf>NO REF</AddtlRmtInf></Strd><Strd><AddtlRmtInf>Michael Snowden//KENT ETC</AddtlRmtInf></Strd></RmtInf><RltdDts><TxDtTm>2018-09-26T12:41:25</TxDtTm></RltdDts><AddtlTxInf>1809261241285867761020180926826772606</AddtlTxInf></TxDtls><AddtlNtryInf>COMPLETE//0000//001//CREDIT</AddtlNtryInf></Ntry><Ntry><Amt Ccy="GBP">37.00</Amt><CdtDbtInd>CRDT</CdtDbtInd><Sts>BOOK</Sts><BookgDt><Dt>2018-09-26</Dt></BookgDt><BkTxCd><Prtry><Cd>SIP UKBA CR 40269</Cd></Prtry></BkTxCd><TxDtls><Refs><EndToEndId>PPWD00000000AQALW8</EndToEndId><TxId>PPWD00000000AQALW8</TxId></Refs><RltdPties><Dbtr><Nm>PayPal</Nm><PstlAdr><AdrLine>2211 N 1st Street San Jose CA 95131</AdrLine><Ctry/></PstlAdr></Dbtr><DbtrAcct><Id><PrtryAcct><Id>23526278959595</Id></PrtryAcct></Id></DbtrAcct><Cdtr><Nm>LOCKFINDER</Nm><PstlAdr><AdrLine>unit 9 shaftsbury street</AdrLine><Ctry/></PstlAdr></Cdtr><CdtrAcct><Id><PrtryAcct><Id>23008200223882</Id></PrtryAcct></Id></CdtrAcct><Prtry><Tp>PPWDL47P22ALDDJVYA</Tp><Pty/></Prtry></RltdPties><RmtInf><Strd><RfrdDocInf><RfrdDocTp><Prtry>002</Prtry></RfrdDocTp></RfrdDocInf><AddtlRmtInf>NO REF</AddtlRmtInf></Strd><Strd><AddtlRmtInf>PayPal//PPWDL47P22ALDDJVYA</AddtlRmtInf></Strd></RmtInf><RltdDts><TxDtTm>2018-09-26T12:44:54</TxDtTm></RltdDts><AddtlTxInf>PPWD00000000AQALW81020180926826235262</AddtlTxInf></TxDtls><AddtlNtryInf>COMPLETE//0000//001//CREDIT</AddtlNtryInf></Ntry><Ntry><Amt Ccy="GBP">3.00</Amt><CdtDbtInd>CRDT</CdtDbtInd><Sts>BOOK</Sts><BookgDt><Dt>2018-09-26</Dt></BookgDt><BkTxCd><Prtry><Cd>SIP UKBA CR 40269</Cd></Prtry></BkTxCd><TxDtls><Refs><EndToEndId>000000FT18269QR1WF</EndToEndId><TxId>000000FT18269QR1WF</TxId></Refs><RltdPties><Dbtr><Nm>CONNIE MAY MURRAY</Nm><PstlAdr><AdrLine>16 VALKYRIE ROAD;SOUTHEND</AdrLine><Ctry/></PstlAdr></Dbtr><DbtrAcct><Id><PrtryAcct><Id>23058029942803</Id></PrtryAcct></Id></DbtrAcct><Cdtr><Nm>glen</Nm><PstlAdr><AdrLine>WIRECARD;WIRECARD CARD SOLUTIONS</AdrLine><Ctry/></PstlAdr></Cdtr><CdtrAcct><Id><PrtryAcct><Id>23008200419722</Id></PrtryAcct></Id></CdtrAcct><Prtry><Tp>ur a div</Tp><Pty/></Prtry></RltdPties><RmtInf><Strd><AddtlRmtInf>NO REF</AddtlRmtInf></Strd><Strd><AddtlRmtInf>CONNIE MAY MURRAY//ur a div</AddtlRmtInf></Strd></RmtInf><RltdDts><TxDtTm>2018-09-26T12:45:05</TxDtTm></RltdDts><AddtlTxInf>000000FT18269QR1WF1020180926826230580</AddtlTxInf></TxDtls><AddtlNtryInf>COMPLETE//0000//001//CREDIT</AddtlNtryInf></Ntry><Ntry><Amt Ccy="GBP">0.01</Amt><CdtDbtInd>CRDT</CdtDbtInd><Sts>BOOK</Sts><BookgDt><Dt>2018-09-26</Dt></BookgDt><BkTxCd><Prtry><Cd>SIP UKBA CR 40269</Cd></Prtry></BkTxCd><TxDtls><Refs><EndToEndId>PPRD00000000AQAMNC</EndToEndId><TxId>PPRD00000000AQAMNC</TxId></Refs><RltdPties><Dbtr><Nm>PAYPAL CODE 9681</Nm><PstlAdr><AdrLine>2211 N 1st Street San Jose CA 95131</AdrLine><Ctry/></PstlAdr></Dbtr><DbtrAcct><Id><PrtryAcct><Id>23526285010101</Id></PrtryAcct></Id></DbtrAcct><Cdtr><Nm>Christopher Bridgwater</Nm><PstlAdr><AdrLine>117 The Rundels</AdrLine><Ctry/></PstlAdr></Cdtr><CdtrAcct><Id><PrtryAcct><Id>23008200468093</Id></PrtryAcct></Id></CdtrAcct><Prtry><Tp>PAYPAL CODE 9681</Tp><Pty/></Prtry></RltdPties><RmtInf><Strd><RfrdDocInf><RfrdDocTp><Prtry>002</Prtry></RfrdDocTp></RfrdDocInf><AddtlRmtInf>NO REF</AddtlRmtInf></Strd><Strd><AddtlRmtInf>PAYPAL CODE 9681//PAYPAL CODE 9681</AddtlRmtInf></Strd></RmtInf><RltdDts><TxDtTm>2018-09-26T12:47:12</TxDtTm></RltdDts><AddtlTxInf>PPRD00000000AQAMNC1020180926826235262</AddtlTxInf></TxDtls><AddtlNtryInf>COMPLETE//0000//001//CREDIT</AddtlNtryInf></Ntry><Ntry><Amt Ccy="GBP">100.00</Amt><CdtDbtInd>CRDT</CdtDbtInd><Sts>BOOK</Sts><BookgDt><Dt>2018-09-26</Dt></BookgDt><BkTxCd><Prtry><Cd>SIP UKBA CR 40269</Cd></Prtry></BkTxCd><TxDtls><Refs><EndToEndId>NOREF</EndToEndId><TxId>100000000390366354</TxId></Refs><RltdPties><Dbtr><Nm>S Yama</Nm></Dbtr><DbtrAcct><Id><PrtryAcct><Id>11113110424466</Id></PrtryAcct></Id></DbtrAcct><Cdtr><Nm>MR MASIH YAMA</Nm></Cdtr><CdtrAcct><Id><PrtryAcct><Id>23008200021962</Id></PrtryAcct></Id></CdtrAcct><Prtry><Tp>BRO</Tp><Pty/></Prtry></RltdPties><RmtInf><Strd><AddtlRmtInf>NO REF</AddtlRmtInf></Strd><Strd><AddtlRmtInf>S Yama//BRO</AddtlRmtInf></Strd></RmtInf><RltdDts><TxDtTm>2018-09-26T12:55:05</TxDtTm></RltdDts><AddtlTxInf>1000000003903663541020180926826111131</AddtlTxInf></TxDtls><AddtlNtryInf>COMPLETE//0000//001//CREDIT</AddtlNtryInf></Ntry><Ntry><Amt Ccy="GBP">48.00</Amt><CdtDbtInd>CRDT</CdtDbtInd><Sts>BOOK</Sts><BookgDt><Dt>2018-09-26</Dt></BookgDt><BkTxCd><Prtry><Cd>SIP UKBA CR 40269</Cd></Prtry></BkTxCd><TxDtls><Refs><EndToEndId>00153425632BWGBJSV</EndToEndId><TxId>00153425632BWGBJSV</TxId></Refs><RltdPties><Dbtr><Nm>JOHNSON ADEBAYO</Nm></Dbtr><DbtrAcct><Id><PrtryAcct><Id>09012904500872</Id></PrtryAcct></Id></DbtrAcct><Cdtr><Nm>TANNES SOLUTIONS</Nm></Cdtr><CdtrAcct><Id><PrtryAcct><Id>23008200220991</Id></PrtryAcct></Id></CdtrAcct><Prtry><Tp>Johnson Adebayo</Tp><Pty/></Prtry></RltdPties><RmtInf><Strd><AddtlRmtInf>NO REF</AddtlRmtInf></Strd><Strd><AddtlRmtInf>JOHNSON ADEBAYO//Johnson Adebayo</AddtlRmtInf></Strd></RmtInf><RltdDts><TxDtTm>2018-09-26T12:57:17</TxDtTm></RltdDts><AddtlTxInf>00153425632BWGBJSV1020180926826090129</AddtlTxInf></TxDtls><AddtlNtryInf>COMPLETE//0000//001//CREDIT</AddtlNtryInf></Ntry><Ntry><Amt Ccy="GBP">20.00</Amt><CdtDbtInd>CRDT</CdtDbtInd><Sts>BOOK</Sts><BookgDt><Dt>2018-09-26</Dt></BookgDt><BkTxCd><Prtry><Cd>SIP UKBA CR 40269</Cd></Prtry></BkTxCd><TxDtls><Refs><EndToEndId>NOREF</EndToEndId><TxId>400000000396823335</TxId></Refs><RltdPties><Dbtr><Nm>L O&apos;Brien</Nm></Dbtr><DbtrAcct><Id><PrtryAcct><Id>11073712759166</Id></PrtryAcct></Id></DbtrAcct><Cdtr><Nm>MR GORDON CAVE</Nm></Cdtr><CdtrAcct><Id><PrtryAcct><Id>23008200341224</Id></PrtryAcct></Id></CdtrAcct><Prtry><Tp>UNWANTED SEX TOY</Tp><Pty/></Prtry></RltdPties><RmtInf><Strd><AddtlRmtInf>NO REF</AddtlRmtInf></Strd><Strd><AddtlRmtInf>L O&apos;Brien//UNWANTED SEX TOY</AddtlRmtInf></Strd></RmtInf><RltdDts><TxDtTm>2018-09-26T12:57:44</TxDtTm></RltdDts><AddtlTxInf>4000000003968233351020180926826110737</AddtlTxInf></TxDtls><AddtlNtryInf>COMPLETE//0000//001//CREDIT</AddtlNtryInf></Ntry></Ntfctn></BkToCstmrDbtCdtNtfctnV01></Document>