<?xml version="1.0" encoding="UTF-8"?><Document xmlns:xsi="http://www.w3.org/2001/XMLSchema-instance" xmlns="urn:iso:std:iso:20022:tech:xsd:camt.054.001.01"><BkToCstmrDbtCdtNtfctnV01><GrpHdr><MsgId>80309K//12749</MsgId><CreDtTm>2018-09-12T12:00:00</CreDtTm></GrpHdr><Ntfctn><Id>80309K//12749//1</Id><CreDtTm>2018-09-12T12:00:00</CreDtTm><Acct><Id><PrtryAcct><Id>20594233939774</Id></PrtryAcct></Id><Ccy>GBP</Ccy></Acct><TxsSummry><TtlNtries><NbOfNtries>8</NbOfNtries><Sum>1311.24</Sum></TtlNtries><TtlCdtNtries><NbOfNtries>8</NbOfNtries><Sum>1311.24</Sum></TtlCdtNtries><TtlDbtNtries><NbOfNtries>0</NbOfNtries><Sum>0.00</Sum></TtlDbtNtries></TxsSummry><Ntry><Amt Ccy="GBP">430.00</Amt><CdtDbtInd>CRDT</CdtDbtInd><Sts>BOOK</Sts><BookgDt><Dt>2018-09-12</Dt></BookgDt><BkTxCd><Prtry><Cd>SIP UKBA CR 40269</Cd></Prtry></BkTxCd><TxDtls><Refs><EndToEndId>NOREF</EndToEndId><TxId>100000000386429545</TxId></Refs><RltdPties><Dbtr><Nm>B Bastani</Nm></Dbtr><DbtrAcct><Id><PrtryAcct><Id>30954225707660</Id></PrtryAcct></Id></DbtrAcct><Cdtr><Nm>JULIE TAYLOR</Nm></Cdtr><CdtrAcct><Id><PrtryAcct><Id>23008200434538</Id></PrtryAcct></Id></CdtrAcct><Prtry><Tp>EHSANBASTANIDEPOSI</Tp><Pty/></Prtry></RltdPties><RmtInf><Strd><AddtlRmtInf>NO REF</AddtlRmtInf></Strd><Strd><AddtlRmtInf>B Bastani//EHSANBASTANIDEPOSI</AddtlRmtInf></Strd></RmtInf><RltdDts><TxDtTm>2018-09-12T11:37:17</TxDtTm></RltdDts><AddtlTxInf>1000000003864295451020180912826309542</AddtlTxInf></TxDtls><AddtlNtryInf>COMPLETE//0000//001//CREDIT</AddtlNtryInf></Ntry><Ntry><Amt Ccy="GBP">25.00</Amt><CdtDbtInd>CRDT</CdtDbtInd><Sts>BOOK</Sts><BookgDt><Dt>2018-09-12</Dt></BookgDt><BkTxCd><Prtry><Cd>SIP UKBA CR 40269</Cd></Prtry></BkTxCd><TxDtls><Refs><EndToEndId>NOREF</EndToEndId><TxId>243848052411219001</TxId><Prtry><Tp>STO REF</Tp><Ref>0000</Ref></Prtry></Refs><RltdPties><Dbtr><Nm>MARTINA M</Nm></Dbtr><DbtrAcct><Id><PrtryAcct><Id>40100030147672</Id></PrtryAcct></Id></DbtrAcct><Cdtr><Nm>J Davies</Nm></Cdtr><CdtrAcct><Id><PrtryAcct><Id>23008200441721</Id></PrtryAcct></Id></CdtrAcct><Prtry><Tp>JDav</Tp><Pty/></Prtry></RltdPties><RmtInf><Strd><AddtlRmtInf>NO REF</AddtlRmtInf></Strd><Strd><AddtlRmtInf>MARTINA M//JDav</AddtlRmtInf></Strd></RmtInf><RltdDts><TxDtTm>2018-09-12T11:42:51</TxDtTm></RltdDts><AddtlTxInf>2438480524112190011020180912826401000</AddtlTxInf></TxDtls><AddtlNtryInf>COMPLETE//0000//001//CREDIT</AddtlNtryInf></Ntry><Ntry><Amt Ccy="GBP">0.01</Amt><CdtDbtInd>CRDT</CdtDbtInd><Sts>BOOK</Sts><BookgDt><Dt>2018-09-12</Dt></BookgDt><BkTxCd><Prtry><Cd>SIP UKBA CR 40269</Cd></Prtry></BkTxCd><TxDtls><Refs><EndToEndId>PPRD00000000AMQOIE</EndToEndId><TxId>PPRD00000000AMQOIE</TxId></Refs><RltdPties><Dbtr><Nm>PAYPAL CODE 7602</Nm><PstlAdr><AdrLine>2211 N 1st Street San Jose CA 95131</AdrLine><Ctry/></PstlAdr></Dbtr><DbtrAcct><Id><PrtryAcct><Id>23526285010101</Id></PrtryAcct></Id></DbtrAcct><Cdtr><Nm>Philip Grimes</Nm><PstlAdr><AdrLine>22 Hoole Street</AdrLine><Ctry/></PstlAdr></Cdtr><CdtrAcct><Id><PrtryAcct><Id>23008200441784</Id></PrtryAcct></Id></CdtrAcct><Prtry><Tp>PAYPAL CODE 7602</Tp><Pty/></Prtry></RltdPties><RmtInf><Strd><RfrdDocInf><RfrdDocTp><Prtry>002</Prtry></RfrdDocTp></RfrdDocInf><AddtlRmtInf>NO REF</AddtlRmtInf></Strd><Strd><AddtlRmtInf>PAYPAL CODE 7602//PAYPAL CODE 7602</AddtlRmtInf></Strd></RmtInf><RltdDts><TxDtTm>2018-09-12T11:46:24</TxDtTm></RltdDts><AddtlTxInf>PPRD00000000AMQOIE1020180912826235262</AddtlTxInf></TxDtls><AddtlNtryInf>COMPLETE//0000//001//CREDIT</AddtlNtryInf></Ntry><Ntry><Amt Ccy="GBP">150.00</Amt><CdtDbtInd>CRDT</CdtDbtInd><Sts>BOOK</Sts><BookgDt><Dt>2018-09-12</Dt></BookgDt><BkTxCd><Prtry><Cd>SIP UKBA CR 40269</Cd></Prtry></BkTxCd><TxDtls><Refs><EndToEndId>PPWD00000000AMQPOO</EndToEndId><TxId>PPWD00000000AMQPOO</TxId></Refs><RltdPties><Dbtr><Nm>PayPal</Nm><PstlAdr><AdrLine>2211 N 1st Street San Jose CA 95131</AdrLine><Ctry/></PstlAdr></Dbtr><DbtrAcct><Id><PrtryAcct><Id>23526278959595</Id></PrtryAcct></Id></DbtrAcct><Cdtr><Nm>Lee Mciver</Nm><PstlAdr><AdrLine>144 Holm Farm Road</AdrLine><Ctry/></PstlAdr></Cdtr><CdtrAcct><Id><PrtryAcct><Id>23008200423828</Id></PrtryAcct></Id></CdtrAcct><Prtry><Tp>PPWDL4DLJ2AKZMM9QC</Tp><Pty/></Prtry></RltdPties><RmtInf><Strd><RfrdDocInf><RfrdDocTp><Prtry>002</Prtry></RfrdDocTp></RfrdDocInf><AddtlRmtInf>NO REF</AddtlRmtInf></Strd><Strd><AddtlRmtInf>PayPal//PPWDL4DLJ2AKZMM9QC</AddtlRmtInf></Strd></RmtInf><RltdDts><TxDtTm>2018-09-12T11:49:59</TxDtTm></RltdDts><AddtlTxInf>PPWD00000000AMQPOO1020180912826235262</AddtlTxInf></TxDtls><AddtlNtryInf>COMPLETE//0000//001//CREDIT</AddtlNtryInf></Ntry><Ntry><Amt Ccy="GBP">50.00</Amt><CdtDbtInd>CRDT</CdtDbtInd><Sts>BOOK</Sts><BookgDt><Dt>2018-09-12</Dt></BookgDt><BkTxCd><Prtry><Cd>SIP UKBA CR 40269</Cd></Prtry></BkTxCd><TxDtls><Refs><EndToEndId>NOREF</EndToEndId><TxId>RP4679961203009900</TxId></Refs><RltdPties><Dbtr><Nm>SHRESTHA N</Nm></Dbtr><DbtrAcct><Id><PrtryAcct><Id>20270530106348</Id></PrtryAcct></Id></DbtrAcct><Cdtr><Nm>BERNARD FREUDENREI</Nm></Cdtr><CdtrAcct><Id><PrtryAcct><Id>23008200236955</Id></PrtryAcct></Id></CdtrAcct><Prtry><Tp>JUNIORIGH</Tp><Pty/></Prtry></RltdPties><RmtInf><Strd><AddtlRmtInf>NO REF</AddtlRmtInf></Strd><Strd><AddtlRmtInf>SHRESTHA N//JUNIORIGH</AddtlRmtInf></Strd></RmtInf><RltdDts><TxDtTm>2018-09-12T11:53:23</TxDtTm></RltdDts><AddtlTxInf>RP46799612030099001020180912826200026</AddtlTxInf></TxDtls><AddtlNtryInf>COMPLETE//0000//001//CREDIT</AddtlNtryInf></Ntry><Ntry><Amt Ccy="GBP">396.23</Amt><CdtDbtInd>CRDT</CdtDbtInd><Sts>BOOK</Sts><BookgDt><Dt>2018-09-12</Dt></BookgDt><BkTxCd><Prtry><Cd>SIP UKBA CR 40269</Cd></Prtry></BkTxCd><TxDtls><Refs><EndToEndId>NOREF</EndToEndId><TxId>300000000391739378</TxId></Refs><RltdPties><Dbtr><Nm>O Fasanya</Nm></Dbtr><DbtrAcct><Id><PrtryAcct><Id>11114010918862</Id></PrtryAcct></Id></DbtrAcct><Cdtr><Nm>TANNES  SOLUTION</Nm></Cdtr><CdtrAcct><Id><PrtryAcct><Id>23008200220991</Id></PrtryAcct></Id></CdtrAcct><Prtry><Tp>WALE</Tp><Pty/></Prtry></RltdPties><RmtInf><Strd><AddtlRmtInf>NO REF</AddtlRmtInf></Strd><Strd><AddtlRmtInf>O Fasanya//WALE</AddtlRmtInf></Strd></RmtInf><RltdDts><TxDtTm>2018-09-12T11:57:29</TxDtTm></RltdDts><AddtlTxInf>3000000003917393781020180912826111140</AddtlTxInf></TxDtls><AddtlNtryInf>COMPLETE//0000//001//CREDIT</AddtlNtryInf></Ntry><Ntry><Amt Ccy="GBP">60.00</Amt><CdtDbtInd>CRDT</CdtDbtInd><Sts>BOOK</Sts><BookgDt><Dt>2018-09-12</Dt></BookgDt><BkTxCd><Prtry><Cd>SIP UKBA CR 40269</Cd></Prtry></BkTxCd><TxDtls><Refs><EndToEndId>EUROSTAR HARRY</EndToEndId><TxId>27115827510608000N</TxId><Prtry><Tp>STO REF</Tp><Ref>0000</Ref></Prtry></Refs><RltdPties><Dbtr><Nm>PONTEFRACT HE</Nm></Dbtr><DbtrAcct><Id><PrtryAcct><Id>54414451608200</Id></PrtryAcct></Id></DbtrAcct><Cdtr><Nm>DANIEL SEMBU</Nm></Cdtr><CdtrAcct><Id><PrtryAcct><Id>23008200438513</Id></PrtryAcct></Id></CdtrAcct><Prtry><Tp>EUROSTAR HARRY</Tp><Pty/></Prtry></RltdPties><RmtInf><Strd><AddtlRmtInf>PONTEFRACT HE     EUROSTAR HARRY    VIA MOBILE - LVP</AddtlRmtInf></Strd><Strd><AddtlRmtInf>PONTEFRACT HE//EUROSTAR HARRY</AddtlRmtInf></Strd></RmtInf><RltdDts><TxDtTm>2018-09-12T11:58:27</TxDtTm></RltdDts><AddtlTxInf>27115827510608000N1020180912826544144</AddtlTxInf></TxDtls><AddtlNtryInf>COMPLETE//0000//001//CREDIT</AddtlNtryInf></Ntry><Ntry><Amt Ccy="GBP">200.00</Amt><CdtDbtInd>CRDT</CdtDbtInd><Sts>BOOK</Sts><BookgDt><Dt>2018-09-12</Dt></BookgDt><BkTxCd><Prtry><Cd>SIP UKBA CR 40269</Cd></Prtry></BkTxCd><TxDtls><Refs><EndToEndId>NOREF</EndToEndId><TxId>P30DYKFQCLTZWN6NQP</TxId></Refs><RltdPties><Dbtr><Nm>RAGUL PERIYASAMY MANOHARAN</Nm><PstlAdr><AdrLine>199a Lower Addiscombe Road, CR0 6RA</AdrLine><Ctry/></PstlAdr></Dbtr><DbtrAcct><Id><PrtryAcct><Id>04000497397901</Id></PrtryAcct></Id></DbtrAcct><Cdtr><Nm>raguk</Nm></Cdtr><CdtrAcct><Id><PrtryAcct><Id>23008200320059</Id></PrtryAcct></Id></CdtrAcct><Prtry><Tp>myself</Tp><Pty/></Prtry></RltdPties><RmtInf><Strd><AddtlRmtInf>NO REF</AddtlRmtInf></Strd><Strd><AddtlRmtInf>RAGUL PERIYASAMY M//myself</AddtlRmtInf></Strd></RmtInf><RltdDts><TxDtTm>2018-09-12T11:58:52</TxDtTm></RltdDts><AddtlTxInf>P30DYKFQCLTZWN6NQP1020180912826040004</AddtlTxInf></TxDtls><AddtlNtryInf>COMPLETE//0000//001//CREDIT</AddtlNtryInf></Ntry></Ntfctn></BkToCstmrDbtCdtNtfctnV01></Document>