<?xml version="1.0" encoding="UTF-8"?><Document xmlns:xsi="http://www.w3.org/2001/XMLSchema-instance" xmlns="urn:iso:std:iso:20022:tech:xsd:camt.054.001.01"><BkToCstmrDbtCdtNtfctnV01><GrpHdr><MsgId>80309K//12337</MsgId><CreDtTm>2018-09-02T22:30:00</CreDtTm></GrpHdr><Ntfctn><Id>80309K//12337//1</Id><CreDtTm>2018-09-02T22:30:00</CreDtTm><Acct><Id><PrtryAcct><Id>20594233939774</Id></PrtryAcct></Id><Ccy>GBP</Ccy></Acct><TxsSummry><TtlNtries><NbOfNtries>3</NbOfNtries><Sum>1785.00</Sum></TtlNtries><TtlCdtNtries><NbOfNtries>3</NbOfNtries><Sum>1785.00</Sum></TtlCdtNtries><TtlDbtNtries><NbOfNtries>0</NbOfNtries><Sum>0.00</Sum></TtlDbtNtries></TxsSummry><Ntry><Amt Ccy="GBP">90.00</Amt><CdtDbtInd>CRDT</CdtDbtInd><Sts>BOOK</Sts><BookgDt><Dt>2018-09-03</Dt></BookgDt><BkTxCd><Prtry><Cd>SIP UKBA CR 40269</Cd></Prtry></BkTxCd><TxDtls><Refs><EndToEndId>NOREF</EndToEndId><TxId>600000000384677749</TxId></Refs><RltdPties><Dbtr><Nm>H Walford</Nm></Dbtr><DbtrAcct><Id><PrtryAcct><Id>30982111192760</Id></PrtryAcct></Id></DbtrAcct><Cdtr><Nm>KIRSTY THURLOW - H</Nm></Cdtr><CdtrAcct><Id><PrtryAcct><Id>23008200304897</Id></PrtryAcct></Id></CdtrAcct><Prtry><Tp>MOMS CARER</Tp><Pty/></Prtry></RltdPties><RmtInf><Strd><AddtlRmtInf>NO REF</AddtlRmtInf></Strd><Strd><AddtlRmtInf>H Walford//MOMS CARER</AddtlRmtInf></Strd></RmtInf><RltdDts><TxDtTm>2018-09-02T22:21:45</TxDtTm></RltdDts><AddtlTxInf>6000000003846777491020180902826309821</AddtlTxInf></TxDtls><AddtlNtryInf>COMPLETE//0000//003//CREDIT</AddtlNtryInf></Ntry><Ntry><Amt Ccy="GBP">795.00</Amt><CdtDbtInd>CRDT</CdtDbtInd><Sts>BOOK</Sts><BookgDt><Dt>2018-09-03</Dt></BookgDt><BkTxCd><Prtry><Cd>SIP UKBA CR 40269</Cd></Prtry></BkTxCd><TxDtls><Refs><EndToEndId>MEG   ITIYUL</EndToEndId><TxId>31222855730973000N</TxId><Prtry><Tp>STO REF</Tp><Ref>0000</Ref></Prtry></Refs><RltdPties><Dbtr><Nm>GREEN ME</Nm></Dbtr><DbtrAcct><Id><PrtryAcct><Id>60153177661745</Id></PrtryAcct></Id></DbtrAcct><Cdtr><Nm>TIM</Nm></Cdtr><CdtrAcct><Id><PrtryAcct><Id>23008200302579</Id></PrtryAcct></Id></CdtrAcct><Prtry><Tp>MEG   ITIYUL</Tp><Pty/></Prtry></RltdPties><RmtInf><Strd><AddtlRmtInf>GREEN ME          MEG   ITIYUL      VIA ONLINE - PYMT</AddtlRmtInf></Strd><Strd><AddtlRmtInf>GREEN ME//MEG   ITIYUL</AddtlRmtInf></Strd></RmtInf><RltdDts><TxDtTm>2018-09-02T22:28:56</TxDtTm></RltdDts><AddtlTxInf>31222855730973000N1020180902826601531</AddtlTxInf></TxDtls><AddtlNtryInf>COMPLETE//0000//003//CREDIT</AddtlNtryInf></Ntry><Ntry><Amt Ccy="GBP">900.00</Amt><CdtDbtInd>CRDT</CdtDbtInd><Sts>BOOK</Sts><BookgDt><Dt>2018-09-03</Dt></BookgDt><BkTxCd><Prtry><Cd>SIP UKBA CR 40269</Cd></Prtry></BkTxCd><TxDtls><Refs><EndToEndId>NOREF</EndToEndId><TxId>PTTZQ4KQ2HT85DW11Z</TxId></Refs><RltdPties><Dbtr><Nm>David Sierra Giraldo</Nm><PstlAdr><AdrLine>240a Coldharbour Lane, SW9 8SD</AdrLine><Ctry/></PstlAdr></Dbtr><DbtrAcct><Id><PrtryAcct><Id>04000466785067</Id></PrtryAcct></Id></DbtrAcct><Cdtr><Nm>Timothy Tapping</Nm></Cdtr><CdtrAcct><Id><PrtryAcct><Id>23008200227346</Id></PrtryAcct></Id></CdtrAcct><Prtry><Tp>Fees and transport</Tp><Pty/></Prtry></RltdPties><RmtInf><Strd><AddtlRmtInf>NO REF</AddtlRmtInf></Strd><Strd><AddtlRmtInf>David Sierra Giral//Fees and transport</AddtlRmtInf></Strd></RmtInf><RltdDts><TxDtTm>2018-09-02T22:28:59</TxDtTm></RltdDts><AddtlTxInf>PTTZQ4KQ2HT85DW11Z1020180902826040004</AddtlTxInf></TxDtls><AddtlNtryInf>COMPLETE//0000//003//CREDIT</AddtlNtryInf></Ntry></Ntfctn></BkToCstmrDbtCdtNtfctnV01></Document>