<?xml version="1.0" encoding="UTF-8"?><Document xmlns:xsi="http://www.w3.org/2001/XMLSchema-instance" xmlns="urn:iso:std:iso:20022:tech:xsd:camt.054.001.01"><BkToCstmrDbtCdtNtfctnV01><GrpHdr><MsgId>80309K//12825</MsgId><CreDtTm>2018-09-14T03:30:00</CreDtTm></GrpHdr><Ntfctn><Id>80309K//12825//1</Id><CreDtTm>2018-09-14T03:30:00</CreDtTm><Acct><Id><PrtryAcct><Id>20594233939774</Id></PrtryAcct></Id><Ccy>GBP</Ccy></Acct><TxsSummry><TtlNtries><NbOfNtries>12</NbOfNtries><Sum>17116.30</Sum></TtlNtries><TtlCdtNtries><NbOfNtries>12</NbOfNtries><Sum>17116.30</Sum></TtlCdtNtries><TtlDbtNtries><NbOfNtries>0</NbOfNtries><Sum>0.00</Sum></TtlDbtNtries></TxsSummry><Ntry><Amt Ccy="GBP">380.00</Amt><CdtDbtInd>CRDT</CdtDbtInd><Sts>BOOK</Sts><BookgDt><Dt>2018-09-14</Dt></BookgDt><BkTxCd><Prtry><Cd>FDP UKBA CR 40269</Cd></Prtry></BkTxCd><TxDtls><Refs><EndToEndId>NOREF</EndToEndId><TxId>44023340519918000N</TxId><Prtry><Tp>STO REF</Tp><Ref>0000</Ref></Prtry></Refs><RltdPties><Dbtr><Nm>SMART PARTITIONS (</Nm></Dbtr><DbtrAcct><Id><PrtryAcct><Id>60102610102140</Id></PrtryAcct></Id></DbtrAcct><Cdtr><Nm>JAMIE DOWNES</Nm></Cdtr><CdtrAcct><Id><PrtryAcct><Id>23008200369503</Id></PrtryAcct></Id></CdtrAcct><Prtry><Tp>SMART PARTITIONS</Tp><Pty/></Prtry></RltdPties><RmtInf><Strd><AddtlRmtInf>SMART PARTITIONS</AddtlRmtInf></Strd><Strd><AddtlRmtInf>SMART PARTITIONS (//SMART PARTITIONS</AddtlRmtInf></Strd></RmtInf><RltdDts><TxDtTm>2018-09-14T03:00:45</TxDtTm></RltdDts><AddtlTxInf>44023340519918000N4020180914826601026</AddtlTxInf></TxDtls><AddtlNtryInf>COMPLETE//0000//003//CREDIT</AddtlNtryInf></Ntry><Ntry><Amt Ccy="GBP">0.50</Amt><CdtDbtInd>CRDT</CdtDbtInd><Sts>BOOK</Sts><BookgDt><Dt>2018-09-14</Dt></BookgDt><BkTxCd><Prtry><Cd>SIP UKBA CR 40269</Cd></Prtry></BkTxCd><TxDtls><Refs><EndToEndId>BOSS</EndToEndId><TxId>31030250896195000N</TxId><Prtry><Tp>STO REF</Tp><Ref>0000</Ref></Prtry></Refs><RltdPties><Dbtr><Nm>NAVEED SJ</Nm></Dbtr><DbtrAcct><Id><PrtryAcct><Id>51703286880659</Id></PrtryAcct></Id></DbtrAcct><Cdtr><Nm>DANI ARRO</Nm></Cdtr><CdtrAcct><Id><PrtryAcct><Id>23008200445407</Id></PrtryAcct></Id></CdtrAcct><Prtry><Tp>BOSS</Tp><Pty/></Prtry></RltdPties><RmtInf><Strd><AddtlRmtInf>NAVEED SJ         BOSS              VIA MOBILE - LVP</AddtlRmtInf></Strd><Strd><AddtlRmtInf>NAVEED SJ//BOSS</AddtlRmtInf></Strd></RmtInf><RltdDts><TxDtTm>2018-09-14T03:02:51</TxDtTm></RltdDts><AddtlTxInf>31030250896195000N1020180914826517032</AddtlTxInf></TxDtls><AddtlNtryInf>COMPLETE//0000//003//CREDIT</AddtlNtryInf></Ntry><Ntry><Amt Ccy="GBP">450.00</Amt><CdtDbtInd>CRDT</CdtDbtInd><Sts>BOOK</Sts><BookgDt><Dt>2018-09-14</Dt></BookgDt><BkTxCd><Prtry><Cd>FDP UKBA CR 40269</Cd></Prtry></BkTxCd><TxDtls><Refs><EndToEndId>NOREF</EndToEndId><TxId>58023425338651000N</TxId><Prtry><Tp>STO REF</Tp><Ref>0000</Ref></Prtry></Refs><RltdPties><Dbtr><Nm>ENDEAVOUR DRYLININ</Nm></Dbtr><DbtrAcct><Id><PrtryAcct><Id>60212882042128</Id></PrtryAcct></Id></DbtrAcct><Cdtr><Nm>BENKO VITALIY</Nm></Cdtr><CdtrAcct><Id><PrtryAcct><Id>23008200123385</Id></PrtryAcct></Id></CdtrAcct><Prtry><Tp>ENDDL</Tp><Pty/></Prtry></RltdPties><RmtInf><Strd><AddtlRmtInf>ENDDL</AddtlRmtInf></Strd><Strd><AddtlRmtInf>ENDEAVOUR DRYLININ//ENDDL</AddtlRmtInf></Strd></RmtInf><RltdDts><TxDtTm>2018-09-14T03:09:32</TxDtTm></RltdDts><AddtlTxInf>58023425338651000N4020180914826602128</AddtlTxInf></TxDtls><AddtlNtryInf>COMPLETE//0000//003//CREDIT</AddtlNtryInf></Ntry><Ntry><Amt Ccy="GBP">301.32</Amt><CdtDbtInd>CRDT</CdtDbtInd><Sts>BOOK</Sts><BookgDt><Dt>2018-09-14</Dt></BookgDt><BkTxCd><Prtry><Cd>FDP UKBA CR 40269</Cd></Prtry></BkTxCd><TxDtls><Refs><EndToEndId>NOREF</EndToEndId><TxId>53023427896547000N</TxId><Prtry><Tp>STO REF</Tp><Ref>0000</Ref></Prtry></Refs><RltdPties><Dbtr><Nm>PREMIER WORK SUPPO</Nm></Dbtr><DbtrAcct><Id><PrtryAcct><Id>60180114160234</Id></PrtryAcct></Id></DbtrAcct><Cdtr><Nm>J J LESPERANCE</Nm></Cdtr><CdtrAcct><Id><PrtryAcct><Id>23008200030735</Id></PrtryAcct></Id></CdtrAcct><Prtry><Tp>WEEK 24</Tp><Pty/></Prtry></RltdPties><RmtInf><Strd><AddtlRmtInf>WEEK 24</AddtlRmtInf></Strd><Strd><AddtlRmtInf>PREMIER WORK SUPPO//WEEK 24</AddtlRmtInf></Strd></RmtInf><RltdDts><TxDtTm>2018-09-14T03:09:51</TxDtTm></RltdDts><AddtlTxInf>53023427896547000N4020180914826601801</AddtlTxInf></TxDtls><AddtlNtryInf>COMPLETE//0000//003//CREDIT</AddtlNtryInf></Ntry><Ntry><Amt Ccy="GBP">1100.00</Amt><CdtDbtInd>CRDT</CdtDbtInd><Sts>BOOK</Sts><BookgDt><Dt>2018-09-14</Dt></BookgDt><BkTxCd><Prtry><Cd>FDP UKBA CR 40269</Cd></Prtry></BkTxCd><TxDtls><Refs><EndToEndId>NOREF</EndToEndId><TxId>23030319069777000R</TxId><Prtry><Tp>STO REF</Tp><Ref>0000</Ref></Prtry></Refs><RltdPties><Dbtr><Nm>JUBILEE HALL/TRADI</Nm></Dbtr><DbtrAcct><Id><PrtryAcct><Id>16001523117366</Id></PrtryAcct></Id></DbtrAcct><Cdtr><Nm>V FRANCISC GOGA</Nm></Cdtr><CdtrAcct><Id><PrtryAcct><Id>23008200212497</Id></PrtryAcct></Id></CdtrAcct><Prtry><Tp>JUBILEE HALL</Tp><Pty/></Prtry></RltdPties><RmtInf><Strd><AddtlRmtInf>JUBILEE HALL</AddtlRmtInf></Strd><Strd><AddtlRmtInf>JUBILEE HALL/TRADI//JUBILEE HALL</AddtlRmtInf></Strd></RmtInf><RltdDts><TxDtTm>2018-09-14T03:10:26</TxDtTm></RltdDts><AddtlTxInf>23030319069777000R4020180914826160015</AddtlTxInf></TxDtls><AddtlNtryInf>COMPLETE//0000//003//CREDIT</AddtlNtryInf></Ntry><Ntry><Amt Ccy="GBP">343.38</Amt><CdtDbtInd>CRDT</CdtDbtInd><Sts>BOOK</Sts><BookgDt><Dt>2018-09-14</Dt></BookgDt><BkTxCd><Prtry><Cd>SIP UKBA CR 40269</Cd></Prtry></BkTxCd><TxDtls><Refs><EndToEndId>HI-SPECIALISTS LTD</EndToEndId><TxId>18031051027371000R</TxId><Prtry><Tp>STO REF</Tp><Ref>0000</Ref></Prtry></Refs><RltdPties><Dbtr><Nm>HOUSEKEEPING INSPE</Nm></Dbtr><DbtrAcct><Id><PrtryAcct><Id>16262111393413</Id></PrtryAcct></Id></DbtrAcct><Cdtr><Nm>VERONIKA KUTKOVA</Nm></Cdtr><CdtrAcct><Id><PrtryAcct><Id>23008200198799</Id></PrtryAcct></Id></CdtrAcct><Prtry><Tp>HI-SPECIALISTS LTD</Tp><Pty/></Prtry></RltdPties><RmtInf><Strd><AddtlRmtInf>HOUSEKEEPING INSPEHI-SPECIALISTS LTDVIA MOBILE - PYMT</AddtlRmtInf></Strd><Strd><AddtlRmtInf>HOUSEKEEPING INSPE//HI-SPECIALISTS LTD</AddtlRmtInf></Strd></RmtInf><RltdDts><TxDtTm>2018-09-14T03:10:51</TxDtTm></RltdDts><AddtlTxInf>18031051027371000R1020180914826162621</AddtlTxInf></TxDtls><AddtlNtryInf>COMPLETE//0000//003//CREDIT</AddtlNtryInf></Ntry><Ntry><Amt Ccy="GBP">1782.50</Amt><CdtDbtInd>CRDT</CdtDbtInd><Sts>BOOK</Sts><BookgDt><Dt>2018-09-14</Dt></BookgDt><BkTxCd><Prtry><Cd>FDP UKBA CR 40269</Cd></Prtry></BkTxCd><TxDtls><Refs><EndToEndId>JMC Recruitment</EndToEndId><TxId>MF001739612666A800</TxId></Refs><RltdPties><Dbtr><Nm>JMCRS LTD GBP</Nm></Dbtr><DbtrAcct><Id><PrtryAcct><Id>20829443717275</Id></PrtryAcct></Id></DbtrAcct><Cdtr><Nm>SIVES ENGINEERING LTD</Nm></Cdtr><CdtrAcct><Id><PrtryAcct><Id>23008200042812</Id></PrtryAcct></Id></CdtrAcct><Prtry><Tp>JMC Recruitment</Tp><Pty/></Prtry></RltdPties><RmtInf><Strd><RfrdDocInf><RfrdDocTp><Prtry>002</Prtry></RfrdDocTp></RfrdDocInf><AddtlRmtInf>NO REF</AddtlRmtInf></Strd><Strd><AddtlRmtInf>JMCRS LTD GBP//JMC Recruitment</AddtlRmtInf></Strd></RmtInf><RltdDts><TxDtTm>2018-09-14T03:13:00</TxDtTm></RltdDts><AddtlTxInf>MF001739612666A8004020180914826200000</AddtlTxInf></TxDtls><AddtlNtryInf>COMPLETE//0000//003//CREDIT</AddtlNtryInf></Ntry><Ntry><Amt Ccy="GBP">367.25</Amt><CdtDbtInd>CRDT</CdtDbtInd><Sts>BOOK</Sts><BookgDt><Dt>2018-09-14</Dt></BookgDt><BkTxCd><Prtry><Cd>FDP UKBA CR 40269</Cd></Prtry></BkTxCd><TxDtls><Refs><EndToEndId>MF0042396123DE5E00</EndToEndId><TxId>MF0042396123DE5E00</TxId></Refs><RltdPties><Dbtr><Nm>EFT POPPYPRIDE</Nm></Dbtr><DbtrAcct><Id><PrtryAcct><Id>20822343909530</Id></PrtryAcct></Id></DbtrAcct><Cdtr><Nm>L ANGHELINA</Nm></Cdtr><CdtrAcct><Id><PrtryAcct><Id>23008200075365</Id></PrtryAcct></Id></CdtrAcct><Prtry><Tp>PRS - 1525</Tp><Pty/></Prtry></RltdPties><RmtInf><Strd><RfrdDocInf><RfrdDocTp><Prtry>002</Prtry></RfrdDocTp></RfrdDocInf><AddtlRmtInf>NO REF</AddtlRmtInf></Strd><Strd><AddtlRmtInf>EFT POPPYPRIDE//PRS - 1525</AddtlRmtInf></Strd></RmtInf><RltdDts><TxDtTm>2018-09-14T03:14:49</TxDtTm></RltdDts><AddtlTxInf>MF0042396123DE5E004020180914826200026</AddtlTxInf></TxDtls><AddtlNtryInf>COMPLETE//0000//003//CREDIT</AddtlNtryInf></Ntry><Ntry><Amt Ccy="GBP">11465.49</Amt><CdtDbtInd>CRDT</CdtDbtInd><Sts>BOOK</Sts><BookgDt><Dt>2018-09-14</Dt></BookgDt><BkTxCd><Prtry><Cd>FDP UKBA CR 40269</Cd></Prtry></BkTxCd><TxDtls><Refs><EndToEndId>NOREF</EndToEndId><TxId>26023056155039000R</TxId><Prtry><Tp>STO REF</Tp><Ref>0000</Ref></Prtry></Refs><RltdPties><Dbtr><Nm>HPR (UK) LIMITED</Nm></Dbtr><DbtrAcct><Id><PrtryAcct><Id>83153100756548</Id></PrtryAcct></Id></DbtrAcct><Cdtr><Nm>THEHYDCONSULT LTD</Nm></Cdtr><CdtrAcct><Id><PrtryAcct><Id>23008200035309</Id></PrtryAcct></Id></CdtrAcct><Prtry><Tp>HPR UK 0019 0020</Tp><Pty/></Prtry></RltdPties><RmtInf><Strd><AddtlRmtInf>HPR UK 0019 0020</AddtlRmtInf></Strd><Strd><AddtlRmtInf>HPR (UK) LIMITED//HPR UK 0019 0020</AddtlRmtInf></Strd></RmtInf><RltdDts><TxDtTm>2018-09-14T03:19:34</TxDtTm></RltdDts><AddtlTxInf>26023056155039000R4020180914826831531</AddtlTxInf></TxDtls><AddtlNtryInf>COMPLETE//0000//003//CREDIT</AddtlNtryInf></Ntry><Ntry><Amt Ccy="GBP">402.02</Amt><CdtDbtInd>CRDT</CdtDbtInd><Sts>BOOK</Sts><BookgDt><Dt>2018-09-14</Dt></BookgDt><BkTxCd><Prtry><Cd>FDP UKBA CR 40269</Cd></Prtry></BkTxCd><TxDtls><Refs><EndToEndId>NOREF</EndToEndId><TxId>63023511480177000N</TxId><Prtry><Tp>STO REF</Tp><Ref>0000</Ref></Prtry></Refs><RltdPties><Dbtr><Nm>KEEN THINKING LIMI</Nm></Dbtr><DbtrAcct><Id><PrtryAcct><Id>54305141516907</Id></PrtryAcct></Id></DbtrAcct><Cdtr><Nm>MR LUIS RAMOS</Nm></Cdtr><CdtrAcct><Id><PrtryAcct><Id>23008200328355</Id></PrtryAcct></Id></CdtrAcct><Prtry><Tp>PAYROLL WK 24</Tp><Pty/></Prtry></RltdPties><RmtInf><Strd><AddtlRmtInf>PAYROLL WK 24</AddtlRmtInf></Strd><Strd><AddtlRmtInf>KEEN THINKING LIMI//PAYROLL WK 24</AddtlRmtInf></Strd></RmtInf><RltdDts><TxDtTm>2018-09-14T03:19:38</TxDtTm></RltdDts><AddtlTxInf>63023511480177000N4020180914826543051</AddtlTxInf></TxDtls><AddtlNtryInf>COMPLETE//0000//003//CREDIT</AddtlNtryInf></Ntry><Ntry><Amt Ccy="GBP">342.70</Amt><CdtDbtInd>CRDT</CdtDbtInd><Sts>BOOK</Sts><BookgDt><Dt>2018-09-14</Dt></BookgDt><BkTxCd><Prtry><Cd>FDP UKBA CR 40269</Cd></Prtry></BkTxCd><TxDtls><Refs><EndToEndId>NOREF</EndToEndId><TxId>53023558430315000N</TxId><Prtry><Tp>STO REF</Tp><Ref>0000</Ref></Prtry></Refs><RltdPties><Dbtr><Nm>EZY PAYMENT SOLS L</Nm></Dbtr><DbtrAcct><Id><PrtryAcct><Id>60023576436802</Id></PrtryAcct></Id></DbtrAcct><Cdtr><Nm>F SEMEN</Nm></Cdtr><CdtrAcct><Id><PrtryAcct><Id>23008200370358</Id></PrtryAcct></Id></CdtrAcct><Prtry><Tp>PERIOD W24-25159</Tp><Pty/></Prtry></RltdPties><RmtInf><Strd><AddtlRmtInf>PERIOD W24-25159</AddtlRmtInf></Strd><Strd><AddtlRmtInf>EZY PAYMENT SOLS L//PERIOD W24-25159</AddtlRmtInf></Strd></RmtInf><RltdDts><TxDtTm>2018-09-14T03:26:37</TxDtTm></RltdDts><AddtlTxInf>53023558430315000N4020180914826600235</AddtlTxInf></TxDtls><AddtlNtryInf>COMPLETE//0000//003//CREDIT</AddtlNtryInf></Ntry><Ntry><Amt Ccy="GBP">181.14</Amt><CdtDbtInd>CRDT</CdtDbtInd><Sts>BOOK</Sts><BookgDt><Dt>2018-09-14</Dt></BookgDt><BkTxCd><Prtry><Cd>FDP UKBA CR 40269</Cd></Prtry></BkTxCd><TxDtls><Refs><EndToEndId>NOREF</EndToEndId><TxId>54023558430385000N</TxId><Prtry><Tp>STO REF</Tp><Ref>0000</Ref></Prtry></Refs><RltdPties><Dbtr><Nm>EZY PAYMENT SOLS L</Nm></Dbtr><DbtrAcct><Id><PrtryAcct><Id>60023576436802</Id></PrtryAcct></Id></DbtrAcct><Cdtr><Nm>RAULESCU</Nm></Cdtr><CdtrAcct><Id><PrtryAcct><Id>23008200376399</Id></PrtryAcct></Id></CdtrAcct><Prtry><Tp>PERIOD W24-25181</Tp><Pty/></Prtry></RltdPties><RmtInf><Strd><AddtlRmtInf>PERIOD W24-25181</AddtlRmtInf></Strd><Strd><AddtlRmtInf>EZY PAYMENT SOLS L//PERIOD W24-25181</AddtlRmtInf></Strd></RmtInf><RltdDts><TxDtTm>2018-09-14T03:27:12</TxDtTm></RltdDts><AddtlTxInf>54023558430385000N4020180914826600235</AddtlTxInf></TxDtls><AddtlNtryInf>COMPLETE//0000//003//CREDIT</AddtlNtryInf></Ntry></Ntfctn></BkToCstmrDbtCdtNtfctnV01></Document>