<?xml version="1.0" encoding="UTF-8"?><Document xmlns:xsi="http://www.w3.org/2001/XMLSchema-instance" xmlns="urn:iso:std:iso:20022:tech:xsd:camt.054.001.01"><BkToCstmrDbtCdtNtfctnV01><GrpHdr><MsgId>80309K//13160</MsgId><CreDtTm>2018-09-21T21:00:00</CreDtTm></GrpHdr><Ntfctn><Id>80309K//13160//1</Id><CreDtTm>2018-09-21T21:00:00</CreDtTm><Acct><Id><PrtryAcct><Id>20594233939774</Id></PrtryAcct></Id><Ccy>GBP</Ccy></Acct><TxsSummry><TtlNtries><NbOfNtries>1</NbOfNtries><Sum>63.00</Sum></TtlNtries><TtlCdtNtries><NbOfNtries>1</NbOfNtries><Sum>63.00</Sum></TtlCdtNtries><TtlDbtNtries><NbOfNtries>0</NbOfNtries><Sum>0.00</Sum></TtlDbtNtries></TxsSummry><Ntry><Amt Ccy="GBP">63.00</Amt><CdtDbtInd>CRDT</CdtDbtInd><Sts>BOOK</Sts><BookgDt><Dt>2018-09-24</Dt></BookgDt><BkTxCd><Prtry><Cd>SIP UKBA CR 40269</Cd></Prtry></BkTxCd><TxDtls><Refs><EndToEndId>MEEEE</EndToEndId><TxId>18205648425334000N</TxId><Prtry><Tp>STO REF</Tp><Ref>0000</Ref></Prtry></Refs><RltdPties><Dbtr><Nm>ROBINSON VL</Nm></Dbtr><DbtrAcct><Id><PrtryAcct><Id>60032878666368</Id></PrtryAcct></Id></DbtrAcct><Cdtr><Nm>VICKI</Nm></Cdtr><CdtrAcct><Id><PrtryAcct><Id>23008200195160</Id></PrtryAcct></Id></CdtrAcct><Prtry><Tp>MEEEE</Tp><Pty/></Prtry></RltdPties><RmtInf><Strd><AddtlRmtInf>ROBINSON VL       MEEEE             VIA MOBILE - LVP</AddtlRmtInf></Strd><Strd><AddtlRmtInf>ROBINSON VL//MEEEE</AddtlRmtInf></Strd></RmtInf><RltdDts><TxDtTm>2018-09-21T20:56:48</TxDtTm></RltdDts><AddtlTxInf>18205648425334000N1020180921826600328</AddtlTxInf></TxDtls><AddtlNtryInf>COMPLETE//0000//003//CREDIT</AddtlNtryInf></Ntry></Ntfctn></BkToCstmrDbtCdtNtfctnV01></Document>