<?xml version="1.0" encoding="UTF-8"?><Document xmlns:xsi="http://www.w3.org/2001/XMLSchema-instance" xmlns="urn:iso:std:iso:20022:tech:xsd:camt.054.001.01"><BkToCstmrDbtCdtNtfctnV01><GrpHdr><MsgId>80309K//13440</MsgId><CreDtTm>2018-09-28T09:30:00</CreDtTm></GrpHdr><Ntfctn><Id>80309K//13440//1</Id><CreDtTm>2018-09-28T09:30:00</CreDtTm><Acct><Id><PrtryAcct><Id>20594233939774</Id></PrtryAcct></Id><Ccy>GBP</Ccy></Acct><TxsSummry><TtlNtries><NbOfNtries>8</NbOfNtries><Sum>2178.28</Sum></TtlNtries><TtlCdtNtries><NbOfNtries>8</NbOfNtries><Sum>2178.28</Sum></TtlCdtNtries><TtlDbtNtries><NbOfNtries>0</NbOfNtries><Sum>0.00</Sum></TtlDbtNtries></TxsSummry><Ntry><Amt Ccy="GBP">100.00</Amt><CdtDbtInd>CRDT</CdtDbtInd><Sts>BOOK</Sts><BookgDt><Dt>2018-09-28</Dt></BookgDt><BkTxCd><Prtry><Cd>SIP UKBA CR 40269</Cd></Prtry></BkTxCd><TxDtls><Refs><EndToEndId>00151767632BBFWHWT</EndToEndId><TxId>00151767632BBFWHWT</TxId></Refs><RltdPties><Dbtr><Nm>ADENIYI ODUNSI</Nm></Dbtr><DbtrAcct><Id><PrtryAcct><Id>09012925587638</Id></PrtryAcct></Id></DbtrAcct><Cdtr><Nm>T YUSSUF</Nm></Cdtr><CdtrAcct><Id><PrtryAcct><Id>23008200289928</Id></PrtryAcct></Id></CdtrAcct><Prtry><Tp>odunsi</Tp><Pty/></Prtry></RltdPties><RmtInf><Strd><AddtlRmtInf>NO REF</AddtlRmtInf></Strd><Strd><AddtlRmtInf>ADENIYI ODUNSI//odunsi</AddtlRmtInf></Strd></RmtInf><RltdDts><TxDtTm>2018-09-28T09:04:16</TxDtTm></RltdDts><AddtlTxInf>00151767632BBFWHWT1020180928826090129</AddtlTxInf></TxDtls><AddtlNtryInf>COMPLETE//0000//001//CREDIT</AddtlNtryInf></Ntry><Ntry><Amt Ccy="GBP">600.00</Amt><CdtDbtInd>CRDT</CdtDbtInd><Sts>BOOK</Sts><BookgDt><Dt>2018-09-28</Dt></BookgDt><BkTxCd><Prtry><Cd>SIP UKBA CR 40269</Cd></Prtry></BkTxCd><TxDtls><Refs><EndToEndId>NOREF</EndToEndId><TxId>100000000391161381</TxId></Refs><RltdPties><Dbtr><Nm>D Gibbs</Nm></Dbtr><DbtrAcct><Id><PrtryAcct><Id>30962327781468</Id></PrtryAcct></Id></DbtrAcct><Cdtr><Nm>ZARA HASSAN</Nm></Cdtr><CdtrAcct><Id><PrtryAcct><Id>23008200459566</Id></PrtryAcct></Id></CdtrAcct><Prtry><Tp>DARRYL GIBBS</Tp><Pty/></Prtry></RltdPties><RmtInf><Strd><AddtlRmtInf>NO REF</AddtlRmtInf></Strd><Strd><AddtlRmtInf>D Gibbs//DARRYL GIBBS</AddtlRmtInf></Strd></RmtInf><RltdDts><TxDtTm>2018-09-28T09:10:24</TxDtTm></RltdDts><AddtlTxInf>1000000003911613811020180928826309623</AddtlTxInf></TxDtls><AddtlNtryInf>COMPLETE//0000//001//CREDIT</AddtlNtryInf></Ntry><Ntry><Amt Ccy="GBP">900.00</Amt><CdtDbtInd>CRDT</CdtDbtInd><Sts>BOOK</Sts><BookgDt><Dt>2018-09-28</Dt></BookgDt><BkTxCd><Prtry><Cd>DCA UKBA CR 40269</Cd></Prtry></BkTxCd><TxDtls><Refs><EndToEndId>NOREF</EndToEndId><TxId>000000013693089201</TxId><Prtry><Tp>STO REF</Tp><Ref>0000</Ref></Prtry></Refs><RltdPties><Dbtr><Nm>MANE CONTRACT SERV</Nm></Dbtr><DbtrAcct><Id><PrtryAcct><Id>20958710938742</Id></PrtryAcct></Id></DbtrAcct><Cdtr><Nm>COMMERCIAL ASPECTS</Nm></Cdtr><CdtrAcct><Id><PrtryAcct><Id>23008200038216</Id></PrtryAcct></Id></CdtrAcct><Prtry><Tp>0120265</Tp><Pty/></Prtry></RltdPties><RmtInf><Strd><AddtlRmtInf>NO REF</AddtlRmtInf></Strd><Strd><AddtlRmtInf>MANE CONTRACT SERV//0120265</AddtlRmtInf></Strd></RmtInf><RltdDts><TxDtTm>2018-09-28T09:13:36</TxDtTm></RltdDts><AddtlTxInf>0000000136930892015020180928826209587</AddtlTxInf></TxDtls><AddtlNtryInf>COMPLETE//0000//001//CREDIT</AddtlNtryInf></Ntry><Ntry><Amt Ccy="GBP">10.00</Amt><CdtDbtInd>CRDT</CdtDbtInd><Sts>BOOK</Sts><BookgDt><Dt>2018-09-28</Dt></BookgDt><BkTxCd><Prtry><Cd>SIP UKBA CR 40269</Cd></Prtry></BkTxCd><TxDtls><Refs><EndToEndId>NOREF</EndToEndId><TxId>04093763219181F9SW</TxId><Prtry><Tp>STO REF</Tp><Ref>0000</Ref></Prtry></Refs><RltdPties><Dbtr><Nm>SKRILL LIMITED</Nm><PstlAdr><AdrLine>LONDON</AdrLine><Ctry/></PstlAdr></Dbtr><DbtrAcct><Id><PrtryAcct><Id>40486563717002</Id></PrtryAcct></Id></DbtrAcct><Cdtr><Nm>MILENA ANGELOVA</Nm></Cdtr><CdtrAcct><Id><PrtryAcct><Id>23008200471407</Id></PrtryAcct></Id></CdtrAcct><Prtry><Tp>TRN2497855524</Tp><Pty/></Prtry></RltdPties><RmtInf><Strd><AddtlRmtInf>NO REF</AddtlRmtInf></Strd><Strd><AddtlRmtInf>SKRILL LIMITED//TRN2497855524</AddtlRmtInf></Strd></RmtInf><RltdDts><TxDtTm>2018-09-28T09:13:53</TxDtTm></RltdDts><AddtlTxInf>04093763219181F9SW1020180928826400530</AddtlTxInf></TxDtls><AddtlNtryInf>COMPLETE//0000//001//CREDIT</AddtlNtryInf></Ntry><Ntry><Amt Ccy="GBP">30.00</Amt><CdtDbtInd>CRDT</CdtDbtInd><Sts>BOOK</Sts><BookgDt><Dt>2018-09-28</Dt></BookgDt><BkTxCd><Prtry><Cd>SIP UKBA CR 40269</Cd></Prtry></BkTxCd><TxDtls><Refs><EndToEndId>NOREF</EndToEndId><TxId>RP4659985522375800</TxId></Refs><RltdPties><Dbtr><Nm>KASHIRI I</Nm></Dbtr><DbtrAcct><Id><PrtryAcct><Id>20514303142604</Id></PrtryAcct></Id></DbtrAcct><Cdtr><Nm>IRENE KASHIRI</Nm></Cdtr><CdtrAcct><Id><PrtryAcct><Id>23008200167884</Id></PrtryAcct></Id></CdtrAcct><Prtry><Tp>WEEKLY</Tp><Pty/></Prtry></RltdPties><RmtInf><Strd><AddtlRmtInf>NO REF</AddtlRmtInf></Strd><Strd><AddtlRmtInf>KASHIRI I//WEEKLY</AddtlRmtInf></Strd></RmtInf><RltdDts><TxDtTm>2018-09-28T09:17:05</TxDtTm></RltdDts><AddtlTxInf>RP46599855223758001020180928826200026</AddtlTxInf></TxDtls><AddtlNtryInf>COMPLETE//0000//001//CREDIT</AddtlNtryInf></Ntry><Ntry><Amt Ccy="GBP">200.00</Amt><CdtDbtInd>CRDT</CdtDbtInd><Sts>BOOK</Sts><BookgDt><Dt>2018-09-28</Dt></BookgDt><BkTxCd><Prtry><Cd>SIP UKBA CR 40269</Cd></Prtry></BkTxCd><TxDtls><Refs><EndToEndId>NOREF</EndToEndId><TxId>YBBPI0917482503464</TxId></Refs><RltdPties><Dbtr><Nm>RICHARD WOOD</Nm></Dbtr><DbtrAcct><Id><PrtryAcct><Id>05002011291543</Id></PrtryAcct></Id></DbtrAcct><Cdtr><Nm>c</Nm></Cdtr><CdtrAcct><Id><PrtryAcct><Id>23008200303446</Id></PrtryAcct></Id></CdtrAcct><Prtry><Tp>chr</Tp><Pty/></Prtry></RltdPties><RmtInf><Strd><RfrdDocInf><RfrdDocTp><Prtry>002</Prtry></RfrdDocTp></RfrdDocInf><AddtlRmtInf>NO REF</AddtlRmtInf></Strd><Strd><AddtlRmtInf>RICHARD WOOD//chr</AddtlRmtInf></Strd></RmtInf><RltdDts><TxDtTm>2018-09-28T09:17:49</TxDtTm></RltdDts><AddtlTxInf>YBBPI09174825034641020180928826050020</AddtlTxInf></TxDtls><AddtlNtryInf>COMPLETE//0000//001//CREDIT</AddtlNtryInf></Ntry><Ntry><Amt Ccy="GBP">10.00</Amt><CdtDbtInd>CRDT</CdtDbtInd><Sts>BOOK</Sts><BookgDt><Dt>2018-09-28</Dt></BookgDt><BkTxCd><Prtry><Cd>SIP UKBA CR 40269</Cd></Prtry></BkTxCd><TxDtls><Refs><EndToEndId>NOREF</EndToEndId><TxId>53819070419343F5SW</TxId><Prtry><Tp>STO REF</Tp><Ref>0000</Ref></Prtry></Refs><RltdPties><Dbtr><Nm>SKRILL LIMITED</Nm><PstlAdr><AdrLine>LONDON</AdrLine><Ctry/></PstlAdr></Dbtr><DbtrAcct><Id><PrtryAcct><Id>40486563717002</Id></PrtryAcct></Id></DbtrAcct><Cdtr><Nm>VASIL DRAMOV</Nm></Cdtr><CdtrAcct><Id><PrtryAcct><Id>23008200471428</Id></PrtryAcct></Id></CdtrAcct><Prtry><Tp>TRN2497860088</Tp><Pty/></Prtry></RltdPties><RmtInf><Strd><AddtlRmtInf>NO REF</AddtlRmtInf></Strd><Strd><AddtlRmtInf>SKRILL LIMITED//TRN2497860088</AddtlRmtInf></Strd></RmtInf><RltdDts><TxDtTm>2018-09-28T09:19:34</TxDtTm></RltdDts><AddtlTxInf>53819070419343F5SW1020180928826400530</AddtlTxInf></TxDtls><AddtlNtryInf>COMPLETE//0000//001//CREDIT</AddtlNtryInf></Ntry><Ntry><Amt Ccy="GBP">328.28</Amt><CdtDbtInd>CRDT</CdtDbtInd><Sts>BOOK</Sts><BookgDt><Dt>2018-09-28</Dt></BookgDt><BkTxCd><Prtry><Cd>SIP UKBA CR 40269</Cd></Prtry></BkTxCd><TxDtls><Refs><EndToEndId>00156388632BBCHSMZ</EndToEndId><TxId>00156388632BBCHSMZ</TxId></Refs><RltdPties><Dbtr><Nm>SHERIDA MARCH</Nm></Dbtr><DbtrAcct><Id><PrtryAcct><Id>09012922685562</Id></PrtryAcct></Id></DbtrAcct><Cdtr><Nm>SHERIDA MARCH</Nm></Cdtr><CdtrAcct><Id><PrtryAcct><Id>23008200175444</Id></PrtryAcct></Id></CdtrAcct><Prtry><Tp>transfer</Tp><Pty/></Prtry></RltdPties><RmtInf><Strd><AddtlRmtInf>NO REF</AddtlRmtInf></Strd><Strd><AddtlRmtInf>SHERIDA MARCH//transfer</AddtlRmtInf></Strd></RmtInf><RltdDts><TxDtTm>2018-09-28T09:20:33</TxDtTm></RltdDts><AddtlTxInf>00156388632BBCHSMZ1020180928826090129</AddtlTxInf></TxDtls><AddtlNtryInf>COMPLETE//0000//001//CREDIT</AddtlNtryInf></Ntry></Ntfctn></BkToCstmrDbtCdtNtfctnV01></Document>