<?xml version="1.0" encoding="UTF-8"?><Document xmlns:xsi="http://www.w3.org/2001/XMLSchema-instance" xmlns="urn:iso:std:iso:20022:tech:xsd:camt.054.001.01"><BkToCstmrDbtCdtNtfctnV01><GrpHdr><MsgId>80309K//12798</MsgId><CreDtTm>2018-09-13T14:00:00</CreDtTm></GrpHdr><Ntfctn><Id>80309K//12798//1</Id><CreDtTm>2018-09-13T14:00:00</CreDtTm><Acct><Id><PrtryAcct><Id>20594233939774</Id></PrtryAcct></Id><Ccy>GBP</Ccy></Acct><TxsSummry><TtlNtries><NbOfNtries>11</NbOfNtries><Sum>2091.70</Sum></TtlNtries><TtlCdtNtries><NbOfNtries>11</NbOfNtries><Sum>2091.70</Sum></TtlCdtNtries><TtlDbtNtries><NbOfNtries>0</NbOfNtries><Sum>0.00</Sum></TtlDbtNtries></TxsSummry><Ntry><Amt Ccy="GBP">10.00</Amt><CdtDbtInd>CRDT</CdtDbtInd><Sts>BOOK</Sts><BookgDt><Dt>2018-09-13</Dt></BookgDt><BkTxCd><Prtry><Cd>SIP UKBA CR 40269</Cd></Prtry></BkTxCd><TxDtls><Refs><EndToEndId>DAD</EndToEndId><TxId>36133243732523000N</TxId><Prtry><Tp>STO REF</Tp><Ref>0000</Ref></Prtry></Refs><RltdPties><Dbtr><Nm>LARNDER-SMITH SA</Nm></Dbtr><DbtrAcct><Id><PrtryAcct><Id>55502864581667</Id></PrtryAcct></Id></DbtrAcct><Cdtr><Nm>CORY LARNDER-SMITH</Nm></Cdtr><CdtrAcct><Id><PrtryAcct><Id>23008200246431</Id></PrtryAcct></Id></CdtrAcct><Prtry><Tp>DAD</Tp><Pty/></Prtry></RltdPties><RmtInf><Strd><AddtlRmtInf>LARNDER-SMITH SA  DAD               VIA MOBILE - PYMT</AddtlRmtInf></Strd><Strd><AddtlRmtInf>LARNDER-SMITH SA//DAD</AddtlRmtInf></Strd></RmtInf><RltdDts><TxDtTm>2018-09-13T13:32:44</TxDtTm></RltdDts><AddtlTxInf>36133243732523000N1020180913826555028</AddtlTxInf></TxDtls><AddtlNtryInf>COMPLETE//0000//002//CREDIT</AddtlNtryInf></Ntry><Ntry><Amt Ccy="GBP">20.00</Amt><CdtDbtInd>CRDT</CdtDbtInd><Sts>BOOK</Sts><BookgDt><Dt>2018-09-13</Dt></BookgDt><BkTxCd><Prtry><Cd>SIP UKBA CR 40269</Cd></Prtry></BkTxCd><TxDtls><Refs><EndToEndId>NOREF</EndToEndId><TxId>RP4659984452518700</TxId></Refs><RltdPties><Dbtr><Nm>T A MARSHALL</Nm></Dbtr><DbtrAcct><Id><PrtryAcct><Id>20396480598240</Id></PrtryAcct></Id></DbtrAcct><Cdtr><Nm>T A MARSHALL</Nm></Cdtr><CdtrAcct><Id><PrtryAcct><Id>23008200033369</Id></PrtryAcct></Id></CdtrAcct><Prtry><Tp>ME</Tp><Pty/></Prtry></RltdPties><RmtInf><Strd><AddtlRmtInf>NO REF</AddtlRmtInf></Strd><Strd><AddtlRmtInf>T A MARSHALL//ME</AddtlRmtInf></Strd></RmtInf><RltdDts><TxDtTm>2018-09-13T13:36:09</TxDtTm></RltdDts><AddtlTxInf>RP46599844525187001020180913826200026</AddtlTxInf></TxDtls><AddtlNtryInf>COMPLETE//0000//002//CREDIT</AddtlNtryInf></Ntry><Ntry><Amt Ccy="GBP">1029.60</Amt><CdtDbtInd>CRDT</CdtDbtInd><Sts>BOOK</Sts><BookgDt><Dt>2018-09-13</Dt></BookgDt><BkTxCd><Prtry><Cd>SIP UKBA CR 40269</Cd></Prtry></BkTxCd><TxDtls><Refs><EndToEndId>NOREF</EndToEndId><TxId>400000000393173706</TxId></Refs><RltdPties><Dbtr><Nm>Magna Connections</Nm></Dbtr><DbtrAcct><Id><PrtryAcct><Id>30155371511660</Id></PrtryAcct></Id></DbtrAcct><Cdtr><Nm>KC SMART CAR R LTD</Nm></Cdtr><CdtrAcct><Id><PrtryAcct><Id>23008200033962</Id></PrtryAcct></Id></CdtrAcct><Prtry><Tp>INV.022 WE09.09.18</Tp><Pty/></Prtry></RltdPties><RmtInf><Strd><AddtlRmtInf>NO REF</AddtlRmtInf></Strd><Strd><AddtlRmtInf>Magna Connections//INV.022 WE09.09.18</AddtlRmtInf></Strd></RmtInf><RltdDts><TxDtTm>2018-09-13T13:37:55</TxDtTm></RltdDts><AddtlTxInf>4000000003931737061020180913826301553</AddtlTxInf></TxDtls><AddtlNtryInf>COMPLETE//0000//002//CREDIT</AddtlNtryInf></Ntry><Ntry><Amt Ccy="GBP">17.90</Amt><CdtDbtInd>CRDT</CdtDbtInd><Sts>BOOK</Sts><BookgDt><Dt>2018-09-13</Dt></BookgDt><BkTxCd><Prtry><Cd>SIP UKBA CR 40269</Cd></Prtry></BkTxCd><TxDtls><Refs><EndToEndId>PPWD00000000AN14HW</EndToEndId><TxId>PPWD00000000AN14HW</TxId></Refs><RltdPties><Dbtr><Nm>PayPal</Nm><PstlAdr><AdrLine>2211 N 1st Street San Jose CA 95131</AdrLine><Ctry/></PstlAdr></Dbtr><DbtrAcct><Id><PrtryAcct><Id>23526278959595</Id></PrtryAcct></Id></DbtrAcct><Cdtr><Nm>Ola Akingbogun</Nm><PstlAdr><AdrLine>York Road</AdrLine><Ctry/></PstlAdr></Cdtr><CdtrAcct><Id><PrtryAcct><Id>23008200294917</Id></PrtryAcct></Id></CdtrAcct><Prtry><Tp>PPWDL488J2AL2KVKBN</Tp><Pty/></Prtry></RltdPties><RmtInf><Strd><RfrdDocInf><RfrdDocTp><Prtry>002</Prtry></RfrdDocTp></RfrdDocInf><AddtlRmtInf>NO REF</AddtlRmtInf></Strd><Strd><AddtlRmtInf>PayPal//PPWDL488J2AL2KVKBN</AddtlRmtInf></Strd></RmtInf><RltdDts><TxDtTm>2018-09-13T13:43:27</TxDtTm></RltdDts><AddtlTxInf>PPWD00000000AN14HW1020180913826235262</AddtlTxInf></TxDtls><AddtlNtryInf>COMPLETE//0000//002//CREDIT</AddtlNtryInf></Ntry><Ntry><Amt Ccy="GBP">40.00</Amt><CdtDbtInd>CRDT</CdtDbtInd><Sts>BOOK</Sts><BookgDt><Dt>2018-09-13</Dt></BookgDt><BkTxCd><Prtry><Cd>SIP UKBA CR 40269</Cd></Prtry></BkTxCd><TxDtls><Refs><EndToEndId>00152050632BBCGKFY</EndToEndId><TxId>00152050632BBCGKFY</TxId></Refs><RltdPties><Dbtr><Nm>PAMELA VINCE</Nm></Dbtr><DbtrAcct><Id><PrtryAcct><Id>09012724314358</Id></PrtryAcct></Id></DbtrAcct><Cdtr><Nm>KIM</Nm></Cdtr><CdtrAcct><Id><PrtryAcct><Id>23008200081546</Id></PrtryAcct></Id></CdtrAcct><Prtry><Tp>Kimbo</Tp><Pty/></Prtry></RltdPties><RmtInf><Strd><AddtlRmtInf>NO REF</AddtlRmtInf></Strd><Strd><AddtlRmtInf>PAMELA VINCE//Kimbo</AddtlRmtInf></Strd></RmtInf><RltdDts><TxDtTm>2018-09-13T13:45:23</TxDtTm></RltdDts><AddtlTxInf>00152050632BBCGKFY1020180913826090127</AddtlTxInf></TxDtls><AddtlNtryInf>COMPLETE//0000//002//CREDIT</AddtlNtryInf></Ntry><Ntry><Amt Ccy="GBP">99.00</Amt><CdtDbtInd>CRDT</CdtDbtInd><Sts>BOOK</Sts><BookgDt><Dt>2018-09-13</Dt></BookgDt><BkTxCd><Prtry><Cd>SIP UKBA CR 40269</Cd></Prtry></BkTxCd><TxDtls><Refs><EndToEndId>NOREF</EndToEndId><TxId>451820249431319001</TxId><Prtry><Tp>STO REF</Tp><Ref>0000</Ref></Prtry></Refs><RltdPties><Dbtr><Nm>BINGHAM M</Nm></Dbtr><DbtrAcct><Id><PrtryAcct><Id>40192091819976</Id></PrtryAcct></Id></DbtrAcct><Cdtr><Nm>AMBLE SIDE RACING</Nm></Cdtr><CdtrAcct><Id><PrtryAcct><Id>23008200224434</Id></PrtryAcct></Id></CdtrAcct><Prtry><Tp>BINGHAM</Tp><Pty/></Prtry></RltdPties><RmtInf><Strd><AddtlRmtInf>NO REF</AddtlRmtInf></Strd><Strd><AddtlRmtInf>BINGHAM M//BINGHAM</AddtlRmtInf></Strd></RmtInf><RltdDts><TxDtTm>2018-09-13T13:49:42</TxDtTm></RltdDts><AddtlTxInf>4518202494313190011020180913826401920</AddtlTxInf></TxDtls><AddtlNtryInf>COMPLETE//0000//002//CREDIT</AddtlNtryInf></Ntry><Ntry><Amt Ccy="GBP">0.20</Amt><CdtDbtInd>CRDT</CdtDbtInd><Sts>BOOK</Sts><BookgDt><Dt>2018-09-13</Dt></BookgDt><BkTxCd><Prtry><Cd>SIP UKBA CR 40269</Cd></Prtry></BkTxCd><TxDtls><Refs><EndToEndId>NOREF</EndToEndId><TxId>100000000386722880</TxId></Refs><RltdPties><Dbtr><Nm>J Scott</Nm></Dbtr><DbtrAcct><Id><PrtryAcct><Id>77220728097160</Id></PrtryAcct></Id></DbtrAcct><Cdtr><Nm>MR ANTON SCOTT</Nm></Cdtr><CdtrAcct><Id><PrtryAcct><Id>23008200021581</Id></PrtryAcct></Id></CdtrAcct><Prtry><Tp>FROM NANA</Tp><Pty/></Prtry></RltdPties><RmtInf><Strd><AddtlRmtInf>NO REF</AddtlRmtInf></Strd><Strd><AddtlRmtInf>J Scott//FROM NANA</AddtlRmtInf></Strd></RmtInf><RltdDts><TxDtTm>2018-09-13T13:51:39</TxDtTm></RltdDts><AddtlTxInf>1000000003867228801020180913826772207</AddtlTxInf></TxDtls><AddtlNtryInf>COMPLETE//0000//002//CREDIT</AddtlNtryInf></Ntry><Ntry><Amt Ccy="GBP">20.00</Amt><CdtDbtInd>CRDT</CdtDbtInd><Sts>BOOK</Sts><BookgDt><Dt>2018-09-13</Dt></BookgDt><BkTxCd><Prtry><Cd>SIP UKBA CR 40269</Cd></Prtry></BkTxCd><TxDtls><Refs><EndToEndId>NOREF</EndToEndId><TxId>RP4679961287778900</TxId></Refs><RltdPties><Dbtr><Nm>MUKUNGU H</Nm></Dbtr><DbtrAcct><Id><PrtryAcct><Id>20246400621293</Id></PrtryAcct></Id></DbtrAcct><Cdtr><Nm>DAVID M</Nm></Cdtr><CdtrAcct><Id><PrtryAcct><Id>23008200195784</Id></PrtryAcct></Id></CdtrAcct><Prtry><Tp>HARRIET</Tp><Pty/></Prtry></RltdPties><RmtInf><Strd><AddtlRmtInf>NO REF</AddtlRmtInf></Strd><Strd><AddtlRmtInf>MUKUNGU H//HARRIET</AddtlRmtInf></Strd></RmtInf><RltdDts><TxDtTm>2018-09-13T13:53:27</TxDtTm></RltdDts><AddtlTxInf>RP46799612877789001020180913826200026</AddtlTxInf></TxDtls><AddtlNtryInf>COMPLETE//0000//002//CREDIT</AddtlNtryInf></Ntry><Ntry><Amt Ccy="GBP">10.00</Amt><CdtDbtInd>CRDT</CdtDbtInd><Sts>BOOK</Sts><BookgDt><Dt>2018-09-13</Dt></BookgDt><BkTxCd><Prtry><Cd>SIP UKBA CR 40269</Cd></Prtry></BkTxCd><TxDtls><Refs><EndToEndId>NOREF</EndToEndId><TxId>500000000388380244</TxId></Refs><RltdPties><Dbtr><Nm>M Murray</Nm></Dbtr><DbtrAcct><Id><PrtryAcct><Id>11086711240160</Id></PrtryAcct></Id></DbtrAcct><Cdtr><Nm>MALACHI CJ MURRAY</Nm></Cdtr><CdtrAcct><Id><PrtryAcct><Id>23008200429208</Id></PrtryAcct></Id></CdtrAcct><Prtry><Tp>TRANSFER</Tp><Pty/></Prtry></RltdPties><RmtInf><Strd><AddtlRmtInf>NO REF</AddtlRmtInf></Strd><Strd><AddtlRmtInf>M Murray//TRANSFER</AddtlRmtInf></Strd></RmtInf><RltdDts><TxDtTm>2018-09-13T13:55:33</TxDtTm></RltdDts><AddtlTxInf>5000000003883802441020180913826110867</AddtlTxInf></TxDtls><AddtlNtryInf>COMPLETE//0000//002//CREDIT</AddtlNtryInf></Ntry><Ntry><Amt Ccy="GBP">745.00</Amt><CdtDbtInd>CRDT</CdtDbtInd><Sts>BOOK</Sts><BookgDt><Dt>2018-09-13</Dt></BookgDt><BkTxCd><Prtry><Cd>SIP UKBA CR 40269</Cd></Prtry></BkTxCd><TxDtls><Refs><EndToEndId>NOREF</EndToEndId><TxId>347964837531319001</TxId><Prtry><Tp>STO REF</Tp><Ref>0000</Ref></Prtry></Refs><RltdPties><Dbtr><Nm>HAVENDEAN C</Nm></Dbtr><DbtrAcct><Id><PrtryAcct><Id>40115650645656</Id></PrtryAcct></Id></DbtrAcct><Cdtr><Nm>TRAVEL CENTRE</Nm></Cdtr><CdtrAcct><Id><PrtryAcct><Id>23008200223308</Id></PrtryAcct></Id></CdtrAcct><Prtry><Tp>CELESTE HAVENDEAN</Tp><Pty/></Prtry></RltdPties><RmtInf><Strd><AddtlRmtInf>NO REF</AddtlRmtInf></Strd><Strd><AddtlRmtInf>HAVENDEAN C//CELESTE HAVENDEAN</AddtlRmtInf></Strd></RmtInf><RltdDts><TxDtTm>2018-09-13T13:57:38</TxDtTm></RltdDts><AddtlTxInf>3479648375313190011020180913826401156</AddtlTxInf></TxDtls><AddtlNtryInf>COMPLETE//0000//002//CREDIT</AddtlNtryInf></Ntry><Ntry><Amt Ccy="GBP">100.00</Amt><CdtDbtInd>CRDT</CdtDbtInd><Sts>BOOK</Sts><BookgDt><Dt>2018-09-13</Dt></BookgDt><BkTxCd><Prtry><Cd>SIP UKBA CR 40269</Cd></Prtry></BkTxCd><TxDtls><Refs><EndToEndId>NOREF</EndToEndId><TxId>RP4679961288142900</TxId></Refs><RltdPties><Dbtr><Nm>OYEYINKA B A O</Nm></Dbtr><DbtrAcct><Id><PrtryAcct><Id>20218063733459</Id></PrtryAcct></Id></DbtrAcct><Cdtr><Nm>MR K AJAYI</Nm></Cdtr><CdtrAcct><Id><PrtryAcct><Id>23008200383860</Id></PrtryAcct></Id></CdtrAcct><Prtry><Tp>BLESSING</Tp><Pty/></Prtry></RltdPties><RmtInf><Strd><AddtlRmtInf>NO REF</AddtlRmtInf></Strd><Strd><AddtlRmtInf>OYEYINKA B A O//BLESSING</AddtlRmtInf></Strd></RmtInf><RltdDts><TxDtTm>2018-09-13T13:57:57</TxDtTm></RltdDts><AddtlTxInf>RP46799612881429001020180913826200026</AddtlTxInf></TxDtls><AddtlNtryInf>COMPLETE//0000//002//CREDIT</AddtlNtryInf></Ntry></Ntfctn></BkToCstmrDbtCdtNtfctnV01></Document>