<?xml version="1.0" encoding="UTF-8"?><Document xmlns:xsi="http://www.w3.org/2001/XMLSchema-instance" xmlns="urn:iso:std:iso:20022:tech:xsd:camt.054.001.01"><BkToCstmrDbtCdtNtfctnV01><GrpHdr><MsgId>80309K//12863</MsgId><CreDtTm>2018-09-15T00:30:00</CreDtTm></GrpHdr><Ntfctn><Id>80309K//12863//1</Id><CreDtTm>2018-09-15T00:30:00</CreDtTm><Acct><Id><PrtryAcct><Id>20594233939774</Id></PrtryAcct></Id><Ccy>GBP</Ccy></Acct><TxsSummry><TtlNtries><NbOfNtries>4</NbOfNtries><Sum>106.00</Sum></TtlNtries><TtlCdtNtries><NbOfNtries>4</NbOfNtries><Sum>106.00</Sum></TtlCdtNtries><TtlDbtNtries><NbOfNtries>0</NbOfNtries><Sum>0.00</Sum></TtlDbtNtries></TxsSummry><Ntry><Amt Ccy="GBP">20.00</Amt><CdtDbtInd>CRDT</CdtDbtInd><Sts>BOOK</Sts><BookgDt><Dt>2018-09-17</Dt></BookgDt><BkTxCd><Prtry><Cd>SIP UKBA CR 40269</Cd></Prtry></BkTxCd><TxDtls><Refs><EndToEndId>NOREF</EndToEndId><TxId>RP4679961426780200</TxId></Refs><RltdPties><Dbtr><Nm>LUCAS L</Nm></Dbtr><DbtrAcct><Id><PrtryAcct><Id>20709420597066</Id></PrtryAcct></Id></DbtrAcct><Cdtr><Nm>DAVID MARTIN</Nm></Cdtr><CdtrAcct><Id><PrtryAcct><Id>23008200289809</Id></PrtryAcct></Id></CdtrAcct><Prtry><Tp>..</Tp><Pty/></Prtry></RltdPties><RmtInf><Strd><AddtlRmtInf>NO REF</AddtlRmtInf></Strd><Strd><AddtlRmtInf>LUCAS L//..</AddtlRmtInf></Strd></RmtInf><RltdDts><TxDtTm>2018-09-15T00:04:44</TxDtTm></RltdDts><AddtlTxInf>RP46799614267802001020180915826200026</AddtlTxInf></TxDtls><AddtlNtryInf>COMPLETE//0000//003//CREDIT</AddtlNtryInf></Ntry><Ntry><Amt Ccy="GBP">20.00</Amt><CdtDbtInd>CRDT</CdtDbtInd><Sts>BOOK</Sts><BookgDt><Dt>2018-09-17</Dt></BookgDt><BkTxCd><Prtry><Cd>SIP UKBA CR 40269</Cd></Prtry></BkTxCd><TxDtls><Refs><EndToEndId>NOREF</EndToEndId><TxId>100000000387250905</TxId></Refs><RltdPties><Dbtr><Nm>A Kamboj</Nm></Dbtr><DbtrAcct><Id><PrtryAcct><Id>80471201045440</Id></PrtryAcct></Id></DbtrAcct><Cdtr><Nm>ANN</Nm></Cdtr><CdtrAcct><Id><PrtryAcct><Id>23008200249240</Id></PrtryAcct></Id></CdtrAcct></RltdPties><RmtInf><Strd><AddtlRmtInf>NO REF</AddtlRmtInf></Strd><Strd><AddtlRmtInf>A Kamboj//</AddtlRmtInf></Strd></RmtInf><RltdDts><TxDtTm>2018-09-15T00:04:54</TxDtTm></RltdDts><AddtlTxInf>1000000003872509051020180915826804712</AddtlTxInf></TxDtls><AddtlNtryInf>COMPLETE//0000//003//CREDIT</AddtlNtryInf></Ntry><Ntry><Amt Ccy="GBP">16.00</Amt><CdtDbtInd>CRDT</CdtDbtInd><Sts>BOOK</Sts><BookgDt><Dt>2018-09-17</Dt></BookgDt><BkTxCd><Prtry><Cd>SIP UKBA CR 40269</Cd></Prtry></BkTxCd><TxDtls><Refs><EndToEndId>NOREF</EndToEndId><TxId>RP4679961426803100</TxId></Refs><RltdPties><Dbtr><Nm>LUCAS L</Nm></Dbtr><DbtrAcct><Id><PrtryAcct><Id>20709420597066</Id></PrtryAcct></Id></DbtrAcct><Cdtr><Nm>MRS LUCY LUCAS</Nm></Cdtr><CdtrAcct><Id><PrtryAcct><Id>23008200426931</Id></PrtryAcct></Id></CdtrAcct><Prtry><Tp>..</Tp><Pty/></Prtry></RltdPties><RmtInf><Strd><AddtlRmtInf>NO REF</AddtlRmtInf></Strd><Strd><AddtlRmtInf>LUCAS L//..</AddtlRmtInf></Strd></RmtInf><RltdDts><TxDtTm>2018-09-15T00:05:17</TxDtTm></RltdDts><AddtlTxInf>RP46799614268031001020180915826200026</AddtlTxInf></TxDtls><AddtlNtryInf>COMPLETE//0000//003//CREDIT</AddtlNtryInf></Ntry><Ntry><Amt Ccy="GBP">50.00</Amt><CdtDbtInd>CRDT</CdtDbtInd><Sts>BOOK</Sts><BookgDt><Dt>2018-09-17</Dt></BookgDt><BkTxCd><Prtry><Cd>DCA UKBA CR 40269</Cd></Prtry></BkTxCd><TxDtls><Refs><EndToEndId>NOREF</EndToEndId><TxId>000000013575907401</TxId><Prtry><Tp>STO REF</Tp><Ref>0000</Ref></Prtry></Refs><RltdPties><Dbtr><Nm>23630701285144</Nm></Dbtr><DbtrAcct><Id><PrtryAcct><Id>20594243523659</Id></PrtryAcct></Id></DbtrAcct><Cdtr><Nm>J BELL</Nm></Cdtr><CdtrAcct><Id><PrtryAcct><Id>23008200205169</Id></PrtryAcct></Id></CdtrAcct><Prtry><Tp>BILLS</Tp><Pty/></Prtry></RltdPties><RmtInf><Strd><AddtlRmtInf>NO REF</AddtlRmtInf></Strd><Strd><AddtlRmtInf>23630701285144//BILLS</AddtlRmtInf></Strd></RmtInf><RltdDts><TxDtTm>2018-09-15T00:16:28</TxDtTm></RltdDts><AddtlTxInf>0000000135759074015020180915826205942</AddtlTxInf></TxDtls><AddtlNtryInf>COMPLETE//0000//003//CREDIT</AddtlNtryInf></Ntry></Ntfctn></BkToCstmrDbtCdtNtfctnV01></Document>