<?xml version="1.0" encoding="UTF-8"?><Document xmlns:xsi="http://www.w3.org/2001/XMLSchema-instance" xmlns="urn:iso:std:iso:20022:tech:xsd:camt.054.001.01"><BkToCstmrDbtCdtNtfctnV01><GrpHdr><MsgId>80309K//12387</MsgId><CreDtTm>2018-09-04T01:00:00</CreDtTm></GrpHdr><Ntfctn><Id>80309K//12387//1</Id><CreDtTm>2018-09-04T01:00:00</CreDtTm><Acct><Id><PrtryAcct><Id>20594233939774</Id></PrtryAcct></Id><Ccy>GBP</Ccy></Acct><TxsSummry><TtlNtries><NbOfNtries>1</NbOfNtries><Sum>185.00</Sum></TtlNtries><TtlCdtNtries><NbOfNtries>1</NbOfNtries><Sum>185.00</Sum></TtlCdtNtries><TtlDbtNtries><NbOfNtries>0</NbOfNtries><Sum>0.00</Sum></TtlDbtNtries></TxsSummry><Ntry><Amt Ccy="GBP">185.00</Amt><CdtDbtInd>CRDT</CdtDbtInd><Sts>BOOK</Sts><BookgDt><Dt>2018-09-04</Dt></BookgDt><BkTxCd><Prtry><Cd>SIP UKBA CR 40269</Cd></Prtry></BkTxCd><TxDtls><Refs><EndToEndId>NOREF</EndToEndId><TxId>100000000384066793</TxId></Refs><RltdPties><Dbtr><Nm>R Marshall-Vernon</Nm></Dbtr><DbtrAcct><Id><PrtryAcct><Id>11000108759229</Id></PrtryAcct></Id></DbtrAcct><Cdtr><Nm>NICOLE MARSHALL</Nm></Cdtr><CdtrAcct><Id><PrtryAcct><Id>23008200198932</Id></PrtryAcct></Id></CdtrAcct></RltdPties><RmtInf><Strd><AddtlRmtInf>NO REF</AddtlRmtInf></Strd><Strd><AddtlRmtInf>R Marshall-Vernon//</AddtlRmtInf></Strd></RmtInf><RltdDts><TxDtTm>2018-09-04T00:38:19</TxDtTm></RltdDts><AddtlTxInf>1000000003840667931020180904826110001</AddtlTxInf></TxDtls><AddtlNtryInf>COMPLETE//0000//003//CREDIT</AddtlNtryInf></Ntry></Ntfctn></BkToCstmrDbtCdtNtfctnV01></Document>