<?xml version="1.0" encoding="UTF-8"?><Document xmlns:xsi="http://www.w3.org/2001/XMLSchema-instance" xmlns="urn:iso:std:iso:20022:tech:xsd:camt.054.001.01"><BkToCstmrDbtCdtNtfctnV01><GrpHdr><MsgId>80309K//12310</MsgId><CreDtTm>2018-09-02T09:00:00</CreDtTm></GrpHdr><Ntfctn><Id>80309K//12310//1</Id><CreDtTm>2018-09-02T09:00:00</CreDtTm><Acct><Id><PrtryAcct><Id>20594233939774</Id></PrtryAcct></Id><Ccy>GBP</Ccy></Acct><TxsSummry><TtlNtries><NbOfNtries>3</NbOfNtries><Sum>81.00</Sum></TtlNtries><TtlCdtNtries><NbOfNtries>3</NbOfNtries><Sum>81.00</Sum></TtlCdtNtries><TtlDbtNtries><NbOfNtries>0</NbOfNtries><Sum>0.00</Sum></TtlDbtNtries></TxsSummry><Ntry><Amt Ccy="GBP">50.00</Amt><CdtDbtInd>CRDT</CdtDbtInd><Sts>BOOK</Sts><BookgDt><Dt>2018-09-03</Dt></BookgDt><BkTxCd><Prtry><Cd>SIP UKBA CR 40269</Cd></Prtry></BkTxCd><TxDtls><Refs><EndToEndId>NOREF</EndToEndId><TxId>RP4679960377833700</TxId></Refs><RltdPties><Dbtr><Nm>ADUWA F</Nm></Dbtr><DbtrAcct><Id><PrtryAcct><Id>20717503561305</Id></PrtryAcct></Id></DbtrAcct><Cdtr><Nm>CLASSIC DIFFERENCE</Nm></Cdtr><CdtrAcct><Id><PrtryAcct><Id>23008200042452</Id></PrtryAcct></Id></CdtrAcct><Prtry><Tp>DECORATION</Tp><Pty/></Prtry></RltdPties><RmtInf><Strd><AddtlRmtInf>NO REF</AddtlRmtInf></Strd><Strd><AddtlRmtInf>ADUWA F//DECORATION</AddtlRmtInf></Strd></RmtInf><RltdDts><TxDtTm>2018-09-02T08:33:34</TxDtTm></RltdDts><AddtlTxInf>RP46799603778337001020180902826200026</AddtlTxInf></TxDtls><AddtlNtryInf>COMPLETE//0000//003//CREDIT</AddtlNtryInf></Ntry><Ntry><Amt Ccy="GBP">21.00</Amt><CdtDbtInd>CRDT</CdtDbtInd><Sts>BOOK</Sts><BookgDt><Dt>2018-09-03</Dt></BookgDt><BkTxCd><Prtry><Cd>SIP UKBA CR 40269</Cd></Prtry></BkTxCd><TxDtls><Refs><EndToEndId>NOREF</EndToEndId><TxId>RP4659983649288200</TxId></Refs><RltdPties><Dbtr><Nm>NORTJE-HARWOOD K</Nm></Dbtr><DbtrAcct><Id><PrtryAcct><Id>20491770006408</Id></PrtryAcct></Id></DbtrAcct><Cdtr><Nm>HARRY LEE</Nm></Cdtr><CdtrAcct><Id><PrtryAcct><Id>23008200039585</Id></PrtryAcct></Id></CdtrAcct><Prtry><Tp>MILK119 BROOKSIDE.</Tp><Pty/></Prtry></RltdPties><RmtInf><Strd><AddtlRmtInf>NO REF</AddtlRmtInf></Strd><Strd><AddtlRmtInf>NORTJE-HARWOOD K//MILK119 BROOKSIDE.</AddtlRmtInf></Strd></RmtInf><RltdDts><TxDtTm>2018-09-02T08:38:12</TxDtTm></RltdDts><AddtlTxInf>RP46599836492882001020180902826200026</AddtlTxInf></TxDtls><AddtlNtryInf>COMPLETE//0000//003//CREDIT</AddtlNtryInf></Ntry><Ntry><Amt Ccy="GBP">10.00</Amt><CdtDbtInd>CRDT</CdtDbtInd><Sts>BOOK</Sts><BookgDt><Dt>2018-09-03</Dt></BookgDt><BkTxCd><Prtry><Cd>SIP UKBA CR 40269</Cd></Prtry></BkTxCd><TxDtls><Refs><EndToEndId>FUN</EndToEndId><TxId>57084909424258000N</TxId><Prtry><Tp>STO REF</Tp><Ref>0000</Ref></Prtry></Refs><RltdPties><Dbtr><Nm>COMPTON SE</Nm></Dbtr><DbtrAcct><Id><PrtryAcct><Id>60051319872003</Id></PrtryAcct></Id></DbtrAcct><Cdtr><Nm>SUE</Nm></Cdtr><CdtrAcct><Id><PrtryAcct><Id>23008200140276</Id></PrtryAcct></Id></CdtrAcct><Prtry><Tp>FUN</Tp><Pty/></Prtry></RltdPties><RmtInf><Strd><AddtlRmtInf>COMPTON SE        FUN               VIA MOBILE - LVP</AddtlRmtInf></Strd><Strd><AddtlRmtInf>COMPTON SE//FUN</AddtlRmtInf></Strd></RmtInf><RltdDts><TxDtTm>2018-09-02T08:49:09</TxDtTm></RltdDts><AddtlTxInf>57084909424258000N1020180902826600513</AddtlTxInf></TxDtls><AddtlNtryInf>COMPLETE//0000//003//CREDIT</AddtlNtryInf></Ntry></Ntfctn></BkToCstmrDbtCdtNtfctnV01></Document>