<?xml version="1.0" encoding="UTF-8"?><Document xmlns:xsi="http://www.w3.org/2001/XMLSchema-instance" xmlns="urn:iso:std:iso:20022:tech:xsd:camt.054.001.01"><BkToCstmrDbtCdtNtfctnV01><GrpHdr><MsgId>80309K//12566</MsgId><CreDtTm>2018-09-07T23:30:00</CreDtTm></GrpHdr><Ntfctn><Id>80309K//12566//1</Id><CreDtTm>2018-09-07T23:30:00</CreDtTm><Acct><Id><PrtryAcct><Id>20594233939774</Id></PrtryAcct></Id><Ccy>GBP</Ccy></Acct><TxsSummry><TtlNtries><NbOfNtries>5</NbOfNtries><Sum>13739.96</Sum></TtlNtries><TtlCdtNtries><NbOfNtries>1</NbOfNtries><Sum>300.00</Sum></TtlCdtNtries><TtlDbtNtries><NbOfNtries>4</NbOfNtries><Sum>13439.96</Sum></TtlDbtNtries></TxsSummry><Ntry><Amt Ccy="GBP">2911.00</Amt><CdtDbtInd>DBIT</CdtDbtInd><Sts>BOOK</Sts><BookgDt><Dt>2018-09-10</Dt></BookgDt><BkTxCd><Prtry><Cd>AUT UKBA DR 30278</Cd></Prtry></BkTxCd><TxDtls><Refs><TxId>000000000335735400</TxId></Refs><RltdPties><DbtrAcct><Id><PrtryAcct><Id>20594233939774</Id></PrtryAcct></Id></DbtrAcct></RltdPties><RmtInf><Strd><AddtlRmtInf>NO REF</AddtlRmtInf></Strd><Strd><AddtlRmtInf>20180907A44639//7S      F2B8529419</AddtlRmtInf></Strd></RmtInf><RltdDts><TxDtTm>2018-09-07T23:01:43</TxDtTm></RltdDts><AddtlTxInf>0000000003357354000020180907826205942</AddtlTxInf></TxDtls><AddtlNtryInf>AUTHSENT//0000//003//DEBIT</AddtlNtryInf></Ntry><Ntry><Amt Ccy="GBP">2935.00</Amt><CdtDbtInd>DBIT</CdtDbtInd><Sts>BOOK</Sts><BookgDt><Dt>2018-09-10</Dt></BookgDt><BkTxCd><Prtry><Cd>AUT UKBA DR 30278</Cd></Prtry></BkTxCd><TxDtls><Refs><TxId>000000000335735600</TxId></Refs><RltdPties><DbtrAcct><Id><PrtryAcct><Id>20594233939774</Id></PrtryAcct></Id></DbtrAcct></RltdPties><RmtInf><Strd><AddtlRmtInf>NO REF</AddtlRmtInf></Strd><Strd><AddtlRmtInf>20180907A44639//7S      F2B84TS417</AddtlRmtInf></Strd></RmtInf><RltdDts><TxDtTm>2018-09-07T23:01:55</TxDtTm></RltdDts><AddtlTxInf>0000000003357356000020180907826205942</AddtlTxInf></TxDtls><AddtlNtryInf>AUTHSENT//0000//003//DEBIT</AddtlNtryInf></Ntry><Ntry><Amt Ccy="GBP">6513.96</Amt><CdtDbtInd>DBIT</CdtDbtInd><Sts>BOOK</Sts><BookgDt><Dt>2018-09-10</Dt></BookgDt><BkTxCd><Prtry><Cd>AUT UKBA DR 30278</Cd></Prtry></BkTxCd><TxDtls><Refs><TxId>000000000335735700</TxId></Refs><RltdPties><DbtrAcct><Id><PrtryAcct><Id>20594233939774</Id></PrtryAcct></Id></DbtrAcct></RltdPties><RmtInf><Strd><AddtlRmtInf>NO REF</AddtlRmtInf></Strd><Strd><AddtlRmtInf>20180907A44639//7S      F2B7V9G415</AddtlRmtInf></Strd></RmtInf><RltdDts><TxDtTm>2018-09-07T23:01:58</TxDtTm></RltdDts><AddtlTxInf>0000000003357357000020180907826205942</AddtlTxInf></TxDtls><AddtlNtryInf>AUTHSENT//0000//003//DEBIT</AddtlNtryInf></Ntry><Ntry><Amt Ccy="GBP">1080.00</Amt><CdtDbtInd>DBIT</CdtDbtInd><Sts>BOOK</Sts><BookgDt><Dt>2018-09-10</Dt></BookgDt><BkTxCd><Prtry><Cd>AUT UKBA DR 30278</Cd></Prtry></BkTxCd><TxDtls><Refs><TxId>000000000335735800</TxId></Refs><RltdPties><DbtrAcct><Id><PrtryAcct><Id>20594233939774</Id></PrtryAcct></Id></DbtrAcct></RltdPties><RmtInf><Strd><AddtlRmtInf>NO REF</AddtlRmtInf></Strd><Strd><AddtlRmtInf>20180907A44639//7S      F2B7UMG413</AddtlRmtInf></Strd></RmtInf><RltdDts><TxDtTm>2018-09-07T23:02:08</TxDtTm></RltdDts><AddtlTxInf>0000000003357358000020180907826205942</AddtlTxInf></TxDtls><AddtlNtryInf>AUTHSENT//0000//003//DEBIT</AddtlNtryInf></Ntry><Ntry><Amt Ccy="GBP">300.00</Amt><CdtDbtInd>CRDT</CdtDbtInd><Sts>BOOK</Sts><BookgDt><Dt>2018-09-10</Dt></BookgDt><BkTxCd><Prtry><Cd>SIP UKBA CR 40269</Cd></Prtry></BkTxCd><TxDtls><Refs><EndToEndId>NOREF</EndToEndId><TxId>500000000387028133</TxId></Refs><RltdPties><Dbtr><Nm>S Northcott</Nm></Dbtr><DbtrAcct><Id><PrtryAcct><Id>30947222901160</Id></PrtryAcct></Id></DbtrAcct><Cdtr><Nm>JAMES PADRAIG.</Nm></Cdtr><CdtrAcct><Id><PrtryAcct><Id>23008200434292</Id></PrtryAcct></Id></CdtrAcct><Prtry><Tp>BTS TICKETS.</Tp><Pty/></Prtry></RltdPties><RmtInf><Strd><AddtlRmtInf>NO REF</AddtlRmtInf></Strd><Strd><AddtlRmtInf>S Northcott//BTS TICKETS.</AddtlRmtInf></Strd></RmtInf><RltdDts><TxDtTm>2018-09-07T23:05:22</TxDtTm></RltdDts><AddtlTxInf>5000000003870281331020180907826309472</AddtlTxInf></TxDtls><AddtlNtryInf>COMPLETE//0000//003//CREDIT</AddtlNtryInf></Ntry></Ntfctn></BkToCstmrDbtCdtNtfctnV01></Document>