<?xml version="1.0" encoding="UTF-8"?><Document xmlns:xsi="http://www.w3.org/2001/XMLSchema-instance" xmlns="urn:iso:std:iso:20022:tech:xsd:camt.054.001.01"><BkToCstmrDbtCdtNtfctnV01><GrpHdr><MsgId>80309K//12520</MsgId><CreDtTm>2018-09-07T00:00:00</CreDtTm></GrpHdr><Ntfctn><Id>80309K//12520//1</Id><CreDtTm>2018-09-07T00:00:00</CreDtTm><Acct><Id><PrtryAcct><Id>20594233939774</Id></PrtryAcct></Id><Ccy>GBP</Ccy></Acct><TxsSummry><TtlNtries><NbOfNtries>4</NbOfNtries><Sum>48.10</Sum></TtlNtries><TtlCdtNtries><NbOfNtries>4</NbOfNtries><Sum>48.10</Sum></TtlCdtNtries><TtlDbtNtries><NbOfNtries>0</NbOfNtries><Sum>0.00</Sum></TtlDbtNtries></TxsSummry><Ntry><Amt Ccy="GBP">33.00</Amt><CdtDbtInd>CRDT</CdtDbtInd><Sts>BOOK</Sts><BookgDt><Dt>2018-09-07</Dt></BookgDt><BkTxCd><Prtry><Cd>SIP UKBA CR 40269</Cd></Prtry></BkTxCd><TxDtls><Refs><EndToEndId>KATE DEAN CATS</EndToEndId><TxId>10233838669767000N</TxId><Prtry><Tp>STO REF</Tp><Ref>0000</Ref></Prtry></Refs><RltdPties><Dbtr><Nm>DEAN KJ STAFF</Nm></Dbtr><DbtrAcct><Id><PrtryAcct><Id>52213225017411</Id></PrtryAcct></Id></DbtrAcct><Cdtr><Nm>O JOHNSON</Nm></Cdtr><CdtrAcct><Id><PrtryAcct><Id>23008200221522</Id></PrtryAcct></Id></CdtrAcct><Prtry><Tp>KATE DEAN CATS</Tp><Pty/></Prtry></RltdPties><RmtInf><Strd><AddtlRmtInf>DEAN KJ STAFF     KATE DEAN CATS    VIA MOBILE - LVP</AddtlRmtInf></Strd><Strd><AddtlRmtInf>DEAN KJ STAFF//KATE DEAN CATS</AddtlRmtInf></Strd></RmtInf><RltdDts><TxDtTm>2018-09-06T23:38:39</TxDtTm></RltdDts><AddtlTxInf>10233838669767000N1020180906826522132</AddtlTxInf></TxDtls><AddtlNtryInf>COMPLETE//0000//003//CREDIT</AddtlNtryInf></Ntry><Ntry><Amt Ccy="GBP">0.10</Amt><CdtDbtInd>CRDT</CdtDbtInd><Sts>BOOK</Sts><BookgDt><Dt>2018-09-07</Dt></BookgDt><BkTxCd><Prtry><Cd>SIP UKBA CR 40269</Cd></Prtry></BkTxCd><TxDtls><Refs><EndToEndId>PPWD00000000ALEPQ0</EndToEndId><TxId>PPWD00000000ALEPQ0</TxId></Refs><RltdPties><Dbtr><Nm>PayPal</Nm><PstlAdr><AdrLine>2211 N 1st Street San Jose CA 95131</AdrLine><Ctry/></PstlAdr></Dbtr><DbtrAcct><Id><PrtryAcct><Id>23526278959595</Id></PrtryAcct></Id></DbtrAcct><Cdtr><Nm>Lloyd Cheeseman</Nm><PstlAdr><AdrLine>35 Brookland Terrace</AdrLine><Ctry/></PstlAdr></Cdtr><CdtrAcct><Id><PrtryAcct><Id>23008200399046</Id></PrtryAcct></Id></CdtrAcct><Prtry><Tp>PPWDL4WFJ2AKS696N2</Tp><Pty/></Prtry></RltdPties><RmtInf><Strd><RfrdDocInf><RfrdDocTp><Prtry>002</Prtry></RfrdDocTp></RfrdDocInf><AddtlRmtInf>NO REF</AddtlRmtInf></Strd><Strd><AddtlRmtInf>PayPal//PPWDL4WFJ2AKS696N2</AddtlRmtInf></Strd></RmtInf><RltdDts><TxDtTm>2018-09-06T23:38:50</TxDtTm></RltdDts><AddtlTxInf>PPWD00000000ALEPQ01020180906826235262</AddtlTxInf></TxDtls><AddtlNtryInf>COMPLETE//0000//003//CREDIT</AddtlNtryInf></Ntry><Ntry><Amt Ccy="GBP">5.00</Amt><CdtDbtInd>CRDT</CdtDbtInd><Sts>BOOK</Sts><BookgDt><Dt>2018-09-07</Dt></BookgDt><BkTxCd><Prtry><Cd>SIP UKBA CR 40269</Cd></Prtry></BkTxCd><TxDtls><Refs><EndToEndId>NOREF</EndToEndId><TxId>RP4679960798655200</TxId></Refs><RltdPties><Dbtr><Nm>LOMBARDI F</Nm></Dbtr><DbtrAcct><Id><PrtryAcct><Id>20199650327980</Id></PrtryAcct></Id></DbtrAcct><Cdtr><Nm>F</Nm></Cdtr><CdtrAcct><Id><PrtryAcct><Id>23008200322393</Id></PrtryAcct></Id></CdtrAcct><Prtry><Tp>PAYMENT</Tp><Pty/></Prtry></RltdPties><RmtInf><Strd><AddtlRmtInf>NO REF</AddtlRmtInf></Strd><Strd><AddtlRmtInf>LOMBARDI F//PAYMENT</AddtlRmtInf></Strd></RmtInf><RltdDts><TxDtTm>2018-09-06T23:50:34</TxDtTm></RltdDts><AddtlTxInf>RP46799607986552001020180906826200026</AddtlTxInf></TxDtls><AddtlNtryInf>COMPLETE//0000//003//CREDIT</AddtlNtryInf></Ntry><Ntry><Amt Ccy="GBP">10.00</Amt><CdtDbtInd>CRDT</CdtDbtInd><Sts>BOOK</Sts><BookgDt><Dt>2018-09-07</Dt></BookgDt><BkTxCd><Prtry><Cd>SIP UKBA CR 40269</Cd></Prtry></BkTxCd><TxDtls><Refs><EndToEndId>NOREF</EndToEndId><TxId>RP4659984016445600</TxId></Refs><RltdPties><Dbtr><Nm>SAGOO DDM FAD</Nm></Dbtr><DbtrAcct><Id><PrtryAcct><Id>20931580223719</Id></PrtryAcct></Id></DbtrAcct><Cdtr><Nm>DARREN SAGOO</Nm></Cdtr><CdtrAcct><Id><PrtryAcct><Id>23008200117403</Id></PrtryAcct></Id></CdtrAcct><Prtry><Tp>01</Tp><Pty/></Prtry></RltdPties><RmtInf><Strd><AddtlRmtInf>NO REF</AddtlRmtInf></Strd><Strd><AddtlRmtInf>SAGOO DDM FAD//01</AddtlRmtInf></Strd></RmtInf><RltdDts><TxDtTm>2018-09-06T23:58:13</TxDtTm></RltdDts><AddtlTxInf>RP46599840164456001020180906826200026</AddtlTxInf></TxDtls><AddtlNtryInf>COMPLETE//0000//003//CREDIT</AddtlNtryInf></Ntry></Ntfctn></BkToCstmrDbtCdtNtfctnV01></Document>