<?xml version="1.0" encoding="UTF-8"?><Document xmlns:xsi="http://www.w3.org/2001/XMLSchema-instance" xmlns="urn:iso:std:iso:20022:tech:xsd:camt.054.001.01"><BkToCstmrDbtCdtNtfctnV01><GrpHdr><MsgId>80309K//12671</MsgId><CreDtTm>2018-09-10T15:00:00</CreDtTm></GrpHdr><Ntfctn><Id>80309K//12671//1</Id><CreDtTm>2018-09-10T15:00:00</CreDtTm><Acct><Id><PrtryAcct><Id>20594233939774</Id></PrtryAcct></Id><Ccy>GBP</Ccy></Acct><TxsSummry><TtlNtries><NbOfNtries>16</NbOfNtries><Sum>7803.86</Sum></TtlNtries><TtlCdtNtries><NbOfNtries>16</NbOfNtries><Sum>7803.86</Sum></TtlCdtNtries><TtlDbtNtries><NbOfNtries>0</NbOfNtries><Sum>0.00</Sum></TtlDbtNtries></TxsSummry><Ntry><Amt Ccy="GBP">30.00</Amt><CdtDbtInd>CRDT</CdtDbtInd><Sts>BOOK</Sts><BookgDt><Dt>2018-09-10</Dt></BookgDt><BkTxCd><Prtry><Cd>SIP UKBA CR 40269</Cd></Prtry></BkTxCd><TxDtls><Refs><EndToEndId>NOREF</EndToEndId><TxId>30143214369137000N</TxId><Prtry><Tp>STO REF</Tp><Ref>0000</Ref></Prtry></Refs><RltdPties><Dbtr><Nm>YANQUN TANG</Nm><PstlAdr><AdrLine>APS COTTONS CENTRE SE1 2QG</AdrLine><Ctry/></PstlAdr></Dbtr><DbtrAcct><Id><PrtryAcct><Id>08719902753505</Id></PrtryAcct></Id></DbtrAcct><Cdtr><Nm>MR HANXIN YANG</Nm></Cdtr><CdtrAcct><Id><PrtryAcct><Id>23008200194137</Id></PrtryAcct></Id></CdtrAcct><Prtry><Tp>YANG</Tp><Pty/></Prtry></RltdPties><RmtInf><Strd><AddtlRmtInf>YANG</AddtlRmtInf></Strd><Strd><AddtlRmtInf>YANQUN TANG//YANG</AddtlRmtInf></Strd></RmtInf><RltdDts><TxDtTm>2018-09-10T14:32:14</TxDtTm></RltdDts><AddtlTxInf>30143214369137000N1020180910826087199</AddtlTxInf></TxDtls><AddtlNtryInf>COMPLETE//0000//002//CREDIT</AddtlNtryInf></Ntry><Ntry><Amt Ccy="GBP">16.50</Amt><CdtDbtInd>CRDT</CdtDbtInd><Sts>BOOK</Sts><BookgDt><Dt>2018-09-10</Dt></BookgDt><BkTxCd><Prtry><Cd>SIP UKBA CR 40269</Cd></Prtry></BkTxCd><TxDtls><Refs><EndToEndId>NOREF</EndToEndId><TxId>31143214421256000N</TxId><Prtry><Tp>STO REF</Tp><Ref>0000</Ref></Prtry></Refs><RltdPties><Dbtr><Nm>YANQUN TANG</Nm><PstlAdr><AdrLine>APS COTTONS CENTRE SE1 2QG</AdrLine><Ctry/></PstlAdr></Dbtr><DbtrAcct><Id><PrtryAcct><Id>08719902753505</Id></PrtryAcct></Id></DbtrAcct><Cdtr><Nm>MR HENGXING WEI</Nm></Cdtr><CdtrAcct><Id><PrtryAcct><Id>23008200195681</Id></PrtryAcct></Id></CdtrAcct><Prtry><Tp>YAN</Tp><Pty/></Prtry></RltdPties><RmtInf><Strd><AddtlRmtInf>YAN</AddtlRmtInf></Strd><Strd><AddtlRmtInf>YANQUN TANG//YAN</AddtlRmtInf></Strd></RmtInf><RltdDts><TxDtTm>2018-09-10T14:32:14</TxDtTm></RltdDts><AddtlTxInf>31143214421256000N1020180910826087199</AddtlTxInf></TxDtls><AddtlNtryInf>COMPLETE//0000//002//CREDIT</AddtlNtryInf></Ntry><Ntry><Amt Ccy="GBP">505.18</Amt><CdtDbtInd>CRDT</CdtDbtInd><Sts>BOOK</Sts><BookgDt><Dt>2018-09-10</Dt></BookgDt><BkTxCd><Prtry><Cd>SIP UKBA CR 40269</Cd></Prtry></BkTxCd><TxDtls><Refs><EndToEndId>BAILEYSAGY/WAGES</EndToEndId><TxId>62143218897753000N</TxId><Prtry><Tp>STO REF</Tp><Ref>0000</Ref></Prtry></Refs><RltdPties><Dbtr><Nm>BAILEYS PERMANENT</Nm></Dbtr><DbtrAcct><Id><PrtryAcct><Id>55701378395461</Id></PrtryAcct></Id></DbtrAcct><Cdtr><Nm>MR COLIN LAYHE</Nm></Cdtr><CdtrAcct><Id><PrtryAcct><Id>23008200389163</Id></PrtryAcct></Id></CdtrAcct><Prtry><Tp>BAILEYSAGY/WAGES</Tp><Pty/></Prtry></RltdPties><RmtInf><Strd><AddtlRmtInf>BAILEYS PERMANENT BAILEYSAGY/WAGES  VIA ONLINE - PYMT</AddtlRmtInf></Strd><Strd><AddtlRmtInf>BAILEYS PERMANENT//BAILEYSAGY/WAGES</AddtlRmtInf></Strd></RmtInf><RltdDts><TxDtTm>2018-09-10T14:32:19</TxDtTm></RltdDts><AddtlTxInf>62143218897753000N1020180910826557013</AddtlTxInf></TxDtls><AddtlNtryInf>COMPLETE//0000//002//CREDIT</AddtlNtryInf></Ntry><Ntry><Amt Ccy="GBP">5.00</Amt><CdtDbtInd>CRDT</CdtDbtInd><Sts>BOOK</Sts><BookgDt><Dt>2018-09-10</Dt></BookgDt><BkTxCd><Prtry><Cd>SIP UKBA CR 40269</Cd></Prtry></BkTxCd><TxDtls><Refs><EndToEndId>NOREF</EndToEndId><TxId>64143218986188000N</TxId><Prtry><Tp>STO REF</Tp><Ref>0000</Ref></Prtry></Refs><RltdPties><Dbtr><Nm>YANQUN TANG</Nm><PstlAdr><AdrLine>APS COTTONS CENTRE SE1 2QG</AdrLine><Ctry/></PstlAdr></Dbtr><DbtrAcct><Id><PrtryAcct><Id>08719902753505</Id></PrtryAcct></Id></DbtrAcct><Cdtr><Nm>MR BAO MA</Nm></Cdtr><CdtrAcct><Id><PrtryAcct><Id>23008200187021</Id></PrtryAcct></Id></CdtrAcct><Prtry><Tp>YAN</Tp><Pty/></Prtry></RltdPties><RmtInf><Strd><AddtlRmtInf>YAN</AddtlRmtInf></Strd><Strd><AddtlRmtInf>YANQUN TANG//YAN</AddtlRmtInf></Strd></RmtInf><RltdDts><TxDtTm>2018-09-10T14:32:19</TxDtTm></RltdDts><AddtlTxInf>64143218986188000N1020180910826087199</AddtlTxInf></TxDtls><AddtlNtryInf>COMPLETE//0000//002//CREDIT</AddtlNtryInf></Ntry><Ntry><Amt Ccy="GBP">267.00</Amt><CdtDbtInd>CRDT</CdtDbtInd><Sts>BOOK</Sts><BookgDt><Dt>2018-09-10</Dt></BookgDt><BkTxCd><Prtry><Cd>SIP UKBA CR 40269</Cd></Prtry></BkTxCd><TxDtls><Refs><EndToEndId>NOREF</EndToEndId><TxId>100000000385939555</TxId></Refs><RltdPties><Dbtr><Nm>O Adamson</Nm></Dbtr><DbtrAcct><Id><PrtryAcct><Id>11647708844866</Id></PrtryAcct></Id></DbtrAcct><Cdtr><Nm>PHILLOMILLION LTD</Nm></Cdtr><CdtrAcct><Id><PrtryAcct><Id>23008200033343</Id></PrtryAcct></Id></CdtrAcct><Prtry><Tp>SAHEED</Tp><Pty/></Prtry></RltdPties><RmtInf><Strd><AddtlRmtInf>NO REF</AddtlRmtInf></Strd><Strd><AddtlRmtInf>O Adamson//SAHEED</AddtlRmtInf></Strd></RmtInf><RltdDts><TxDtTm>2018-09-10T14:33:04</TxDtTm></RltdDts><AddtlTxInf>1000000003859395551020180910826116477</AddtlTxInf></TxDtls><AddtlNtryInf>COMPLETE//0000//002//CREDIT</AddtlNtryInf></Ntry><Ntry><Amt Ccy="GBP">875.68</Amt><CdtDbtInd>CRDT</CdtDbtInd><Sts>BOOK</Sts><BookgDt><Dt>2018-09-10</Dt></BookgDt><BkTxCd><Prtry><Cd>SIP UKBA CR 40269</Cd></Prtry></BkTxCd><TxDtls><Refs><EndToEndId>NOREF</EndToEndId><TxId>523567504341019001</TxId><Prtry><Tp>STO REF</Tp><Ref>0000</Ref></Prtry></Refs><RltdPties><Dbtr><Nm>ALNE CRICKET CLB</Nm></Dbtr><DbtrAcct><Id><PrtryAcct><Id>40200201029517</Id></PrtryAcct></Id></DbtrAcct><Cdtr><Nm>MORRANT GROUP</Nm></Cdtr><CdtrAcct><Id><PrtryAcct><Id>23008200435921</Id></PrtryAcct></Id></CdtrAcct><Prtry><Tp>ALNE CC</Tp><Pty/></Prtry></RltdPties><RmtInf><Strd><AddtlRmtInf>NO REF</AddtlRmtInf></Strd><Strd><AddtlRmtInf>ALNE CRICKET CLB//ALNE CC</AddtlRmtInf></Strd></RmtInf><RltdDts><TxDtTm>2018-09-10T14:34:06</TxDtTm></RltdDts><AddtlTxInf>5235675043410190011020180910826402002</AddtlTxInf></TxDtls><AddtlNtryInf>COMPLETE//0000//002//CREDIT</AddtlNtryInf></Ntry><Ntry><Amt Ccy="GBP">3500.00</Amt><CdtDbtInd>CRDT</CdtDbtInd><Sts>BOOK</Sts><BookgDt><Dt>2018-09-10</Dt></BookgDt><BkTxCd><Prtry><Cd>SIP UKBA CR 40269</Cd></Prtry></BkTxCd><TxDtls><Refs><EndToEndId>NOREF</EndToEndId><TxId>RP4679961061397600</TxId></Refs><RltdPties><Dbtr><Nm>TRADE QUEEN T/AS</Nm></Dbtr><DbtrAcct><Id><PrtryAcct><Id>20415013976432</Id></PrtryAcct></Id></DbtrAcct><Cdtr><Nm>G C SERVICE</Nm></Cdtr><CdtrAcct><Id><PrtryAcct><Id>23008200035423</Id></PrtryAcct></Id></CdtrAcct><Prtry><Tp>G C SERVICE</Tp><Pty/></Prtry></RltdPties><RmtInf><Strd><AddtlRmtInf>NO REF</AddtlRmtInf></Strd><Strd><AddtlRmtInf>TRADE QUEEN T/AS//G C SERVICE</AddtlRmtInf></Strd></RmtInf><RltdDts><TxDtTm>2018-09-10T14:34:54</TxDtTm></RltdDts><AddtlTxInf>RP46799610613976001020180910826200026</AddtlTxInf></TxDtls><AddtlNtryInf>COMPLETE//0000//002//CREDIT</AddtlNtryInf></Ntry><Ntry><Amt Ccy="GBP">52.00</Amt><CdtDbtInd>CRDT</CdtDbtInd><Sts>BOOK</Sts><BookgDt><Dt>2018-09-10</Dt></BookgDt><BkTxCd><Prtry><Cd>SIP UKBA CR 40269</Cd></Prtry></BkTxCd><TxDtls><Refs><EndToEndId>NOREF</EndToEndId><TxId>RP4679961062021900</TxId></Refs><RltdPties><Dbtr><Nm>BUCHANAN J</Nm></Dbtr><DbtrAcct><Id><PrtryAcct><Id>20270523764079</Id></PrtryAcct></Id></DbtrAcct><Cdtr><Nm>MR M NORTON</Nm></Cdtr><CdtrAcct><Id><PrtryAcct><Id>23008200437543</Id></PrtryAcct></Id></CdtrAcct><Prtry><Tp>TT LIMITED</Tp><Pty/></Prtry></RltdPties><RmtInf><Strd><AddtlRmtInf>NO REF</AddtlRmtInf></Strd><Strd><AddtlRmtInf>BUCHANAN J//TT LIMITED</AddtlRmtInf></Strd></RmtInf><RltdDts><TxDtTm>2018-09-10T14:41:40</TxDtTm></RltdDts><AddtlTxInf>RP46799610620219001020180910826200026</AddtlTxInf></TxDtls><AddtlNtryInf>COMPLETE//0000//002//CREDIT</AddtlNtryInf></Ntry><Ntry><Amt Ccy="GBP">30.00</Amt><CdtDbtInd>CRDT</CdtDbtInd><Sts>BOOK</Sts><BookgDt><Dt>2018-09-10</Dt></BookgDt><BkTxCd><Prtry><Cd>SIP UKBA CR 40269</Cd></Prtry></BkTxCd><TxDtls><Refs><EndToEndId>NOREF</EndToEndId><TxId>29144702397072000N</TxId><Prtry><Tp>STO REF</Tp><Ref>0000</Ref></Prtry></Refs><RltdPties><Dbtr><Nm>YANQUN TANG</Nm><PstlAdr><AdrLine>APS COTTONS CENTRE SE1 2QG</AdrLine><Ctry/></PstlAdr></Dbtr><DbtrAcct><Id><PrtryAcct><Id>08719902753505</Id></PrtryAcct></Id></DbtrAcct><Cdtr><Nm>MR JINGXIN LIANG</Nm></Cdtr><CdtrAcct><Id><PrtryAcct><Id>23008200197100</Id></PrtryAcct></Id></CdtrAcct><Prtry><Tp>LIANG</Tp><Pty/></Prtry></RltdPties><RmtInf><Strd><AddtlRmtInf>LIANG</AddtlRmtInf></Strd><Strd><AddtlRmtInf>YANQUN TANG//LIANG</AddtlRmtInf></Strd></RmtInf><RltdDts><TxDtTm>2018-09-10T14:47:02</TxDtTm></RltdDts><AddtlTxInf>29144702397072000N1020180910826087199</AddtlTxInf></TxDtls><AddtlNtryInf>COMPLETE//0000//002//CREDIT</AddtlNtryInf></Ntry><Ntry><Amt Ccy="GBP">33.00</Amt><CdtDbtInd>CRDT</CdtDbtInd><Sts>BOOK</Sts><BookgDt><Dt>2018-09-10</Dt></BookgDt><BkTxCd><Prtry><Cd>SIP UKBA CR 40269</Cd></Prtry></BkTxCd><TxDtls><Refs><EndToEndId>NOREF</EndToEndId><TxId>30144702429840000N</TxId><Prtry><Tp>STO REF</Tp><Ref>0000</Ref></Prtry></Refs><RltdPties><Dbtr><Nm>YANQUN TANG</Nm><PstlAdr><AdrLine>APS COTTONS CENTRE SE1 2QG</AdrLine><Ctry/></PstlAdr></Dbtr><DbtrAcct><Id><PrtryAcct><Id>08719902753505</Id></PrtryAcct></Id></DbtrAcct><Cdtr><Nm>MR J YUAN</Nm></Cdtr><CdtrAcct><Id><PrtryAcct><Id>23008200201668</Id></PrtryAcct></Id></CdtrAcct><Prtry><Tp>YANG</Tp><Pty/></Prtry></RltdPties><RmtInf><Strd><AddtlRmtInf>YANG</AddtlRmtInf></Strd><Strd><AddtlRmtInf>YANQUN TANG//YANG</AddtlRmtInf></Strd></RmtInf><RltdDts><TxDtTm>2018-09-10T14:47:02</TxDtTm></RltdDts><AddtlTxInf>30144702429840000N1020180910826087199</AddtlTxInf></TxDtls><AddtlNtryInf>COMPLETE//0000//002//CREDIT</AddtlNtryInf></Ntry><Ntry><Amt Ccy="GBP">16.50</Amt><CdtDbtInd>CRDT</CdtDbtInd><Sts>BOOK</Sts><BookgDt><Dt>2018-09-10</Dt></BookgDt><BkTxCd><Prtry><Cd>SIP UKBA CR 40269</Cd></Prtry></BkTxCd><TxDtls><Refs><EndToEndId>NOREF</EndToEndId><TxId>49144703099455000N</TxId><Prtry><Tp>STO REF</Tp><Ref>0000</Ref></Prtry></Refs><RltdPties><Dbtr><Nm>YANQUN TANG</Nm><PstlAdr><AdrLine>APS COTTONS CENTRE SE1 2QG</AdrLine><Ctry/></PstlAdr></Dbtr><DbtrAcct><Id><PrtryAcct><Id>08719902753505</Id></PrtryAcct></Id></DbtrAcct><Cdtr><Nm>MR J SUN</Nm></Cdtr><CdtrAcct><Id><PrtryAcct><Id>23008200201409</Id></PrtryAcct></Id></CdtrAcct><Prtry><Tp>TANG</Tp><Pty/></Prtry></RltdPties><RmtInf><Strd><AddtlRmtInf>TANG</AddtlRmtInf></Strd><Strd><AddtlRmtInf>YANQUN TANG//TANG</AddtlRmtInf></Strd></RmtInf><RltdDts><TxDtTm>2018-09-10T14:47:03</TxDtTm></RltdDts><AddtlTxInf>49144703099455000N1020180910826087199</AddtlTxInf></TxDtls><AddtlNtryInf>COMPLETE//0000//002//CREDIT</AddtlNtryInf></Ntry><Ntry><Amt Ccy="GBP">16.50</Amt><CdtDbtInd>CRDT</CdtDbtInd><Sts>BOOK</Sts><BookgDt><Dt>2018-09-10</Dt></BookgDt><BkTxCd><Prtry><Cd>SIP UKBA CR 40269</Cd></Prtry></BkTxCd><TxDtls><Refs><EndToEndId>NOREF</EndToEndId><TxId>03144703665492000N</TxId><Prtry><Tp>STO REF</Tp><Ref>0000</Ref></Prtry></Refs><RltdPties><Dbtr><Nm>YANQUN TANG</Nm><PstlAdr><AdrLine>APS COTTONS CENTRE SE1 2QG</AdrLine><Ctry/></PstlAdr></Dbtr><DbtrAcct><Id><PrtryAcct><Id>08719902753505</Id></PrtryAcct></Id></DbtrAcct><Cdtr><Nm>MR H YUAN</Nm></Cdtr><CdtrAcct><Id><PrtryAcct><Id>23008200202397</Id></PrtryAcct></Id></CdtrAcct><Prtry><Tp>TANG</Tp><Pty/></Prtry></RltdPties><RmtInf><Strd><AddtlRmtInf>TANG</AddtlRmtInf></Strd><Strd><AddtlRmtInf>YANQUN TANG//TANG</AddtlRmtInf></Strd></RmtInf><RltdDts><TxDtTm>2018-09-10T14:47:04</TxDtTm></RltdDts><AddtlTxInf>03144703665492000N1020180910826087199</AddtlTxInf></TxDtls><AddtlNtryInf>COMPLETE//0000//002//CREDIT</AddtlNtryInf></Ntry><Ntry><Amt Ccy="GBP">16.50</Amt><CdtDbtInd>CRDT</CdtDbtInd><Sts>BOOK</Sts><BookgDt><Dt>2018-09-10</Dt></BookgDt><BkTxCd><Prtry><Cd>SIP UKBA CR 40269</Cd></Prtry></BkTxCd><TxDtls><Refs><EndToEndId>NOREF</EndToEndId><TxId>11144704023726000N</TxId><Prtry><Tp>STO REF</Tp><Ref>0000</Ref></Prtry></Refs><RltdPties><Dbtr><Nm>YANQUN TANG</Nm><PstlAdr><AdrLine>APS COTTONS CENTRE SE1 2QG</AdrLine><Ctry/></PstlAdr></Dbtr><DbtrAcct><Id><PrtryAcct><Id>08719902753505</Id></PrtryAcct></Id></DbtrAcct><Cdtr><Nm>MR JIE DENG</Nm></Cdtr><CdtrAcct><Id><PrtryAcct><Id>23008200201806</Id></PrtryAcct></Id></CdtrAcct><Prtry><Tp>JIE</Tp><Pty/></Prtry></RltdPties><RmtInf><Strd><AddtlRmtInf>JIE</AddtlRmtInf></Strd><Strd><AddtlRmtInf>YANQUN TANG//JIE</AddtlRmtInf></Strd></RmtInf><RltdDts><TxDtTm>2018-09-10T14:47:04</TxDtTm></RltdDts><AddtlTxInf>11144704023726000N1020180910826087199</AddtlTxInf></TxDtls><AddtlNtryInf>COMPLETE//0000//002//CREDIT</AddtlNtryInf></Ntry><Ntry><Amt Ccy="GBP">2100.00</Amt><CdtDbtInd>CRDT</CdtDbtInd><Sts>BOOK</Sts><BookgDt><Dt>2018-09-10</Dt></BookgDt><BkTxCd><Prtry><Cd>SIP UKBA CR 40269</Cd></Prtry></BkTxCd><TxDtls><Refs><EndToEndId>00151143632BBHXXVG</EndToEndId><TxId>00151143632BBHXXVG</TxId></Refs><RltdPties><Dbtr><Nm>ABIDA PARVEEN</Nm></Dbtr><DbtrAcct><Id><PrtryAcct><Id>09012745140145</Id></PrtryAcct></Id></DbtrAcct><Cdtr><Nm>Folfem ltd</Nm></Cdtr><CdtrAcct><Id><PrtryAcct><Id>23008200040314</Id></PrtryAcct></Id></CdtrAcct><Prtry><Tp>maersk</Tp><Pty/></Prtry></RltdPties><RmtInf><Strd><AddtlRmtInf>NO REF</AddtlRmtInf></Strd><Strd><AddtlRmtInf>ABIDA PARVEEN//maersk</AddtlRmtInf></Strd></RmtInf><RltdDts><TxDtTm>2018-09-10T14:47:16</TxDtTm></RltdDts><AddtlTxInf>00151143632BBHXXVG1020180910826090127</AddtlTxInf></TxDtls><AddtlNtryInf>COMPLETE//0000//002//CREDIT</AddtlNtryInf></Ntry><Ntry><Amt Ccy="GBP">250.00</Amt><CdtDbtInd>CRDT</CdtDbtInd><Sts>BOOK</Sts><BookgDt><Dt>2018-09-10</Dt></BookgDt><BkTxCd><Prtry><Cd>SIP UKBA CR 40269</Cd></Prtry></BkTxCd><TxDtls><Refs><EndToEndId>NIKE</EndToEndId><TxId>25145048605132000N</TxId><Prtry><Tp>STO REF</Tp><Ref>0000</Ref></Prtry></Refs><RltdPties><Dbtr><Nm>OMISADE D O</Nm></Dbtr><DbtrAcct><Id><PrtryAcct><Id>60161677544315</Id></PrtryAcct></Id></DbtrAcct><Cdtr><Nm>TANNES SOLUTION</Nm></Cdtr><CdtrAcct><Id><PrtryAcct><Id>23008200220991</Id></PrtryAcct></Id></CdtrAcct><Prtry><Tp>NIKE</Tp><Pty/></Prtry></RltdPties><RmtInf><Strd><AddtlRmtInf>OMISADE D O       NIKE              VIA MOBILE - LVP</AddtlRmtInf></Strd><Strd><AddtlRmtInf>OMISADE D O//NIKE</AddtlRmtInf></Strd></RmtInf><RltdDts><TxDtTm>2018-09-10T14:50:48</TxDtTm></RltdDts><AddtlTxInf>25145048605132000N1020180910826601616</AddtlTxInf></TxDtls><AddtlNtryInf>COMPLETE//0000//002//CREDIT</AddtlNtryInf></Ntry><Ntry><Amt Ccy="GBP">90.00</Amt><CdtDbtInd>CRDT</CdtDbtInd><Sts>BOOK</Sts><BookgDt><Dt>2018-09-10</Dt></BookgDt><BkTxCd><Prtry><Cd>SIP UKBA CR 40269</Cd></Prtry></BkTxCd><TxDtls><Refs><EndToEndId>NOREF</EndToEndId><TxId>RP4659984255485100</TxId></Refs><RltdPties><Dbtr><Nm>FIRM BUT INT LTD</Nm></Dbtr><DbtrAcct><Id><PrtryAcct><Id>20615593784193</Id></PrtryAcct></Id></DbtrAcct><Cdtr><Nm>THOMAS SHEFFEILD</Nm></Cdtr><CdtrAcct><Id><PrtryAcct><Id>23008200421309</Id></PrtryAcct></Id></CdtrAcct><Prtry><Tp>LIAM</Tp><Pty/></Prtry></RltdPties><RmtInf><Strd><AddtlRmtInf>NO REF</AddtlRmtInf></Strd><Strd><AddtlRmtInf>FIRM BUT INT LTD//LIAM</AddtlRmtInf></Strd></RmtInf><RltdDts><TxDtTm>2018-09-10T14:59:40</TxDtTm></RltdDts><AddtlTxInf>RP46599842554851001020180910826200026</AddtlTxInf></TxDtls><AddtlNtryInf>COMPLETE//0000//002//CREDIT</AddtlNtryInf></Ntry></Ntfctn></BkToCstmrDbtCdtNtfctnV01></Document>