<?xml version="1.0" encoding="UTF-8"?><Document xmlns:xsi="http://www.w3.org/2001/XMLSchema-instance" xmlns="urn:iso:std:iso:20022:tech:xsd:camt.054.001.01"><BkToCstmrDbtCdtNtfctnV01><GrpHdr><MsgId>80309K//13009</MsgId><CreDtTm>2018-09-18T12:00:00</CreDtTm></GrpHdr><Ntfctn><Id>80309K//13009//1</Id><CreDtTm>2018-09-18T12:00:00</CreDtTm><Acct><Id><PrtryAcct><Id>20594233939774</Id></PrtryAcct></Id><Ccy>GBP</Ccy></Acct><TxsSummry><TtlNtries><NbOfNtries>5</NbOfNtries><Sum>2678.30</Sum></TtlNtries><TtlCdtNtries><NbOfNtries>5</NbOfNtries><Sum>2678.30</Sum></TtlCdtNtries><TtlDbtNtries><NbOfNtries>0</NbOfNtries><Sum>0.00</Sum></TtlDbtNtries></TxsSummry><Ntry><Amt Ccy="GBP">70.00</Amt><CdtDbtInd>CRDT</CdtDbtInd><Sts>BOOK</Sts><BookgDt><Dt>2018-09-18</Dt></BookgDt><BkTxCd><Prtry><Cd>SIP UKBA CR 40269</Cd></Prtry></BkTxCd><TxDtls><Refs><EndToEndId>NOREF</EndToEndId><TxId>FP18261O02213597</TxId></Refs><RltdPties><Dbtr><Nm>Marshall Calandra</Nm></Dbtr><DbtrAcct><Id><PrtryAcct><Id>07024639403547</Id></PrtryAcct></Id></DbtrAcct><Cdtr><Nm>MR T A MARSHALL</Nm></Cdtr><CdtrAcct><Id><PrtryAcct><Id>23008200033369</Id></PrtryAcct></Id></CdtrAcct><Prtry><Tp>CALLIE</Tp><Pty/></Prtry></RltdPties><RmtInf><Strd><AddtlRmtInf>NO REF</AddtlRmtInf></Strd><Strd><AddtlRmtInf>Marshall Calandra//CALLIE</AddtlRmtInf></Strd></RmtInf><RltdDts><TxDtTm>2018-09-18T11:31:45</TxDtTm></RltdDts><AddtlTxInf>FP18261O02213597  1020180918826070246</AddtlTxInf></TxDtls><AddtlNtryInf>COMPLETE//0000//001//CREDIT</AddtlNtryInf></Ntry><Ntry><Amt Ccy="GBP">500.00</Amt><CdtDbtInd>CRDT</CdtDbtInd><Sts>BOOK</Sts><BookgDt><Dt>2018-09-18</Dt></BookgDt><BkTxCd><Prtry><Cd>SIP UKBA CR 40269</Cd></Prtry></BkTxCd><TxDtls><Refs><EndToEndId>NOREF</EndToEndId><TxId>49113324314809000N</TxId><Prtry><Tp>STO REF</Tp><Ref>0000</Ref></Prtry></Refs><RltdPties><Dbtr><Nm>BHARAT PANCHAL</Nm><PstlAdr><AdrLine>APS COTTONS CENTRE SE1 2QG</AdrLine><Ctry/></PstlAdr></Dbtr><DbtrAcct><Id><PrtryAcct><Id>08719970967615</Id></PrtryAcct></Id></DbtrAcct><Cdtr><Nm>VAISHALI PATEL</Nm></Cdtr><CdtrAcct><Id><PrtryAcct><Id>23008200079906</Id></PrtryAcct></Id></CdtrAcct><Prtry><Tp>GIFT</Tp><Pty/></Prtry></RltdPties><RmtInf><Strd><AddtlRmtInf>GIFT</AddtlRmtInf></Strd><Strd><AddtlRmtInf>BHARAT PANCHAL//GIFT</AddtlRmtInf></Strd></RmtInf><RltdDts><TxDtTm>2018-09-18T11:33:24</TxDtTm></RltdDts><AddtlTxInf>49113324314809000N1020180918826087199</AddtlTxInf></TxDtls><AddtlNtryInf>COMPLETE//0000//001//CREDIT</AddtlNtryInf></Ntry><Ntry><Amt Ccy="GBP">100.00</Amt><CdtDbtInd>CRDT</CdtDbtInd><Sts>BOOK</Sts><BookgDt><Dt>2018-09-18</Dt></BookgDt><BkTxCd><Prtry><Cd>SIP UKBA CR 40269</Cd></Prtry></BkTxCd><TxDtls><Refs><EndToEndId>NOREF</EndToEndId><TxId>300000000393378268</TxId></Refs><RltdPties><Dbtr><Nm>A Hinds</Nm></Dbtr><DbtrAcct><Id><PrtryAcct><Id>77130160185568</Id></PrtryAcct></Id></DbtrAcct><Cdtr><Nm>CHRISTOPHER HINDS</Nm></Cdtr><CdtrAcct><Id><PrtryAcct><Id>23008200425162</Id></PrtryAcct></Id></CdtrAcct><Prtry><Tp>Test</Tp><Pty/></Prtry></RltdPties><RmtInf><Strd><AddtlRmtInf>NO REF</AddtlRmtInf></Strd><Strd><AddtlRmtInf>A Hinds//Test</AddtlRmtInf></Strd></RmtInf><RltdDts><TxDtTm>2018-09-18T11:46:17</TxDtTm></RltdDts><AddtlTxInf>3000000003933782681020180918826771301</AddtlTxInf></TxDtls><AddtlNtryInf>COMPLETE//0000//001//CREDIT</AddtlNtryInf></Ntry><Ntry><Amt Ccy="GBP">8.30</Amt><CdtDbtInd>CRDT</CdtDbtInd><Sts>BOOK</Sts><BookgDt><Dt>2018-09-18</Dt></BookgDt><BkTxCd><Prtry><Cd>SIP UKBA CR 40269</Cd></Prtry></BkTxCd><TxDtls><Refs><EndToEndId>ME</EndToEndId><TxId>58115449394934000N</TxId><Prtry><Tp>STO REF</Tp><Ref>0000</Ref></Prtry></Refs><RltdPties><Dbtr><Nm>HILLIER AL</Nm></Dbtr><DbtrAcct><Id><PrtryAcct><Id>55612170091943</Id></PrtryAcct></Id></DbtrAcct><Cdtr><Nm>MASTERCARD 8241</Nm></Cdtr><CdtrAcct><Id><PrtryAcct><Id>23008200373363</Id></PrtryAcct></Id></CdtrAcct><Prtry><Tp>ME</Tp><Pty/></Prtry></RltdPties><RmtInf><Strd><AddtlRmtInf>HILLIER AL        ME                VIA MOBILE - LVP</AddtlRmtInf></Strd><Strd><AddtlRmtInf>HILLIER AL//ME</AddtlRmtInf></Strd></RmtInf><RltdDts><TxDtTm>2018-09-18T11:54:49</TxDtTm></RltdDts><AddtlTxInf>58115449394934000N1020180918826556121</AddtlTxInf></TxDtls><AddtlNtryInf>COMPLETE//0000//001//CREDIT</AddtlNtryInf></Ntry><Ntry><Amt Ccy="GBP">2000.00</Amt><CdtDbtInd>CRDT</CdtDbtInd><Sts>BOOK</Sts><BookgDt><Dt>2018-09-18</Dt></BookgDt><BkTxCd><Prtry><Cd>SIP UKBA CR 40269</Cd></Prtry></BkTxCd><TxDtls><Refs><EndToEndId>NOREF</EndToEndId><TxId>8148224065118190HN</TxId><Prtry><Tp>STO REF</Tp><Ref>0000</Ref></Prtry></Refs><RltdPties><Dbtr><Nm>PEAK CASHFLOW LIMITED</Nm></Dbtr><DbtrAcct><Id><PrtryAcct><Id>40182292022249</Id></PrtryAcct></Id></DbtrAcct><Cdtr><Nm>ROAD WISE TRAFFIC MANAGEMENT LTD</Nm></Cdtr><CdtrAcct><Id><PrtryAcct><Id>23008200223263</Id></PrtryAcct></Id></CdtrAcct></RltdPties><RmtInf><Strd><AddtlRmtInf>NO REF</AddtlRmtInf></Strd><Strd><AddtlRmtInf>PEAK CASHFLOW LIMI//</AddtlRmtInf></Strd></RmtInf><RltdDts><TxDtTm>2018-09-18T11:56:04</TxDtTm></RltdDts><AddtlTxInf>8148224065118190HN1020180918826401822</AddtlTxInf></TxDtls><AddtlNtryInf>COMPLETE//0000//001//CREDIT</AddtlNtryInf></Ntry></Ntfctn></BkToCstmrDbtCdtNtfctnV01></Document>