<?xml version="1.0" encoding="UTF-8"?><Document xmlns:xsi="http://www.w3.org/2001/XMLSchema-instance" xmlns="urn:iso:std:iso:20022:tech:xsd:camt.054.001.01"><BkToCstmrDbtCdtNtfctnV01><GrpHdr><MsgId>80309K//12604</MsgId><CreDtTm>2018-09-08T21:00:00</CreDtTm></GrpHdr><Ntfctn><Id>80309K//12604//1</Id><CreDtTm>2018-09-08T21:00:00</CreDtTm><Acct><Id><PrtryAcct><Id>20594233939774</Id></PrtryAcct></Id><Ccy>GBP</Ccy></Acct><TxsSummry><TtlNtries><NbOfNtries>2</NbOfNtries><Sum>150.00</Sum></TtlNtries><TtlCdtNtries><NbOfNtries>2</NbOfNtries><Sum>150.00</Sum></TtlCdtNtries><TtlDbtNtries><NbOfNtries>0</NbOfNtries><Sum>0.00</Sum></TtlDbtNtries></TxsSummry><Ntry><Amt Ccy="GBP">100.00</Amt><CdtDbtInd>CRDT</CdtDbtInd><Sts>BOOK</Sts><BookgDt><Dt>2018-09-10</Dt></BookgDt><BkTxCd><Prtry><Cd>SIP UKBA CR 40269</Cd></Prtry></BkTxCd><TxDtls><Refs><EndToEndId>DAD</EndToEndId><TxId>37203028237657000N</TxId><Prtry><Tp>STO REF</Tp><Ref>0000</Ref></Prtry></Refs><RltdPties><Dbtr><Nm>LARNDER-SMITH SA</Nm></Dbtr><DbtrAcct><Id><PrtryAcct><Id>55502864581667</Id></PrtryAcct></Id></DbtrAcct><Cdtr><Nm>CORY LARNDER-SMITH</Nm></Cdtr><CdtrAcct><Id><PrtryAcct><Id>23008200246431</Id></PrtryAcct></Id></CdtrAcct><Prtry><Tp>DAD</Tp><Pty/></Prtry></RltdPties><RmtInf><Strd><AddtlRmtInf>LARNDER-SMITH SA  DAD               VIA ONLINE - PYMT</AddtlRmtInf></Strd><Strd><AddtlRmtInf>LARNDER-SMITH SA//DAD</AddtlRmtInf></Strd></RmtInf><RltdDts><TxDtTm>2018-09-08T20:30:28</TxDtTm></RltdDts><AddtlTxInf>37203028237657000N1020180908826555028</AddtlTxInf></TxDtls><AddtlNtryInf>COMPLETE//0000//003//CREDIT</AddtlNtryInf></Ntry><Ntry><Amt Ccy="GBP">50.00</Amt><CdtDbtInd>CRDT</CdtDbtInd><Sts>BOOK</Sts><BookgDt><Dt>2018-09-10</Dt></BookgDt><BkTxCd><Prtry><Cd>SIP UKBA CR 40269</Cd></Prtry></BkTxCd><TxDtls><Refs><EndToEndId>NOREF</EndToEndId><TxId>RP4679960958911900</TxId></Refs><RltdPties><Dbtr><Nm>SALFARLIE J A M</Nm></Dbtr><DbtrAcct><Id><PrtryAcct><Id>20057453080919</Id></PrtryAcct></Id></DbtrAcct><Cdtr><Nm>ARRO</Nm></Cdtr><CdtrAcct><Id><PrtryAcct><Id>23008200337123</Id></PrtryAcct></Id></CdtrAcct><Prtry><Tp>5574220190111848</Tp><Pty/></Prtry></RltdPties><RmtInf><Strd><AddtlRmtInf>NO REF</AddtlRmtInf></Strd><Strd><AddtlRmtInf>SALFARLIE J A M//5574220190111848</AddtlRmtInf></Strd></RmtInf><RltdDts><TxDtTm>2018-09-08T20:48:08</TxDtTm></RltdDts><AddtlTxInf>RP46799609589119001020180908826200026</AddtlTxInf></TxDtls><AddtlNtryInf>COMPLETE//0000//003//CREDIT</AddtlNtryInf></Ntry></Ntfctn></BkToCstmrDbtCdtNtfctnV01></Document>