<?xml version="1.0" encoding="UTF-8"?><Document xmlns:xsi="http://www.w3.org/2001/XMLSchema-instance" xmlns="urn:iso:std:iso:20022:tech:xsd:camt.054.001.01"><BkToCstmrDbtCdtNtfctnV01><GrpHdr><MsgId>80309K//13441</MsgId><CreDtTm>2018-09-28T10:00:00</CreDtTm></GrpHdr><Ntfctn><Id>80309K//13441//1</Id><CreDtTm>2018-09-28T10:00:00</CreDtTm><Acct><Id><PrtryAcct><Id>20594233939774</Id></PrtryAcct></Id><Ccy>GBP</Ccy></Acct><TxsSummry><TtlNtries><NbOfNtries>14</NbOfNtries><Sum>3115.77</Sum></TtlNtries><TtlCdtNtries><NbOfNtries>14</NbOfNtries><Sum>3115.77</Sum></TtlCdtNtries><TtlDbtNtries><NbOfNtries>0</NbOfNtries><Sum>0.00</Sum></TtlDbtNtries></TxsSummry><Ntry><Amt Ccy="GBP">9.00</Amt><CdtDbtInd>CRDT</CdtDbtInd><Sts>BOOK</Sts><BookgDt><Dt>2018-09-28</Dt></BookgDt><BkTxCd><Prtry><Cd>SIP UKBA CR 40269</Cd></Prtry></BkTxCd><TxDtls><Refs><EndToEndId>NOREF</EndToEndId><TxId>02681051929139F7SW</TxId><Prtry><Tp>STO REF</Tp><Ref>0000</Ref></Prtry></Refs><RltdPties><Dbtr><Nm>MRS ELAINE MULVEY</Nm><PstlAdr><AdrLine>FLAT 2 1 HOME;145 GREENHEAD STREET;</AdrLine><AdrLine>GLASGOW                     G40 1;</AdrLine><AdrLine>HU</AdrLine><Ctry/></PstlAdr></Dbtr><DbtrAcct><Id><PrtryAcct><Id>40642010629806</Id></PrtryAcct></Id></DbtrAcct><Cdtr><Nm>SUZANNE ARRO</Nm></Cdtr><CdtrAcct><Id><PrtryAcct><Id>23008200381949</Id></PrtryAcct></Id></CdtrAcct></RltdPties><RmtInf><Strd><AddtlRmtInf>NO REF</AddtlRmtInf></Strd><Strd><AddtlRmtInf>MRS ELAINE MULVEY//</AddtlRmtInf></Strd></RmtInf><RltdDts><TxDtTm>2018-09-28T09:30:19</TxDtTm></RltdDts><AddtlTxInf>02681051929139F7SW1020180928826400250</AddtlTxInf></TxDtls><AddtlNtryInf>COMPLETE//0000//001//CREDIT</AddtlNtryInf></Ntry><Ntry><Amt Ccy="GBP">12.00</Amt><CdtDbtInd>CRDT</CdtDbtInd><Sts>BOOK</Sts><BookgDt><Dt>2018-09-28</Dt></BookgDt><BkTxCd><Prtry><Cd>SIP UKBA CR 40269</Cd></Prtry></BkTxCd><TxDtls><Refs><EndToEndId>NOREF</EndToEndId><TxId>100000000391177143</TxId></Refs><RltdPties><Dbtr><Nm>F Russell-Morgan</Nm></Dbtr><DbtrAcct><Id><PrtryAcct><Id>30928665553460</Id></PrtryAcct></Id></DbtrAcct><Cdtr><Nm>L</Nm></Cdtr><CdtrAcct><Id><PrtryAcct><Id>23008200249168</Id></PrtryAcct></Id></CdtrAcct><Prtry><Tp>PLAY</Tp><Pty/></Prtry></RltdPties><RmtInf><Strd><AddtlRmtInf>NO REF</AddtlRmtInf></Strd><Strd><AddtlRmtInf>F Russell-Morgan//PLAY</AddtlRmtInf></Strd></RmtInf><RltdDts><TxDtTm>2018-09-28T09:34:34</TxDtTm></RltdDts><AddtlTxInf>1000000003911771431020180928826309286</AddtlTxInf></TxDtls><AddtlNtryInf>COMPLETE//0000//001//CREDIT</AddtlNtryInf></Ntry><Ntry><Amt Ccy="GBP">264.40</Amt><CdtDbtInd>CRDT</CdtDbtInd><Sts>BOOK</Sts><BookgDt><Dt>2018-09-28</Dt></BookgDt><BkTxCd><Prtry><Cd>FDP UKBA CR 40269</Cd></Prtry></BkTxCd><TxDtls><Refs><EndToEndId>NOREF</EndToEndId><TxId>622399707571729001</TxId><Prtry><Tp>STO REF</Tp><Ref>0000</Ref></Prtry></Refs><RltdPties><Dbtr><Nm>Sanro Accoun</Nm></Dbtr><DbtrAcct><Id><PrtryAcct><Id>40452432613581</Id></PrtryAcct></Id></DbtrAcct><Cdtr><Nm>NIGEL CHIDUKU</Nm></Cdtr><CdtrAcct><Id><PrtryAcct><Id>23008200379526</Id></PrtryAcct></Id></CdtrAcct><Prtry><Tp>IVERS</Tp><Pty/></Prtry></RltdPties><RmtInf><Strd><AddtlRmtInf>NO REF</AddtlRmtInf></Strd><Strd><AddtlRmtInf>Sanro Accoun//IVERS</AddtlRmtInf></Strd></RmtInf><RltdDts><TxDtTm>2018-09-28T09:39:24</TxDtTm></RltdDts><AddtlTxInf>6223997075717290014020180928826404524</AddtlTxInf></TxDtls><AddtlNtryInf>COMPLETE//0000//001//CREDIT</AddtlNtryInf></Ntry><Ntry><Amt Ccy="GBP">513.24</Amt><CdtDbtInd>CRDT</CdtDbtInd><Sts>BOOK</Sts><BookgDt><Dt>2018-09-28</Dt></BookgDt><BkTxCd><Prtry><Cd>FDP UKBA CR 40269</Cd></Prtry></BkTxCd><TxDtls><Refs><EndToEndId>NOREF</EndToEndId><TxId>342901732381729001</TxId><Prtry><Tp>STO REF</Tp><Ref>0000</Ref></Prtry></Refs><RltdPties><Dbtr><Nm>Sanro Accoun</Nm></Dbtr><DbtrAcct><Id><PrtryAcct><Id>40452432613581</Id></PrtryAcct></Id></DbtrAcct><Cdtr><Nm>TENDAI MUSARIRI</Nm></Cdtr><CdtrAcct><Id><PrtryAcct><Id>23008200225404</Id></PrtryAcct></Id></CdtrAcct><Prtry><Tp>IVERS</Tp><Pty/></Prtry></RltdPties><RmtInf><Strd><AddtlRmtInf>NO REF</AddtlRmtInf></Strd><Strd><AddtlRmtInf>Sanro Accoun//IVERS</AddtlRmtInf></Strd></RmtInf><RltdDts><TxDtTm>2018-09-28T09:39:24</TxDtTm></RltdDts><AddtlTxInf>3429017323817290014020180928826404524</AddtlTxInf></TxDtls><AddtlNtryInf>COMPLETE//0000//001//CREDIT</AddtlNtryInf></Ntry><Ntry><Amt Ccy="GBP">250.00</Amt><CdtDbtInd>CRDT</CdtDbtInd><Sts>BOOK</Sts><BookgDt><Dt>2018-09-28</Dt></BookgDt><BkTxCd><Prtry><Cd>SIP UKBA CR 40269</Cd></Prtry></BkTxCd><TxDtls><Refs><EndToEndId>NOREF</EndToEndId><TxId>500000000392838704</TxId></Refs><RltdPties><Dbtr><Nm>I Aguiar</Nm></Dbtr><DbtrAcct><Id><PrtryAcct><Id>30984178749360</Id></PrtryAcct></Id></DbtrAcct><Cdtr><Nm>DE M GARIBALDI DA</Nm></Cdtr><CdtrAcct><Id><PrtryAcct><Id>23008200101285</Id></PrtryAcct></Id></CdtrAcct><Prtry><Tp>GABI E ISA</Tp><Pty/></Prtry></RltdPties><RmtInf><Strd><AddtlRmtInf>NO REF</AddtlRmtInf></Strd><Strd><AddtlRmtInf>I Aguiar//GABI E ISA</AddtlRmtInf></Strd></RmtInf><RltdDts><TxDtTm>2018-09-28T09:42:16</TxDtTm></RltdDts><AddtlTxInf>5000000003928387041020180928826309841</AddtlTxInf></TxDtls><AddtlNtryInf>COMPLETE//0000//001//CREDIT</AddtlNtryInf></Ntry><Ntry><Amt Ccy="GBP">20.00</Amt><CdtDbtInd>CRDT</CdtDbtInd><Sts>BOOK</Sts><BookgDt><Dt>2018-09-28</Dt></BookgDt><BkTxCd><Prtry><Cd>SIP UKBA CR 40269</Cd></Prtry></BkTxCd><TxDtls><Refs><EndToEndId>PPWD00000000AQRPII</EndToEndId><TxId>PPWD00000000AQRPII</TxId></Refs><RltdPties><Dbtr><Nm>PayPal</Nm><PstlAdr><AdrLine>2211 N 1st Street San Jose CA 95131</AdrLine><Ctry/></PstlAdr></Dbtr><DbtrAcct><Id><PrtryAcct><Id>23526278959595</Id></PrtryAcct></Id></DbtrAcct><Cdtr><Nm>Cameron Burns</Nm><PstlAdr><AdrLine>22 Weavers Orchard</AdrLine><Ctry/></PstlAdr></Cdtr><CdtrAcct><Id><PrtryAcct><Id>23008200442270</Id></PrtryAcct></Id></CdtrAcct><Prtry><Tp>PPWDL5UX22ALF8KRLL</Tp><Pty/></Prtry></RltdPties><RmtInf><Strd><RfrdDocInf><RfrdDocTp><Prtry>002</Prtry></RfrdDocTp></RfrdDocInf><AddtlRmtInf>NO REF</AddtlRmtInf></Strd><Strd><AddtlRmtInf>PayPal//PPWDL5UX22ALF8KRLL</AddtlRmtInf></Strd></RmtInf><RltdDts><TxDtTm>2018-09-28T09:42:52</TxDtTm></RltdDts><AddtlTxInf>PPWD00000000AQRPII1020180928826235262</AddtlTxInf></TxDtls><AddtlNtryInf>COMPLETE//0000//001//CREDIT</AddtlNtryInf></Ntry><Ntry><Amt Ccy="GBP">314.57</Amt><CdtDbtInd>CRDT</CdtDbtInd><Sts>BOOK</Sts><BookgDt><Dt>2018-09-28</Dt></BookgDt><BkTxCd><Prtry><Cd>SIP UKBA CR 40269</Cd></Prtry></BkTxCd><TxDtls><Refs><EndToEndId>NOREF</EndToEndId><TxId>500000000392841586</TxId></Refs><RltdPties><Dbtr><Nm>D Ryan</Nm></Dbtr><DbtrAcct><Id><PrtryAcct><Id>80489210423267</Id></PrtryAcct></Id></DbtrAcct><Cdtr><Nm>DAMIAN RYAN</Nm></Cdtr><CdtrAcct><Id><PrtryAcct><Id>23008200036559</Id></PrtryAcct></Id></CdtrAcct></RltdPties><RmtInf><Strd><AddtlRmtInf>NO REF</AddtlRmtInf></Strd><Strd><AddtlRmtInf>D Ryan//</AddtlRmtInf></Strd></RmtInf><RltdDts><TxDtTm>2018-09-28T09:46:45</TxDtTm></RltdDts><AddtlTxInf>5000000003928415861020180928826804892</AddtlTxInf></TxDtls><AddtlNtryInf>COMPLETE//0000//001//CREDIT</AddtlNtryInf></Ntry><Ntry><Amt Ccy="GBP">30.00</Amt><CdtDbtInd>CRDT</CdtDbtInd><Sts>BOOK</Sts><BookgDt><Dt>2018-09-28</Dt></BookgDt><BkTxCd><Prtry><Cd>SIP UKBA CR 40269</Cd></Prtry></BkTxCd><TxDtls><Refs><EndToEndId>NOREF</EndToEndId><TxId>600000000392558287</TxId></Refs><RltdPties><Dbtr><Nm>J Phillips</Nm></Dbtr><DbtrAcct><Id><PrtryAcct><Id>77040319615360</Id></PrtryAcct></Id></DbtrAcct><Cdtr><Nm>LEE</Nm></Cdtr><CdtrAcct><Id><PrtryAcct><Id>23008200217463</Id></PrtryAcct></Id></CdtrAcct><Prtry><Tp>WORK</Tp><Pty/></Prtry></RltdPties><RmtInf><Strd><AddtlRmtInf>NO REF</AddtlRmtInf></Strd><Strd><AddtlRmtInf>J Phillips//WORK</AddtlRmtInf></Strd></RmtInf><RltdDts><TxDtTm>2018-09-28T09:46:48</TxDtTm></RltdDts><AddtlTxInf>6000000003925582871020180928826770403</AddtlTxInf></TxDtls><AddtlNtryInf>COMPLETE//0000//001//CREDIT</AddtlNtryInf></Ntry><Ntry><Amt Ccy="GBP">10.00</Amt><CdtDbtInd>CRDT</CdtDbtInd><Sts>BOOK</Sts><BookgDt><Dt>2018-09-28</Dt></BookgDt><BkTxCd><Prtry><Cd>DCA UKBA CR 40269</Cd></Prtry></BkTxCd><TxDtls><Refs><EndToEndId>NOREF</EndToEndId><TxId>000000013693742501</TxId><Prtry><Tp>STO REF</Tp><Ref>5040</Ref></Prtry></Refs><RltdPties><Dbtr><Nm>O ADEBAYO</Nm></Dbtr><DbtrAcct><Id><PrtryAcct><Id>20035373152596</Id></PrtryAcct></Id></DbtrAcct><Cdtr><Nm>BARRY WILCOCK</Nm></Cdtr><CdtrAcct><Id><PrtryAcct><Id>23008200472379</Id></PrtryAcct></Id></CdtrAcct><Prtry><Tp>STATIONARY</Tp><Pty/></Prtry></RltdPties><RmtInf><Strd><AddtlRmtInf>NO REF</AddtlRmtInf></Strd><Strd><AddtlRmtInf>O ADEBAYO//STATIONARY</AddtlRmtInf></Strd></RmtInf><RltdDts><TxDtTm>2018-09-28T09:52:10</TxDtTm></RltdDts><AddtlTxInf>0000000136937425015020180928826200353</AddtlTxInf></TxDtls><AddtlNtryInf>COMPLETE//0000//001//CREDIT</AddtlNtryInf></Ntry><Ntry><Amt Ccy="GBP">20.00</Amt><CdtDbtInd>CRDT</CdtDbtInd><Sts>BOOK</Sts><BookgDt><Dt>2018-09-28</Dt></BookgDt><BkTxCd><Prtry><Cd>SIP UKBA CR 40269</Cd></Prtry></BkTxCd><TxDtls><Refs><EndToEndId>PPWD00000000AQRTE2</EndToEndId><TxId>PPWD00000000AQRTE2</TxId></Refs><RltdPties><Dbtr><Nm>PayPal</Nm><PstlAdr><AdrLine>2211 N 1st Street San Jose CA 95131</AdrLine><Ctry/></PstlAdr></Dbtr><DbtrAcct><Id><PrtryAcct><Id>23526278959595</Id></PrtryAcct></Id></DbtrAcct><Cdtr><Nm>Benjamin Nolan</Nm><PstlAdr><AdrLine>26 Moggs Mead</AdrLine><Ctry/></PstlAdr></Cdtr><CdtrAcct><Id><PrtryAcct><Id>23008200465824</Id></PrtryAcct></Id></CdtrAcct><Prtry><Tp>PPWDL5DV22ALF8PRVL</Tp><Pty/></Prtry></RltdPties><RmtInf><Strd><RfrdDocInf><RfrdDocTp><Prtry>002</Prtry></RfrdDocTp></RfrdDocInf><AddtlRmtInf>NO REF</AddtlRmtInf></Strd><Strd><AddtlRmtInf>PayPal//PPWDL5DV22ALF8PRVL</AddtlRmtInf></Strd></RmtInf><RltdDts><TxDtTm>2018-09-28T09:53:23</TxDtTm></RltdDts><AddtlTxInf>PPWD00000000AQRTE21020180928826235262</AddtlTxInf></TxDtls><AddtlNtryInf>COMPLETE//0000//001//CREDIT</AddtlNtryInf></Ntry><Ntry><Amt Ccy="GBP">200.00</Amt><CdtDbtInd>CRDT</CdtDbtInd><Sts>BOOK</Sts><BookgDt><Dt>2018-09-28</Dt></BookgDt><BkTxCd><Prtry><Cd>SIP UKBA CR 40269</Cd></Prtry></BkTxCd><TxDtls><Refs><EndToEndId>PPWD00000000AQRTJM</EndToEndId><TxId>PPWD00000000AQRTJM</TxId></Refs><RltdPties><Dbtr><Nm>PayPal</Nm><PstlAdr><AdrLine>2211 N 1st Street San Jose CA 95131</AdrLine><Ctry/></PstlAdr></Dbtr><DbtrAcct><Id><PrtryAcct><Id>23526278959595</Id></PrtryAcct></Id></DbtrAcct><Cdtr><Nm>Peter Parker</Nm><PstlAdr><AdrLine>Bradshaw Lane Fern Bank Farm,Bradsh</AdrLine><AdrLine>aw Lane</AdrLine><Ctry/></PstlAdr></Cdtr><CdtrAcct><Id><PrtryAcct><Id>23008200470191</Id></PrtryAcct></Id></CdtrAcct><Prtry><Tp>PPWDL5ZJJ2ALF8PXA4</Tp><Pty/></Prtry></RltdPties><RmtInf><Strd><RfrdDocInf><RfrdDocTp><Prtry>002</Prtry></RfrdDocTp></RfrdDocInf><AddtlRmtInf>NO REF</AddtlRmtInf></Strd><Strd><AddtlRmtInf>PayPal//PPWDL5ZJJ2ALF8PXA4</AddtlRmtInf></Strd></RmtInf><RltdDts><TxDtTm>2018-09-28T09:53:48</TxDtTm></RltdDts><AddtlTxInf>PPWD00000000AQRTJM1020180928826235262</AddtlTxInf></TxDtls><AddtlNtryInf>COMPLETE//0000//001//CREDIT</AddtlNtryInf></Ntry><Ntry><Amt Ccy="GBP">60.00</Amt><CdtDbtInd>CRDT</CdtDbtInd><Sts>BOOK</Sts><BookgDt><Dt>2018-09-28</Dt></BookgDt><BkTxCd><Prtry><Cd>SIP UKBA CR 40269</Cd></Prtry></BkTxCd><TxDtls><Refs><EndToEndId>NOREF</EndToEndId><TxId>100000000391192149</TxId></Refs><RltdPties><Dbtr><Nm>D Taylor</Nm></Dbtr><DbtrAcct><Id><PrtryAcct><Id>11000106609640</Id></PrtryAcct></Id></DbtrAcct><Cdtr><Nm>JULIE</Nm></Cdtr><CdtrAcct><Id><PrtryAcct><Id>23008200192655</Id></PrtryAcct></Id></CdtrAcct><Prtry><Tp>JULIE</Tp><Pty/></Prtry></RltdPties><RmtInf><Strd><AddtlRmtInf>NO REF</AddtlRmtInf></Strd><Strd><AddtlRmtInf>D Taylor//JULIE</AddtlRmtInf></Strd></RmtInf><RltdDts><TxDtTm>2018-09-28T09:57:56</TxDtTm></RltdDts><AddtlTxInf>1000000003911921491020180928826110001</AddtlTxInf></TxDtls><AddtlNtryInf>COMPLETE//0000//001//CREDIT</AddtlNtryInf></Ntry><Ntry><Amt Ccy="GBP">1392.56</Amt><CdtDbtInd>CRDT</CdtDbtInd><Sts>BOOK</Sts><BookgDt><Dt>2018-09-28</Dt></BookgDt><BkTxCd><Prtry><Cd>SIP UKBA CR 40269</Cd></Prtry></BkTxCd><TxDtls><Refs><EndToEndId>00151239632BBKPNVG</EndToEndId><TxId>00151239632BBKPNVG</TxId></Refs><RltdPties><Dbtr><Nm>DREAM APARTMENT NEWCASTLE LIMITED</Nm></Dbtr><DbtrAcct><Id><PrtryAcct><Id>09012910722071</Id></PrtryAcct></Id></DbtrAcct><Cdtr><Nm>N DZHAMBAZKA</Nm></Cdtr><CdtrAcct><Id><PrtryAcct><Id>23008200323847</Id></PrtryAcct></Id></CdtrAcct><Prtry><Tp>Wages Newcastle</Tp><Pty/></Prtry></RltdPties><RmtInf><Strd><AddtlRmtInf>NO REF</AddtlRmtInf></Strd><Strd><AddtlRmtInf>DREAM APARTMENT NE//Wages Newcastle</AddtlRmtInf></Strd></RmtInf><RltdDts><TxDtTm>2018-09-28T09:57:57</TxDtTm></RltdDts><AddtlTxInf>00151239632BBKPNVG1020180928826090129</AddtlTxInf></TxDtls><AddtlNtryInf>COMPLETE//0000//001//CREDIT</AddtlNtryInf></Ntry><Ntry><Amt Ccy="GBP">20.00</Amt><CdtDbtInd>CRDT</CdtDbtInd><Sts>BOOK</Sts><BookgDt><Dt>2018-09-28</Dt></BookgDt><BkTxCd><Prtry><Cd>SIP UKBA CR 40269</Cd></Prtry></BkTxCd><TxDtls><Refs><EndToEndId>PPWD00000000AQRVJ6</EndToEndId><TxId>PPWD00000000AQRVJ6</TxId></Refs><RltdPties><Dbtr><Nm>PayPal</Nm><PstlAdr><AdrLine>2211 N 1st Street San Jose CA 95131</AdrLine><Ctry/></PstlAdr></Dbtr><DbtrAcct><Id><PrtryAcct><Id>23526278959595</Id></PrtryAcct></Id></DbtrAcct><Cdtr><Nm>Isaac Dosumu</Nm><PstlAdr><AdrLine>175 Maplestead Road</AdrLine><Ctry/></PstlAdr></Cdtr><CdtrAcct><Id><PrtryAcct><Id>23008200465943</Id></PrtryAcct></Id></CdtrAcct><Prtry><Tp>PPWDL46PJ2ALF8RYDU</Tp><Pty/></Prtry></RltdPties><RmtInf><Strd><RfrdDocInf><RfrdDocTp><Prtry>002</Prtry></RfrdDocTp></RfrdDocInf><AddtlRmtInf>NO REF</AddtlRmtInf></Strd><Strd><AddtlRmtInf>PayPal//PPWDL46PJ2ALF8RYDU</AddtlRmtInf></Strd></RmtInf><RltdDts><TxDtTm>2018-09-28T09:59:10</TxDtTm></RltdDts><AddtlTxInf>PPWD00000000AQRVJ61020180928826235262</AddtlTxInf></TxDtls><AddtlNtryInf>COMPLETE//0000//001//CREDIT</AddtlNtryInf></Ntry></Ntfctn></BkToCstmrDbtCdtNtfctnV01></Document>