<?xml version="1.0" encoding="UTF-8"?><Document xmlns:xsi="http://www.w3.org/2001/XMLSchema-instance" xmlns="urn:iso:std:iso:20022:tech:xsd:camt.054.001.01"><BkToCstmrDbtCdtNtfctnV01><GrpHdr><MsgId>80309K//13384</MsgId><CreDtTm>2018-09-27T03:30:00</CreDtTm></GrpHdr><Ntfctn><Id>80309K//13384//1</Id><CreDtTm>2018-09-27T03:30:00</CreDtTm><Acct><Id><PrtryAcct><Id>20594233939774</Id></PrtryAcct></Id><Ccy>GBP</Ccy></Acct><TxsSummry><TtlNtries><NbOfNtries>3</NbOfNtries><Sum>881.46</Sum></TtlNtries><TtlCdtNtries><NbOfNtries>3</NbOfNtries><Sum>881.46</Sum></TtlCdtNtries><TtlDbtNtries><NbOfNtries>0</NbOfNtries><Sum>0.00</Sum></TtlDbtNtries></TxsSummry><Ntry><Amt Ccy="GBP">341.28</Amt><CdtDbtInd>CRDT</CdtDbtInd><Sts>BOOK</Sts><BookgDt><Dt>2018-09-27</Dt></BookgDt><BkTxCd><Prtry><Cd>FDP UKBA CR 40269</Cd></Prtry></BkTxCd><TxDtls><Refs><EndToEndId>NOREF</EndToEndId><TxId>38030109450971000N</TxId><Prtry><Tp>STO REF</Tp><Ref>0000</Ref></Prtry></Refs><RltdPties><Dbtr><Nm>TWINPLAST LIMITED</Nm></Dbtr><DbtrAcct><Id><PrtryAcct><Id>60224071556613</Id></PrtryAcct></Id></DbtrAcct><Cdtr><Nm>C HIRNEA</Nm></Cdtr><CdtrAcct><Id><PrtryAcct><Id>23008200231148</Id></PrtryAcct></Id></CdtrAcct><Prtry><Tp>TWINPLAST LTD</Tp><Pty/></Prtry></RltdPties><RmtInf><Strd><AddtlRmtInf>TWINPLAST LTD</AddtlRmtInf></Strd><Strd><AddtlRmtInf>TWINPLAST LIMITED//TWINPLAST LTD</AddtlRmtInf></Strd></RmtInf><RltdDts><TxDtTm>2018-09-27T03:03:28</TxDtTm></RltdDts><AddtlTxInf>38030109450971000N4020180927826602240</AddtlTxInf></TxDtls><AddtlNtryInf>COMPLETE//0000//003//CREDIT</AddtlNtryInf></Ntry><Ntry><Amt Ccy="GBP">216.27</Amt><CdtDbtInd>CRDT</CdtDbtInd><Sts>BOOK</Sts><BookgDt><Dt>2018-09-27</Dt></BookgDt><BkTxCd><Prtry><Cd>FDP UKBA CR 40269</Cd></Prtry></BkTxCd><TxDtls><Refs><EndToEndId>NOREF</EndToEndId><TxId>10030113854110000N</TxId><Prtry><Tp>STO REF</Tp><Ref>0000</Ref></Prtry></Refs><RltdPties><Dbtr><Nm>GLEN FOUNDRY LIMIT</Nm></Dbtr><DbtrAcct><Id><PrtryAcct><Id>60154278309840</Id></PrtryAcct></Id></DbtrAcct><Cdtr><Nm>C WOODROW</Nm></Cdtr><CdtrAcct><Id><PrtryAcct><Id>23008200393103</Id></PrtryAcct></Id></CdtrAcct><Prtry><Tp>ANDERSON STEWART C</Tp><Pty/></Prtry></RltdPties><RmtInf><Strd><AddtlRmtInf>ANDERSON STEWART C</AddtlRmtInf></Strd><Strd><AddtlRmtInf>GLEN FOUNDRY LIMIT//ANDERSON STEWART C</AddtlRmtInf></Strd></RmtInf><RltdDts><TxDtTm>2018-09-27T03:03:55</TxDtTm></RltdDts><AddtlTxInf>10030113854110000N4020180927826601542</AddtlTxInf></TxDtls><AddtlNtryInf>COMPLETE//0000//003//CREDIT</AddtlNtryInf></Ntry><Ntry><Amt Ccy="GBP">323.91</Amt><CdtDbtInd>CRDT</CdtDbtInd><Sts>BOOK</Sts><BookgDt><Dt>2018-09-27</Dt></BookgDt><BkTxCd><Prtry><Cd>FDP UKBA CR 40269</Cd></Prtry></BkTxCd><TxDtls><Refs><EndToEndId>NO REF</EndToEndId><TxId>MF053939613912EA00</TxId></Refs><RltdPties><Dbtr><Nm>RESP RECR LTD</Nm></Dbtr><DbtrAcct><Id><PrtryAcct><Id>20930270519634</Id></PrtryAcct></Id></DbtrAcct><Cdtr><Nm>TATIANA DURBACA</Nm></Cdtr><CdtrAcct><Id><PrtryAcct><Id>23008200359228</Id></PrtryAcct></Id></CdtrAcct><Prtry><Tp>NO REF</Tp><Pty/></Prtry></RltdPties><RmtInf><Strd><RfrdDocInf><RfrdDocTp><Prtry>002</Prtry></RfrdDocTp></RfrdDocInf><AddtlRmtInf>NO REF</AddtlRmtInf></Strd><Strd><AddtlRmtInf>RESP RECR LTD//NO REF</AddtlRmtInf></Strd></RmtInf><RltdDts><TxDtTm>2018-09-27T03:13:44</TxDtTm></RltdDts><AddtlTxInf>MF053939613912EA004020180927826200000</AddtlTxInf></TxDtls><AddtlNtryInf>COMPLETE//0000//003//CREDIT</AddtlNtryInf></Ntry></Ntfctn></BkToCstmrDbtCdtNtfctnV01></Document>