<?xml version="1.0" encoding="UTF-8"?><Document xmlns:xsi="http://www.w3.org/2001/XMLSchema-instance" xmlns="urn:iso:std:iso:20022:tech:xsd:camt.054.001.01"><BkToCstmrDbtCdtNtfctnV01><GrpHdr><MsgId>80309K//12835</MsgId><CreDtTm>2018-09-14T09:00:00</CreDtTm></GrpHdr><Ntfctn><Id>80309K//12835//1</Id><CreDtTm>2018-09-14T09:00:00</CreDtTm><Acct><Id><PrtryAcct><Id>20594233939774</Id></PrtryAcct></Id><Ccy>GBP</Ccy></Acct><TxsSummry><TtlNtries><NbOfNtries>16</NbOfNtries><Sum>2247.30</Sum></TtlNtries><TtlCdtNtries><NbOfNtries>16</NbOfNtries><Sum>2247.30</Sum></TtlCdtNtries><TtlDbtNtries><NbOfNtries>0</NbOfNtries><Sum>0.00</Sum></TtlDbtNtries></TxsSummry><Ntry><Amt Ccy="GBP">144.00</Amt><CdtDbtInd>CRDT</CdtDbtInd><Sts>BOOK</Sts><BookgDt><Dt>2018-09-14</Dt></BookgDt><BkTxCd><Prtry><Cd>SIP UKBA CR 40269</Cd></Prtry></BkTxCd><TxDtls><Refs><EndToEndId>NOREF</EndToEndId><TxId>500000000388633854</TxId></Refs><RltdPties><Dbtr><Nm>M Olatunji</Nm></Dbtr><DbtrAcct><Id><PrtryAcct><Id>11171311814166</Id></PrtryAcct></Id></DbtrAcct><Cdtr><Nm>TANNES LTD</Nm></Cdtr><CdtrAcct><Id><PrtryAcct><Id>23008200220991</Id></PrtryAcct></Id></CdtrAcct><Prtry><Tp>MICHAEL</Tp><Pty/></Prtry></RltdPties><RmtInf><Strd><AddtlRmtInf>NO REF</AddtlRmtInf></Strd><Strd><AddtlRmtInf>M Olatunji//MICHAEL</AddtlRmtInf></Strd></RmtInf><RltdDts><TxDtTm>2018-09-14T08:31:55</TxDtTm></RltdDts><AddtlTxInf>5000000003886338541020180914826111713</AddtlTxInf></TxDtls><AddtlNtryInf>COMPLETE//0000//001//CREDIT</AddtlNtryInf></Ntry><Ntry><Amt Ccy="GBP">200.00</Amt><CdtDbtInd>CRDT</CdtDbtInd><Sts>BOOK</Sts><BookgDt><Dt>2018-09-14</Dt></BookgDt><BkTxCd><Prtry><Cd>SIP UKBA CR 40269</Cd></Prtry></BkTxCd><TxDtls><Refs><EndToEndId>NOREF</EndToEndId><TxId>33083250077423000N</TxId><Prtry><Tp>STO REF</Tp><Ref>0000</Ref></Prtry></Refs><RltdPties><Dbtr><Nm>CRIST SERVICES LTD</Nm><PstlAdr><AdrLine>APS COTTONS CENTRE SE1 2QG</AdrLine><Ctry/></PstlAdr></Dbtr><DbtrAcct><Id><PrtryAcct><Id>08719915886391</Id></PrtryAcct></Id></DbtrAcct><Cdtr><Nm>ION</Nm></Cdtr><CdtrAcct><Id><PrtryAcct><Id>23008200365920</Id></PrtryAcct></Id></CdtrAcct><Prtry><Tp>BADEA</Tp><Pty/></Prtry></RltdPties><RmtInf><Strd><AddtlRmtInf>BADEA</AddtlRmtInf></Strd><Strd><AddtlRmtInf>CRIST SERVICES LTD//BADEA</AddtlRmtInf></Strd></RmtInf><RltdDts><TxDtTm>2018-09-14T08:32:50</TxDtTm></RltdDts><AddtlTxInf>33083250077423000N1020180914826087199</AddtlTxInf></TxDtls><AddtlNtryInf>COMPLETE//0000//001//CREDIT</AddtlNtryInf></Ntry><Ntry><Amt Ccy="GBP">290.00</Amt><CdtDbtInd>CRDT</CdtDbtInd><Sts>BOOK</Sts><BookgDt><Dt>2018-09-14</Dt></BookgDt><BkTxCd><Prtry><Cd>SIP UKBA CR 40269</Cd></Prtry></BkTxCd><TxDtls><Refs><EndToEndId>NOREF</EndToEndId><TxId>28083301579347000N</TxId><Prtry><Tp>STO REF</Tp><Ref>0000</Ref></Prtry></Refs><RltdPties><Dbtr><Nm>RR SKEJA CONSTRUCTION LIMITED</Nm><PstlAdr><AdrLine>APS COTTONS CENTRE SE1 2QG</AdrLine><Ctry/></PstlAdr></Dbtr><DbtrAcct><Id><PrtryAcct><Id>08719958230382</Id></PrtryAcct></Id></DbtrAcct><Cdtr><Nm>RAHIM SULA</Nm></Cdtr><CdtrAcct><Id><PrtryAcct><Id>23008200231180</Id></PrtryAcct></Id></CdtrAcct><Prtry><Tp>RAHIM SULA</Tp><Pty/></Prtry></RltdPties><RmtInf><Strd><AddtlRmtInf>RAHIM SULA</AddtlRmtInf></Strd><Strd><AddtlRmtInf>RR SKEJA CONSTRUCT//RAHIM SULA</AddtlRmtInf></Strd></RmtInf><RltdDts><TxDtTm>2018-09-14T08:33:01</TxDtTm></RltdDts><AddtlTxInf>28083301579347000N1020180914826087199</AddtlTxInf></TxDtls><AddtlNtryInf>COMPLETE//0000//001//CREDIT</AddtlNtryInf></Ntry><Ntry><Amt Ccy="GBP">21.12</Amt><CdtDbtInd>CRDT</CdtDbtInd><Sts>BOOK</Sts><BookgDt><Dt>2018-09-14</Dt></BookgDt><BkTxCd><Prtry><Cd>SIP UKBA CR 40269</Cd></Prtry></BkTxCd><TxDtls><Refs><EndToEndId>NOREF</EndToEndId><TxId>500000000388635248</TxId></Refs><RltdPties><Dbtr><Nm>M Farnham</Nm></Dbtr><DbtrAcct><Id><PrtryAcct><Id>11014111230367</Id></PrtryAcct></Id></DbtrAcct><Cdtr><Nm>MAINE HAIR STUDIO</Nm></Cdtr><CdtrAcct><Id><PrtryAcct><Id>23008200042415</Id></PrtryAcct></Id></CdtrAcct></RltdPties><RmtInf><Strd><AddtlRmtInf>NO REF</AddtlRmtInf></Strd><Strd><AddtlRmtInf>M Farnham//</AddtlRmtInf></Strd></RmtInf><RltdDts><TxDtTm>2018-09-14T08:35:49</TxDtTm></RltdDts><AddtlTxInf>5000000003886352481020180914826110141</AddtlTxInf></TxDtls><AddtlNtryInf>COMPLETE//0000//001//CREDIT</AddtlNtryInf></Ntry><Ntry><Amt Ccy="GBP">340.77</Amt><CdtDbtInd>CRDT</CdtDbtInd><Sts>BOOK</Sts><BookgDt><Dt>2018-09-14</Dt></BookgDt><BkTxCd><Prtry><Cd>FDP UKBA CR 40269</Cd></Prtry></BkTxCd><TxDtls><Refs><EndToEndId>NOREF</EndToEndId><TxId>505257127271319001</TxId><Prtry><Tp>STO REF</Tp><Ref>0000</Ref></Prtry></Refs><RltdPties><Dbtr><Nm>Sanro Accoun</Nm></Dbtr><DbtrAcct><Id><PrtryAcct><Id>40452432613581</Id></PrtryAcct></Id></DbtrAcct><Cdtr><Nm>NIGEL CHIDUKU</Nm></Cdtr><CdtrAcct><Id><PrtryAcct><Id>23008200379526</Id></PrtryAcct></Id></CdtrAcct><Prtry><Tp>IVERS</Tp><Pty/></Prtry></RltdPties><RmtInf><Strd><AddtlRmtInf>NO REF</AddtlRmtInf></Strd><Strd><AddtlRmtInf>Sanro Accoun//IVERS</AddtlRmtInf></Strd></RmtInf><RltdDts><TxDtTm>2018-09-14T08:36:02</TxDtTm></RltdDts><AddtlTxInf>5052571272713190014020180914826404524</AddtlTxInf></TxDtls><AddtlNtryInf>COMPLETE//0000//001//CREDIT</AddtlNtryInf></Ntry><Ntry><Amt Ccy="GBP">0.05</Amt><CdtDbtInd>CRDT</CdtDbtInd><Sts>BOOK</Sts><BookgDt><Dt>2018-09-14</Dt></BookgDt><BkTxCd><Prtry><Cd>SIP UKBA CR 40269</Cd></Prtry></BkTxCd><TxDtls><Refs><EndToEndId>NOREF</EndToEndId><TxId>RP4679961344454400</TxId></Refs><RltdPties><Dbtr><Nm>LUCAS L</Nm></Dbtr><DbtrAcct><Id><PrtryAcct><Id>20709420597066</Id></PrtryAcct></Id></DbtrAcct><Cdtr><Nm>MRS LUCY LUCAS</Nm></Cdtr><CdtrAcct><Id><PrtryAcct><Id>23008200426931</Id></PrtryAcct></Id></CdtrAcct><Prtry><Tp>..</Tp><Pty/></Prtry></RltdPties><RmtInf><Strd><AddtlRmtInf>NO REF</AddtlRmtInf></Strd><Strd><AddtlRmtInf>LUCAS L//..</AddtlRmtInf></Strd></RmtInf><RltdDts><TxDtTm>2018-09-14T08:36:10</TxDtTm></RltdDts><AddtlTxInf>RP46799613444544001020180914826200026</AddtlTxInf></TxDtls><AddtlNtryInf>COMPLETE//0000//001//CREDIT</AddtlNtryInf></Ntry><Ntry><Amt Ccy="GBP">175.41</Amt><CdtDbtInd>CRDT</CdtDbtInd><Sts>BOOK</Sts><BookgDt><Dt>2018-09-14</Dt></BookgDt><BkTxCd><Prtry><Cd>SIP UKBA CR 40269</Cd></Prtry></BkTxCd><TxDtls><Refs><EndToEndId>183361933</EndToEndId><TxId>MF0021396127169A00</TxId></Refs><RltdPties><Dbtr><Nm>FAST UK PARCEL LIMIT</Nm></Dbtr><DbtrAcct><Id><PrtryAcct><Id>20217813575012</Id></PrtryAcct></Id></DbtrAcct><Cdtr><Nm>KADU OLIVEIRA</Nm></Cdtr><CdtrAcct><Id><PrtryAcct><Id>23008200169660</Id></PrtryAcct></Id></CdtrAcct><Prtry><Tp>183361933</Tp><Pty/></Prtry></RltdPties><RmtInf><Strd><RfrdDocInf><RfrdDocTp><Prtry>002</Prtry></RfrdDocTp></RfrdDocInf><AddtlRmtInf>NO REF</AddtlRmtInf></Strd><Strd><AddtlRmtInf>FAST UK PARCEL LIM//183361933</AddtlRmtInf></Strd></RmtInf><RltdDts><TxDtTm>2018-09-14T08:38:21</TxDtTm></RltdDts><AddtlTxInf>MF0021396127169A001020180914826200026</AddtlTxInf></TxDtls><AddtlNtryInf>COMPLETE//0000//001//CREDIT</AddtlNtryInf></Ntry><Ntry><Amt Ccy="GBP">339.90</Amt><CdtDbtInd>CRDT</CdtDbtInd><Sts>BOOK</Sts><BookgDt><Dt>2018-09-14</Dt></BookgDt><BkTxCd><Prtry><Cd>SIP UKBA CR 40269</Cd></Prtry></BkTxCd><TxDtls><Refs><EndToEndId>00153425632BVZSYCF</EndToEndId><TxId>00153425632BVZSYCF</TxId></Refs><RltdPties><Dbtr><Nm>CATHAL BROWNE</Nm></Dbtr><DbtrAcct><Id><PrtryAcct><Id>09012915353076</Id></PrtryAcct></Id></DbtrAcct><Cdtr><Nm>MR CATHAL BROWNE</Nm></Cdtr><CdtrAcct><Id><PrtryAcct><Id>23008200073589</Id></PrtryAcct></Id></CdtrAcct><Prtry><Tp>cash</Tp><Pty/></Prtry></RltdPties><RmtInf><Strd><AddtlRmtInf>NO REF</AddtlRmtInf></Strd><Strd><AddtlRmtInf>CATHAL BROWNE//cash</AddtlRmtInf></Strd></RmtInf><RltdDts><TxDtTm>2018-09-14T08:41:30</TxDtTm></RltdDts><AddtlTxInf>00153425632BVZSYCF1020180914826090129</AddtlTxInf></TxDtls><AddtlNtryInf>COMPLETE//0000//001//CREDIT</AddtlNtryInf></Ntry><Ntry><Amt Ccy="GBP">25.00</Amt><CdtDbtInd>CRDT</CdtDbtInd><Sts>BOOK</Sts><BookgDt><Dt>2018-09-14</Dt></BookgDt><BkTxCd><Prtry><Cd>SIP UKBA CR 40269</Cd></Prtry></BkTxCd><TxDtls><Refs><EndToEndId>NOREF</EndToEndId><TxId>RP4679961345142700</TxId></Refs><RltdPties><Dbtr><Nm>GONDO E+F</Nm></Dbtr><DbtrAcct><Id><PrtryAcct><Id>20492983473252</Id></PrtryAcct></Id></DbtrAcct><Cdtr><Nm>TKGONDOANDASSOCIAT</Nm></Cdtr><CdtrAcct><Id><PrtryAcct><Id>23008200223041</Id></PrtryAcct></Id></CdtrAcct><Prtry><Tp>TRAIN</Tp><Pty/></Prtry></RltdPties><RmtInf><Strd><AddtlRmtInf>NO REF</AddtlRmtInf></Strd><Strd><AddtlRmtInf>GONDO E+F//TRAIN</AddtlRmtInf></Strd></RmtInf><RltdDts><TxDtTm>2018-09-14T08:43:23</TxDtTm></RltdDts><AddtlTxInf>RP46799613451427001020180914826200026</AddtlTxInf></TxDtls><AddtlNtryInf>COMPLETE//0000//001//CREDIT</AddtlNtryInf></Ntry><Ntry><Amt Ccy="GBP">29.00</Amt><CdtDbtInd>CRDT</CdtDbtInd><Sts>BOOK</Sts><BookgDt><Dt>2018-09-14</Dt></BookgDt><BkTxCd><Prtry><Cd>FDP UKBA CR 40269</Cd></Prtry></BkTxCd><TxDtls><Refs><EndToEndId>Y 01S-MQAKW2BK55COVXW00X3WIKNFN</EndToEndId><TxId>PH1000001351411600</TxId></Refs><RltdPties><Dbtr><Nm>Stripe Payments UK Ltd</Nm></Dbtr><DbtrAcct><Id><PrtryAcct><Id>20000023322890</Id></PrtryAcct></Id></DbtrAcct><Cdtr><Nm>DARINA NIKOLOVA</Nm><PstlAdr><AdrLine>50 THORNHILL GARDENS LONDON IG11 9T</AdrLine><AdrLine>X GB</AdrLine><Ctry/></PstlAdr></Cdtr><CdtrAcct><Id><PrtryAcct><Id>23008200016798</Id></PrtryAcct></Id></CdtrAcct><Prtry><Tp>HANDY 01SIHL 0902-</Tp><Pty/></Prtry></RltdPties><RmtInf><Strd><AddtlRmtInf>0909</AddtlRmtInf></Strd><Strd><AddtlRmtInf>Stripe Payments UK//HANDY 01SIHL 0902-</AddtlRmtInf></Strd></RmtInf><RltdDts><TxDtTm>2018-09-14T08:44:03</TxDtTm></RltdDts><AddtlTxInf>PH10000013514116004020180914826203253</AddtlTxInf></TxDtls><AddtlNtryInf>COMPLETE//0000//001//CREDIT</AddtlNtryInf></Ntry><Ntry><Amt Ccy="GBP">10.00</Amt><CdtDbtInd>CRDT</CdtDbtInd><Sts>BOOK</Sts><BookgDt><Dt>2018-09-14</Dt></BookgDt><BkTxCd><Prtry><Cd>SIP UKBA CR 40269</Cd></Prtry></BkTxCd><TxDtls><Refs><EndToEndId>NOREF</EndToEndId><TxId>FP185IPUS99SE288D7</TxId></Refs><RltdPties><Dbtr><Nm>STANLEY CURRIE</Nm></Dbtr><DbtrAcct><Id><PrtryAcct><Id>95028210139629</Id></PrtryAcct></Id></DbtrAcct><Cdtr><Nm>Keith birks</Nm></Cdtr><CdtrAcct><Id><PrtryAcct><Id>23008200443409</Id></PrtryAcct></Id></CdtrAcct><Prtry><Tp>Tracy</Tp><Pty/></Prtry></RltdPties><RmtInf><Strd><AddtlRmtInf>NO REF</AddtlRmtInf></Strd><Strd><AddtlRmtInf>STANLEY CURRIE//Tracy</AddtlRmtInf></Strd></RmtInf><RltdDts><TxDtTm>2018-09-14T08:47:20</TxDtTm></RltdDts><AddtlTxInf>FP185IPUS99SE288D71020180914826301281</AddtlTxInf></TxDtls><AddtlNtryInf>COMPLETE//0000//001//CREDIT</AddtlNtryInf></Ntry><Ntry><Amt Ccy="GBP">530.24</Amt><CdtDbtInd>CRDT</CdtDbtInd><Sts>BOOK</Sts><BookgDt><Dt>2018-09-14</Dt></BookgDt><BkTxCd><Prtry><Cd>FDP UKBA CR 40269</Cd></Prtry></BkTxCd><TxDtls><Refs><EndToEndId>PE-ONHPNMZJ1MIY4OLVUPQSZJUEC2DJ</EndToEndId><TxId>PH1000001353322500</TxId></Refs><RltdPties><Dbtr><Nm>Stripe Payments UK Ltd</Nm></Dbtr><DbtrAcct><Id><PrtryAcct><Id>20000023322890</Id></PrtryAcct></Id></DbtrAcct><Cdtr><Nm>ZEPOS LIMITED</Nm><PstlAdr><AdrLine>BRIARTREE MANOR 130 NEWPORT ROAD CA</AdrLine><AdrLine>RDIFF CF24 1DH GB</AdrLine><Ctry/></PstlAdr></Cdtr><CdtrAcct><Id><PrtryAcct><Id>23008200222251</Id></PrtryAcct></Id></CdtrAcct><Prtry><Tp>STRIPE</Tp><Pty/></Prtry></RltdPties><RmtInf><Strd><AddtlRmtInf>NO REF</AddtlRmtInf></Strd><Strd><AddtlRmtInf>Stripe Payments UK//STRIPE</AddtlRmtInf></Strd></RmtInf><RltdDts><TxDtTm>2018-09-14T08:47:35</TxDtTm></RltdDts><AddtlTxInf>PH10000013533225004020180914826203253</AddtlTxInf></TxDtls><AddtlNtryInf>COMPLETE//0000//001//CREDIT</AddtlNtryInf></Ntry><Ntry><Amt Ccy="GBP">50.00</Amt><CdtDbtInd>CRDT</CdtDbtInd><Sts>BOOK</Sts><BookgDt><Dt>2018-09-14</Dt></BookgDt><BkTxCd><Prtry><Cd>SIP UKBA CR 40269</Cd></Prtry></BkTxCd><TxDtls><Refs><EndToEndId>NOREF</EndToEndId><TxId>RP4679961345544400</TxId></Refs><RltdPties><Dbtr><Nm>STOILOVA REDZHEB</Nm></Dbtr><DbtrAcct><Id><PrtryAcct><Id>20975853781135</Id></PrtryAcct></Id></DbtrAcct><Cdtr><Nm>MRS JD HRISTOVA</Nm></Cdtr><CdtrAcct><Id><PrtryAcct><Id>23008200061264</Id></PrtryAcct></Id></CdtrAcct><Prtry><Tp>MOM</Tp><Pty/></Prtry></RltdPties><RmtInf><Strd><AddtlRmtInf>NO REF</AddtlRmtInf></Strd><Strd><AddtlRmtInf>STOILOVA REDZHEB//MOM</AddtlRmtInf></Strd></RmtInf><RltdDts><TxDtTm>2018-09-14T08:47:45</TxDtTm></RltdDts><AddtlTxInf>RP46799613455444001020180914826200026</AddtlTxInf></TxDtls><AddtlNtryInf>COMPLETE//0000//001//CREDIT</AddtlNtryInf></Ntry><Ntry><Amt Ccy="GBP">0.01</Amt><CdtDbtInd>CRDT</CdtDbtInd><Sts>BOOK</Sts><BookgDt><Dt>2018-09-14</Dt></BookgDt><BkTxCd><Prtry><Cd>SIP UKBA CR 40269</Cd></Prtry></BkTxCd><TxDtls><Refs><EndToEndId>PPRD00000000AN7J8E</EndToEndId><TxId>PPRD00000000AN7J8E</TxId></Refs><RltdPties><Dbtr><Nm>PAYPAL CODE 4969</Nm><PstlAdr><AdrLine>2211 N 1st Street San Jose CA 95131</AdrLine><Ctry/></PstlAdr></Dbtr><DbtrAcct><Id><PrtryAcct><Id>23526285010101</Id></PrtryAcct></Id></DbtrAcct><Cdtr><Nm>Karen Hagen</Nm><PstlAdr><AdrLine>145 Bath Street</AdrLine><Ctry/></PstlAdr></Cdtr><CdtrAcct><Id><PrtryAcct><Id>23008200044651</Id></PrtryAcct></Id></CdtrAcct><Prtry><Tp>PAYPAL CODE 4969</Tp><Pty/></Prtry></RltdPties><RmtInf><Strd><RfrdDocInf><RfrdDocTp><Prtry>002</Prtry></RfrdDocTp></RfrdDocInf><AddtlRmtInf>NO REF</AddtlRmtInf></Strd><Strd><AddtlRmtInf>PAYPAL CODE 4969//PAYPAL CODE 4969</AddtlRmtInf></Strd></RmtInf><RltdDts><TxDtTm>2018-09-14T08:48:23</TxDtTm></RltdDts><AddtlTxInf>PPRD00000000AN7J8E1020180914826235262</AddtlTxInf></TxDtls><AddtlNtryInf>COMPLETE//0000//001//CREDIT</AddtlNtryInf></Ntry><Ntry><Amt Ccy="GBP">85.00</Amt><CdtDbtInd>CRDT</CdtDbtInd><Sts>BOOK</Sts><BookgDt><Dt>2018-09-14</Dt></BookgDt><BkTxCd><Prtry><Cd>SIP UKBA CR 40269</Cd></Prtry></BkTxCd><TxDtls><Refs><EndToEndId>00151071632BBKZMSJ</EndToEndId><TxId>00151071632BBKZMSJ</TxId></Refs><RltdPties><Dbtr><Nm>EMMANUEL IKWUAKO</Nm></Dbtr><DbtrAcct><Id><PrtryAcct><Id>09012889231855</Id></PrtryAcct></Id></DbtrAcct><Cdtr><Nm>JEDIDIAH G L LTD</Nm></Cdtr><CdtrAcct><Id><PrtryAcct><Id>23008200032558</Id></PrtryAcct></Id></CdtrAcct><Prtry><Tp>mr Emmanuel cargo</Tp><Pty/></Prtry></RltdPties><RmtInf><Strd><AddtlRmtInf>NO REF</AddtlRmtInf></Strd><Strd><AddtlRmtInf>EMMANUEL IKWUAKO//mr Emmanuel cargo</AddtlRmtInf></Strd></RmtInf><RltdDts><TxDtTm>2018-09-14T08:51:44</TxDtTm></RltdDts><AddtlTxInf>00151071632BBKZMSJ1020180914826090128</AddtlTxInf></TxDtls><AddtlNtryInf>COMPLETE//0000//001//CREDIT</AddtlNtryInf></Ntry><Ntry><Amt Ccy="GBP">6.80</Amt><CdtDbtInd>CRDT</CdtDbtInd><Sts>BOOK</Sts><BookgDt><Dt>2018-09-14</Dt></BookgDt><BkTxCd><Prtry><Cd>SIP UKBA CR 40269</Cd></Prtry></BkTxCd><TxDtls><Refs><EndToEndId>00156296632BBDCVXZ</EndToEndId><TxId>00156296632BBDCVXZ</TxId></Refs><RltdPties><Dbtr><Nm>AARON BROSTER</Nm></Dbtr><DbtrAcct><Id><PrtryAcct><Id>09012852304421</Id></PrtryAcct></Id></DbtrAcct><Cdtr><Nm>CSA KIRA</Nm></Cdtr><CdtrAcct><Id><PrtryAcct><Id>23008200143522</Id></PrtryAcct></Id></CdtrAcct><Prtry><Tp>csa</Tp><Pty/></Prtry></RltdPties><RmtInf><Strd><AddtlRmtInf>NO REF</AddtlRmtInf></Strd><Strd><AddtlRmtInf>AARON BROSTER//csa</AddtlRmtInf></Strd></RmtInf><RltdDts><TxDtTm>2018-09-14T08:51:48</TxDtTm></RltdDts><AddtlTxInf>00156296632BBDCVXZ1020180914826090128</AddtlTxInf></TxDtls><AddtlNtryInf>COMPLETE//0000//001//CREDIT</AddtlNtryInf></Ntry></Ntfctn></BkToCstmrDbtCdtNtfctnV01></Document>