<?xml version="1.0" encoding="UTF-8"?><Document xmlns:xsi="http://www.w3.org/2001/XMLSchema-instance" xmlns="urn:iso:std:iso:20022:tech:xsd:camt.054.001.01"><BkToCstmrDbtCdtNtfctnV01><GrpHdr><MsgId>80309K//12949</MsgId><CreDtTm>2018-09-17T03:00:00</CreDtTm></GrpHdr><Ntfctn><Id>80309K//12949//1</Id><CreDtTm>2018-09-17T03:00:00</CreDtTm><Acct><Id><PrtryAcct><Id>20594233939774</Id></PrtryAcct></Id><Ccy>GBP</Ccy></Acct><TxsSummry><TtlNtries><NbOfNtries>1</NbOfNtries><Sum>235.00</Sum></TtlNtries><TtlCdtNtries><NbOfNtries>1</NbOfNtries><Sum>235.00</Sum></TtlCdtNtries><TtlDbtNtries><NbOfNtries>0</NbOfNtries><Sum>0.00</Sum></TtlDbtNtries></TxsSummry><Ntry><Amt Ccy="GBP">235.00</Amt><CdtDbtInd>CRDT</CdtDbtInd><Sts>BOOK</Sts><BookgDt><Dt>2018-09-17</Dt></BookgDt><BkTxCd><Prtry><Cd>SIP UKBA CR 40269</Cd></Prtry></BkTxCd><TxDtls><Refs><EndToEndId>NOREF</EndToEndId><TxId>600000000389070339</TxId></Refs><RltdPties><Dbtr><Nm>I Khan</Nm></Dbtr><DbtrAcct><Id><PrtryAcct><Id>30961817030568</Id></PrtryAcct></Id></DbtrAcct><Cdtr><Nm>NAT</Nm></Cdtr><CdtrAcct><Id><PrtryAcct><Id>23008200187243</Id></PrtryAcct></Id></CdtrAcct><Prtry><Tp>WAGES 17.9.18</Tp><Pty/></Prtry></RltdPties><RmtInf><Strd><AddtlRmtInf>NO REF</AddtlRmtInf></Strd><Strd><AddtlRmtInf>I Khan//WAGES 17.9.18</AddtlRmtInf></Strd></RmtInf><RltdDts><TxDtTm>2018-09-17T02:41:05</TxDtTm></RltdDts><AddtlTxInf>6000000003890703391020180917826309618</AddtlTxInf></TxDtls><AddtlNtryInf>COMPLETE//0000//003//CREDIT</AddtlNtryInf></Ntry></Ntfctn></BkToCstmrDbtCdtNtfctnV01></Document>