<?xml version="1.0" encoding="UTF-8"?><Document xmlns:xsi="http://www.w3.org/2001/XMLSchema-instance" xmlns="urn:iso:std:iso:20022:tech:xsd:camt.054.001.01"><BkToCstmrDbtCdtNtfctnV01><GrpHdr><MsgId>80309K//13353</MsgId><CreDtTm>2018-09-26T12:00:00</CreDtTm></GrpHdr><Ntfctn><Id>80309K//13353//1</Id><CreDtTm>2018-09-26T12:00:00</CreDtTm><Acct><Id><PrtryAcct><Id>20594233939774</Id></PrtryAcct></Id><Ccy>GBP</Ccy></Acct><TxsSummry><TtlNtries><NbOfNtries>13</NbOfNtries><Sum>2333.80</Sum></TtlNtries><TtlCdtNtries><NbOfNtries>13</NbOfNtries><Sum>2333.80</Sum></TtlCdtNtries><TtlDbtNtries><NbOfNtries>0</NbOfNtries><Sum>0.00</Sum></TtlDbtNtries></TxsSummry><Ntry><Amt Ccy="GBP">10.00</Amt><CdtDbtInd>CRDT</CdtDbtInd><Sts>BOOK</Sts><BookgDt><Dt>2018-09-26</Dt></BookgDt><BkTxCd><Prtry><Cd>SIP UKBA CR 40269</Cd></Prtry></BkTxCd><TxDtls><Refs><EndToEndId>NOREF</EndToEndId><TxId>180926113147362942</TxId></Refs><RltdPties><Dbtr><Nm>Ty Whitehead</Nm></Dbtr><DbtrAcct><Id><PrtryAcct><Id>77741525244668</Id></PrtryAcct></Id></DbtrAcct><Cdtr><Nm>Chelsea Whitehead</Nm></Cdtr><CdtrAcct><Id><PrtryAcct><Id>23008200021049</Id></PrtryAcct></Id></CdtrAcct><Prtry><Tp>D PAYMENT</Tp><Pty/></Prtry></RltdPties><RmtInf><Strd><AddtlRmtInf>NO REF</AddtlRmtInf></Strd><Strd><AddtlRmtInf>Ty Whitehead//D PAYMENT</AddtlRmtInf></Strd></RmtInf><RltdDts><TxDtTm>2018-09-26T11:31:44</TxDtTm></RltdDts><AddtlTxInf>1809261131473629421020180926826777415</AddtlTxInf></TxDtls><AddtlNtryInf>COMPLETE//0000//001//CREDIT</AddtlNtryInf></Ntry><Ntry><Amt Ccy="GBP">0.01</Amt><CdtDbtInd>CRDT</CdtDbtInd><Sts>BOOK</Sts><BookgDt><Dt>2018-09-26</Dt></BookgDt><BkTxCd><Prtry><Cd>SIP UKBA CR 40269</Cd></Prtry></BkTxCd><TxDtls><Refs><EndToEndId>PPRD00000000AQ9YJE</EndToEndId><TxId>PPRD00000000AQ9YJE</TxId></Refs><RltdPties><Dbtr><Nm>PAYPAL CODE 6018</Nm><PstlAdr><AdrLine>2211 N 1st Street San Jose CA 95131</AdrLine><Ctry/></PstlAdr></Dbtr><DbtrAcct><Id><PrtryAcct><Id>23526285010101</Id></PrtryAcct></Id></DbtrAcct><Cdtr><Nm>David Roff</Nm><PstlAdr><AdrLine>25 Eastfield Road</AdrLine><Ctry/></PstlAdr></Cdtr><CdtrAcct><Id><PrtryAcct><Id>23008200467920</Id></PrtryAcct></Id></CdtrAcct><Prtry><Tp>PAYPAL CODE 6018</Tp><Pty/></Prtry></RltdPties><RmtInf><Strd><RfrdDocInf><RfrdDocTp><Prtry>002</Prtry></RfrdDocTp></RfrdDocInf><AddtlRmtInf>NO REF</AddtlRmtInf></Strd><Strd><AddtlRmtInf>PAYPAL CODE 6018//PAYPAL CODE 6018</AddtlRmtInf></Strd></RmtInf><RltdDts><TxDtTm>2018-09-26T11:37:23</TxDtTm></RltdDts><AddtlTxInf>PPRD00000000AQ9YJE1020180926826235262</AddtlTxInf></TxDtls><AddtlNtryInf>COMPLETE//0000//001//CREDIT</AddtlNtryInf></Ntry><Ntry><Amt Ccy="GBP">80.00</Amt><CdtDbtInd>CRDT</CdtDbtInd><Sts>BOOK</Sts><BookgDt><Dt>2018-09-26</Dt></BookgDt><BkTxCd><Prtry><Cd>SIP UKBA CR 40269</Cd></Prtry></BkTxCd><TxDtls><Refs><EndToEndId>00151171632BBJBPCV</EndToEndId><TxId>00151171632BBJBPCV</TxId></Refs><RltdPties><Dbtr><Nm>CEMILE KILINC-DOLLERY</Nm></Dbtr><DbtrAcct><Id><PrtryAcct><Id>09012703706945</Id></PrtryAcct></Id></DbtrAcct><Cdtr><Nm>BAEMMS</Nm></Cdtr><CdtrAcct><Id><PrtryAcct><Id>23008200223303</Id></PrtryAcct></Id></CdtrAcct><Prtry><Tp>lisa jones</Tp><Pty/></Prtry></RltdPties><RmtInf><Strd><AddtlRmtInf>NO REF</AddtlRmtInf></Strd><Strd><AddtlRmtInf>CEMILE KILINC-DOLL//lisa jones</AddtlRmtInf></Strd></RmtInf><RltdDts><TxDtTm>2018-09-26T11:40:16</TxDtTm></RltdDts><AddtlTxInf>00151171632BBJBPCV1020180926826090127</AddtlTxInf></TxDtls><AddtlNtryInf>COMPLETE//0000//001//CREDIT</AddtlNtryInf></Ntry><Ntry><Amt Ccy="GBP">84.78</Amt><CdtDbtInd>CRDT</CdtDbtInd><Sts>BOOK</Sts><BookgDt><Dt>2018-09-26</Dt></BookgDt><BkTxCd><Prtry><Cd>SIP UKBA CR 40269</Cd></Prtry></BkTxCd><TxDtls><Refs><EndToEndId>NOREF</EndToEndId><TxId>RP4679962278347900</TxId></Refs><RltdPties><Dbtr><Nm>BUCKLES G</Nm></Dbtr><DbtrAcct><Id><PrtryAcct><Id>20709410251542</Id></PrtryAcct></Id></DbtrAcct><Cdtr><Nm>ARRO BLACK BUSINES</Nm></Cdtr><CdtrAcct><Id><PrtryAcct><Id>23008200222915</Id></PrtryAcct></Id></CdtrAcct><Prtry><Tp>CARD</Tp><Pty/></Prtry></RltdPties><RmtInf><Strd><AddtlRmtInf>NO REF</AddtlRmtInf></Strd><Strd><AddtlRmtInf>BUCKLES G//CARD</AddtlRmtInf></Strd></RmtInf><RltdDts><TxDtTm>2018-09-26T11:41:03</TxDtTm></RltdDts><AddtlTxInf>RP46799622783479001020180926826200026</AddtlTxInf></TxDtls><AddtlNtryInf>COMPLETE//0000//001//CREDIT</AddtlNtryInf></Ntry><Ntry><Amt Ccy="GBP">499.99</Amt><CdtDbtInd>CRDT</CdtDbtInd><Sts>BOOK</Sts><BookgDt><Dt>2018-09-26</Dt></BookgDt><BkTxCd><Prtry><Cd>SIP UKBA CR 40269</Cd></Prtry></BkTxCd><TxDtls><Refs><EndToEndId>NOREF</EndToEndId><TxId>YBBPI1141162507340</TxId></Refs><RltdPties><Dbtr><Nm>PAULINE BARNATT</Nm></Dbtr><DbtrAcct><Id><PrtryAcct><Id>05044528590825</Id></PrtryAcct></Id></DbtrAcct><Cdtr><Nm>Bn</Nm></Cdtr><CdtrAcct><Id><PrtryAcct><Id>23008200291846</Id></PrtryAcct></Id></CdtrAcct><Prtry><Tp>Thanks</Tp><Pty/></Prtry></RltdPties><RmtInf><Strd><RfrdDocInf><RfrdDocTp><Prtry>002</Prtry></RfrdDocTp></RfrdDocInf><AddtlRmtInf>NO REF</AddtlRmtInf></Strd><Strd><AddtlRmtInf>PAULINE BARNATT//Thanks</AddtlRmtInf></Strd></RmtInf><RltdDts><TxDtTm>2018-09-26T11:41:17</TxDtTm></RltdDts><AddtlTxInf>YBBPI11411625073401020180926826050445</AddtlTxInf></TxDtls><AddtlNtryInf>COMPLETE//0000//001//CREDIT</AddtlNtryInf></Ntry><Ntry><Amt Ccy="GBP">90.00</Amt><CdtDbtInd>CRDT</CdtDbtInd><Sts>BOOK</Sts><BookgDt><Dt>2018-09-26</Dt></BookgDt><BkTxCd><Prtry><Cd>SIP UKBA CR 40269</Cd></Prtry></BkTxCd><TxDtls><Refs><EndToEndId>MY</EndToEndId><TxId>07114423168984000R</TxId><Prtry><Tp>STO REF</Tp><Ref>0000</Ref></Prtry></Refs><RltdPties><Dbtr><Nm>LIVESEY SW</Nm></Dbtr><DbtrAcct><Id><PrtryAcct><Id>16281611095146</Id></PrtryAcct></Id></DbtrAcct><Cdtr><Nm>REBECCA FORTEY</Nm></Cdtr><CdtrAcct><Id><PrtryAcct><Id>23008200167646</Id></PrtryAcct></Id></CdtrAcct><Prtry><Tp>MY</Tp><Pty/></Prtry></RltdPties><RmtInf><Strd><AddtlRmtInf>LIVESEY SW        MY                VIA MOBILE - LVP</AddtlRmtInf></Strd><Strd><AddtlRmtInf>LIVESEY SW//MY</AddtlRmtInf></Strd></RmtInf><RltdDts><TxDtTm>2018-09-26T11:44:23</TxDtTm></RltdDts><AddtlTxInf>07114423168984000R1020180926826162816</AddtlTxInf></TxDtls><AddtlNtryInf>COMPLETE//0000//001//CREDIT</AddtlNtryInf></Ntry><Ntry><Amt Ccy="GBP">348.00</Amt><CdtDbtInd>CRDT</CdtDbtInd><Sts>BOOK</Sts><BookgDt><Dt>2018-09-26</Dt></BookgDt><BkTxCd><Prtry><Cd>SIP UKBA CR 40269</Cd></Prtry></BkTxCd><TxDtls><Refs><EndToEndId>NOREF</EndToEndId><TxId>26114432484262000N</TxId><Prtry><Tp>STO REF</Tp><Ref>0000</Ref></Prtry></Refs><RltdPties><Dbtr><Nm>DWPGB UC FASTER PA</Nm></Dbtr><DbtrAcct><Id><PrtryAcct><Id>60708010025855</Id></PrtryAcct></Id></DbtrAcct><Cdtr><Nm>SULEMAN AHMED</Nm></Cdtr><CdtrAcct><Id><PrtryAcct><Id>23008200427541</Id></PrtryAcct></Id></CdtrAcct><Prtry><Tp>000R67I9M DWP UC</Tp><Pty/></Prtry></RltdPties><RmtInf><Strd><AddtlRmtInf>000R67I9M DWP UC</AddtlRmtInf></Strd><Strd><AddtlRmtInf>DWPGB UC FASTER PA//000R67I9M DWP UC</AddtlRmtInf></Strd></RmtInf><RltdDts><TxDtTm>2018-09-26T11:44:33</TxDtTm></RltdDts><AddtlTxInf>26114432484262000N1020180926826607080</AddtlTxInf></TxDtls><AddtlNtryInf>COMPLETE//0000//001//CREDIT</AddtlNtryInf></Ntry><Ntry><Amt Ccy="GBP">0.01</Amt><CdtDbtInd>CRDT</CdtDbtInd><Sts>BOOK</Sts><BookgDt><Dt>2018-09-26</Dt></BookgDt><BkTxCd><Prtry><Cd>SIP UKBA CR 40269</Cd></Prtry></BkTxCd><TxDtls><Refs><EndToEndId>PPRD00000000AQA1PG</EndToEndId><TxId>PPRD00000000AQA1PG</TxId></Refs><RltdPties><Dbtr><Nm>PAYPAL CODE 8687</Nm><PstlAdr><AdrLine>2211 N 1st Street San Jose CA 95131</AdrLine><Ctry/></PstlAdr></Dbtr><DbtrAcct><Id><PrtryAcct><Id>23526285010101</Id></PrtryAcct></Id></DbtrAcct><Cdtr><Nm>Miss Brandese Nicole Hopkinson</Nm><PstlAdr><AdrLine>32 Oakdale Avenue</AdrLine><Ctry/></PstlAdr></Cdtr><CdtrAcct><Id><PrtryAcct><Id>23008200467988</Id></PrtryAcct></Id></CdtrAcct><Prtry><Tp>PAYPAL CODE 8687</Tp><Pty/></Prtry></RltdPties><RmtInf><Strd><RfrdDocInf><RfrdDocTp><Prtry>002</Prtry></RfrdDocTp></RfrdDocInf><AddtlRmtInf>NO REF</AddtlRmtInf></Strd><Strd><AddtlRmtInf>PAYPAL CODE 8687//PAYPAL CODE 8687</AddtlRmtInf></Strd></RmtInf><RltdDts><TxDtTm>2018-09-26T11:46:32</TxDtTm></RltdDts><AddtlTxInf>PPRD00000000AQA1PG1020180926826235262</AddtlTxInf></TxDtls><AddtlNtryInf>COMPLETE//0000//001//CREDIT</AddtlNtryInf></Ntry><Ntry><Amt Ccy="GBP">200.00</Amt><CdtDbtInd>CRDT</CdtDbtInd><Sts>BOOK</Sts><BookgDt><Dt>2018-09-26</Dt></BookgDt><BkTxCd><Prtry><Cd>SIP UKBA CR 40269</Cd></Prtry></BkTxCd><TxDtls><Refs><EndToEndId>NOREF</EndToEndId><TxId>RP4659985350620300</TxId></Refs><RltdPties><Dbtr><Nm>SECURE FM LTD</Nm></Dbtr><DbtrAcct><Id><PrtryAcct><Id>20454550932698</Id></PrtryAcct></Id></DbtrAcct><Cdtr><Nm>RELLIEF SECURE</Nm></Cdtr><CdtrAcct><Id><PrtryAcct><Id>23008200031623</Id></PrtryAcct></Id></CdtrAcct><Prtry><Tp>PAYMENT</Tp><Pty/></Prtry></RltdPties><RmtInf><Strd><AddtlRmtInf>NO REF</AddtlRmtInf></Strd><Strd><AddtlRmtInf>SECURE FM LTD//PAYMENT</AddtlRmtInf></Strd></RmtInf><RltdDts><TxDtTm>2018-09-26T11:47:32</TxDtTm></RltdDts><AddtlTxInf>RP46599853506203001020180926826200026</AddtlTxInf></TxDtls><AddtlNtryInf>COMPLETE//0000//001//CREDIT</AddtlNtryInf></Ntry><Ntry><Amt Ccy="GBP">1.00</Amt><CdtDbtInd>CRDT</CdtDbtInd><Sts>BOOK</Sts><BookgDt><Dt>2018-09-26</Dt></BookgDt><BkTxCd><Prtry><Cd>SIP UKBA CR 40269</Cd></Prtry></BkTxCd><TxDtls><Refs><EndToEndId>NOREF</EndToEndId><TxId>PE2SW3R122962RTWLT</TxId></Refs><RltdPties><Dbtr><Nm>Jaimal Mistry</Nm><PstlAdr><AdrLine>13 Sheridan St, WS2 9QU</AdrLine><Ctry/></PstlAdr></Dbtr><DbtrAcct><Id><PrtryAcct><Id>04000452867364</Id></PrtryAcct></Id></DbtrAcct><Cdtr><Nm>jai arrow</Nm></Cdtr><CdtrAcct><Id><PrtryAcct><Id>23008200344419</Id></PrtryAcct></Id></CdtrAcct></RltdPties><RmtInf><Strd><AddtlRmtInf>NO REF</AddtlRmtInf></Strd><Strd><AddtlRmtInf>Jaimal Mistry//</AddtlRmtInf></Strd></RmtInf><RltdDts><TxDtTm>2018-09-26T11:48:19</TxDtTm></RltdDts><AddtlTxInf>PE2SW3R122962RTWLT1020180926826040004</AddtlTxInf></TxDtls><AddtlNtryInf>COMPLETE//0000//001//CREDIT</AddtlNtryInf></Ntry><Ntry><Amt Ccy="GBP">20.00</Amt><CdtDbtInd>CRDT</CdtDbtInd><Sts>BOOK</Sts><BookgDt><Dt>2018-09-26</Dt></BookgDt><BkTxCd><Prtry><Cd>SIP UKBA CR 40269</Cd></Prtry></BkTxCd><TxDtls><Refs><EndToEndId>NOREF</EndToEndId><TxId>RP4659985350902300</TxId></Refs><RltdPties><Dbtr><Nm>MOORE A M</Nm></Dbtr><DbtrAcct><Id><PrtryAcct><Id>20622760194859</Id></PrtryAcct></Id></DbtrAcct><Cdtr><Nm>LUCY</Nm></Cdtr><CdtrAcct><Id><PrtryAcct><Id>23008200438452</Id></PrtryAcct></Id></CdtrAcct><Prtry><Tp>AM</Tp><Pty/></Prtry></RltdPties><RmtInf><Strd><AddtlRmtInf>NO REF</AddtlRmtInf></Strd><Strd><AddtlRmtInf>MOORE A M//AM</AddtlRmtInf></Strd></RmtInf><RltdDts><TxDtTm>2018-09-26T11:50:57</TxDtTm></RltdDts><AddtlTxInf>RP46599853509023001020180926826200026</AddtlTxInf></TxDtls><AddtlNtryInf>COMPLETE//0000//001//CREDIT</AddtlNtryInf></Ntry><Ntry><Amt Ccy="GBP">0.01</Amt><CdtDbtInd>CRDT</CdtDbtInd><Sts>BOOK</Sts><BookgDt><Dt>2018-09-26</Dt></BookgDt><BkTxCd><Prtry><Cd>SIP UKBA CR 40269</Cd></Prtry></BkTxCd><TxDtls><Refs><EndToEndId>PPRD00000000AQA486</EndToEndId><TxId>PPRD00000000AQA486</TxId></Refs><RltdPties><Dbtr><Nm>PAYPAL CODE 4393</Nm><PstlAdr><AdrLine>2211 N 1st Street San Jose CA 95131</AdrLine><Ctry/></PstlAdr></Dbtr><DbtrAcct><Id><PrtryAcct><Id>23526285010101</Id></PrtryAcct></Id></DbtrAcct><Cdtr><Nm>Kerry morgan</Nm><PstlAdr><AdrLine>35 Highbank</AdrLine><Ctry/></PstlAdr></Cdtr><CdtrAcct><Id><PrtryAcct><Id>23008200321741</Id></PrtryAcct></Id></CdtrAcct><Prtry><Tp>PAYPAL CODE 4393</Tp><Pty/></Prtry></RltdPties><RmtInf><Strd><RfrdDocInf><RfrdDocTp><Prtry>002</Prtry></RfrdDocTp></RfrdDocInf><AddtlRmtInf>NO REF</AddtlRmtInf></Strd><Strd><AddtlRmtInf>PAYPAL CODE 4393//PAYPAL CODE 4393</AddtlRmtInf></Strd></RmtInf><RltdDts><TxDtTm>2018-09-26T11:53:50</TxDtTm></RltdDts><AddtlTxInf>PPRD00000000AQA4861020180926826235262</AddtlTxInf></TxDtls><AddtlNtryInf>COMPLETE//0000//001//CREDIT</AddtlNtryInf></Ntry><Ntry><Amt Ccy="GBP">1000.00</Amt><CdtDbtInd>CRDT</CdtDbtInd><Sts>BOOK</Sts><BookgDt><Dt>2018-09-26</Dt></BookgDt><BkTxCd><Prtry><Cd>SIP UKBA CR 40269</Cd></Prtry></BkTxCd><TxDtls><Refs><EndToEndId>NOREF</EndToEndId><TxId>RP4659985351239700</TxId></Refs><RltdPties><Dbtr><Nm>OWEN  V</Nm></Dbtr><DbtrAcct><Id><PrtryAcct><Id>20262093157164</Id></PrtryAcct></Id></DbtrAcct><Cdtr><Nm>TRAVEL CENTER</Nm></Cdtr><CdtrAcct><Id><PrtryAcct><Id>23008200223308</Id></PrtryAcct></Id></CdtrAcct><Prtry><Tp>VICTORIAOWENTICKET</Tp><Pty/></Prtry></RltdPties><RmtInf><Strd><AddtlRmtInf>NO REF</AddtlRmtInf></Strd><Strd><AddtlRmtInf>OWEN  V//VICTORIAOWENTICKET</AddtlRmtInf></Strd></RmtInf><RltdDts><TxDtTm>2018-09-26T11:55:11</TxDtTm></RltdDts><AddtlTxInf>RP46599853512397001020180926826200026</AddtlTxInf></TxDtls><AddtlNtryInf>COMPLETE//0000//001//CREDIT</AddtlNtryInf></Ntry></Ntfctn></BkToCstmrDbtCdtNtfctnV01></Document>