<?xml version="1.0" encoding="UTF-8"?><Document xmlns:xsi="http://www.w3.org/2001/XMLSchema-instance" xmlns="urn:iso:std:iso:20022:tech:xsd:camt.054.001.01"><BkToCstmrDbtCdtNtfctnV01><GrpHdr><MsgId>80309K//13365</MsgId><CreDtTm>2018-09-26T18:00:00</CreDtTm></GrpHdr><Ntfctn><Id>80309K//13365//1</Id><CreDtTm>2018-09-26T18:00:00</CreDtTm><Acct><Id><PrtryAcct><Id>20594233939774</Id></PrtryAcct></Id><Ccy>GBP</Ccy></Acct><TxsSummry><TtlNtries><NbOfNtries>13</NbOfNtries><Sum>9176.87</Sum></TtlNtries><TtlCdtNtries><NbOfNtries>13</NbOfNtries><Sum>9176.87</Sum></TtlCdtNtries><TtlDbtNtries><NbOfNtries>0</NbOfNtries><Sum>0.00</Sum></TtlDbtNtries></TxsSummry><Ntry><Amt Ccy="GBP">176.00</Amt><CdtDbtInd>CRDT</CdtDbtInd><Sts>BOOK</Sts><BookgDt><Dt>2018-09-26</Dt></BookgDt><BkTxCd><Prtry><Cd>SIP UKBA CR 40269</Cd></Prtry></BkTxCd><TxDtls><Refs><EndToEndId>GRANDDAD</EndToEndId><TxId>12173219269579000N</TxId><Prtry><Tp>STO REF</Tp><Ref>0000</Ref></Prtry></Refs><RltdPties><Dbtr><Nm>RYDER DS</Nm></Dbtr><DbtrAcct><Id><PrtryAcct><Id>01056307296665</Id></PrtryAcct></Id></DbtrAcct><Cdtr><Nm>DENE STOREY</Nm></Cdtr><CdtrAcct><Id><PrtryAcct><Id>23008200189204</Id></PrtryAcct></Id></CdtrAcct><Prtry><Tp>GRANDDAD</Tp><Pty/></Prtry></RltdPties><RmtInf><Strd><AddtlRmtInf>RYDER DS          GRANDDAD          VIA ONLINE - PYMT</AddtlRmtInf></Strd><Strd><AddtlRmtInf>RYDER DS//GRANDDAD</AddtlRmtInf></Strd></RmtInf><RltdDts><TxDtTm>2018-09-26T17:32:19</TxDtTm></RltdDts><AddtlTxInf>12173219269579000N1020180926826010563</AddtlTxInf></TxDtls><AddtlNtryInf>COMPLETE//0000//003//CREDIT</AddtlNtryInf></Ntry><Ntry><Amt Ccy="GBP">20.00</Amt><CdtDbtInd>CRDT</CdtDbtInd><Sts>BOOK</Sts><BookgDt><Dt>2018-09-26</Dt></BookgDt><BkTxCd><Prtry><Cd>SIP UKBA CR 40269</Cd></Prtry></BkTxCd><TxDtls><Refs><EndToEndId>DINNER</EndToEndId><TxId>41173348792400000N</TxId><Prtry><Tp>STO REF</Tp><Ref>0000</Ref></Prtry></Refs><RltdPties><Dbtr><Nm>GLOVER SN</Nm></Dbtr><DbtrAcct><Id><PrtryAcct><Id>01003911858451</Id></PrtryAcct></Id></DbtrAcct><Cdtr><Nm>DANIEL GLOVER</Nm></Cdtr><CdtrAcct><Id><PrtryAcct><Id>23008200154536</Id></PrtryAcct></Id></CdtrAcct><Prtry><Tp>DINNER</Tp><Pty/></Prtry></RltdPties><RmtInf><Strd><AddtlRmtInf>GLOVER SN         DINNER            VIA MOBILE - LVP</AddtlRmtInf></Strd><Strd><AddtlRmtInf>GLOVER SN//DINNER</AddtlRmtInf></Strd></RmtInf><RltdDts><TxDtTm>2018-09-26T17:33:49</TxDtTm></RltdDts><AddtlTxInf>41173348792400000N1020180926826010039</AddtlTxInf></TxDtls><AddtlNtryInf>COMPLETE//0000//003//CREDIT</AddtlNtryInf></Ntry><Ntry><Amt Ccy="GBP">673.42</Amt><CdtDbtInd>CRDT</CdtDbtInd><Sts>BOOK</Sts><BookgDt><Dt>2018-09-26</Dt></BookgDt><BkTxCd><Prtry><Cd>FDP UKBA CR 40269</Cd></Prtry></BkTxCd><TxDtls><Refs><EndToEndId>NOREF</EndToEndId><TxId>2130275053716317CN</TxId><Prtry><Tp>STO REF</Tp><Ref>0000</Ref></Prtry></Refs><RltdPties><Dbtr><Nm>Sumup Payments Ltd</Nm><PstlAdr><AdrLine>Sumup Payments Ltd</AdrLine><Ctry/></PstlAdr></Dbtr><DbtrAcct><Id><PrtryAcct><Id>23848204521004</Id></PrtryAcct></Id></DbtrAcct><Cdtr><Nm>KEEPING SERVICES LIMITED</Nm></Cdtr><CdtrAcct><Id><PrtryAcct><Id>23008200038031</Id></PrtryAcct></Id></CdtrAcct><Prtry><Tp>PID22013-SUMUP</Tp><Pty/></Prtry></RltdPties><RmtInf><Strd><AddtlRmtInf>NO REF</AddtlRmtInf></Strd><Strd><AddtlRmtInf>Sumup Payments Ltd//PID22013-SUMUP</AddtlRmtInf></Strd></RmtInf><RltdDts><TxDtTm>2018-09-26T17:35:06</TxDtTm></RltdDts><AddtlTxInf>2130275053716317CN4020180926826400250</AddtlTxInf></TxDtls><AddtlNtryInf>COMPLETE//0000//003//CREDIT</AddtlNtryInf></Ntry><Ntry><Amt Ccy="GBP">250.00</Amt><CdtDbtInd>CRDT</CdtDbtInd><Sts>BOOK</Sts><BookgDt><Dt>2018-09-26</Dt></BookgDt><BkTxCd><Prtry><Cd>SIP UKBA CR 40269</Cd></Prtry></BkTxCd><TxDtls><Refs><EndToEndId>NOREF</EndToEndId><TxId>600000000391815552</TxId></Refs><RltdPties><Dbtr><Nm>R Banuve</Nm></Dbtr><DbtrAcct><Id><PrtryAcct><Id>30997844911568</Id></PrtryAcct></Id></DbtrAcct><Cdtr><Nm>MR RATU BANUVE</Nm></Cdtr><CdtrAcct><Id><PrtryAcct><Id>23008200457701</Id></PrtryAcct></Id></CdtrAcct><Prtry><Tp>LLOYDS ARRO</Tp><Pty/></Prtry></RltdPties><RmtInf><Strd><AddtlRmtInf>NO REF</AddtlRmtInf></Strd><Strd><AddtlRmtInf>R Banuve//LLOYDS ARRO</AddtlRmtInf></Strd></RmtInf><RltdDts><TxDtTm>2018-09-26T17:36:12</TxDtTm></RltdDts><AddtlTxInf>6000000003918155521020180926826309978</AddtlTxInf></TxDtls><AddtlNtryInf>COMPLETE//0000//003//CREDIT</AddtlNtryInf></Ntry><Ntry><Amt Ccy="GBP">5.00</Amt><CdtDbtInd>CRDT</CdtDbtInd><Sts>BOOK</Sts><BookgDt><Dt>2018-09-26</Dt></BookgDt><BkTxCd><Prtry><Cd>SIP UKBA CR 40269</Cd></Prtry></BkTxCd><TxDtls><Refs><EndToEndId>SAM</EndToEndId><TxId>62174248162603000N</TxId><Prtry><Tp>STO REF</Tp><Ref>0000</Ref></Prtry></Refs><RltdPties><Dbtr><Nm>DANCE KM</Nm></Dbtr><DbtrAcct><Id><PrtryAcct><Id>55811986663798</Id></PrtryAcct></Id></DbtrAcct><Cdtr><Nm>MISS S GALLAGHER</Nm></Cdtr><CdtrAcct><Id><PrtryAcct><Id>23008200155543</Id></PrtryAcct></Id></CdtrAcct><Prtry><Tp>SAM</Tp><Pty/></Prtry></RltdPties><RmtInf><Strd><AddtlRmtInf>DANCE KM          SAM               VIA MOBILE - LVP</AddtlRmtInf></Strd><Strd><AddtlRmtInf>DANCE KM//SAM</AddtlRmtInf></Strd></RmtInf><RltdDts><TxDtTm>2018-09-26T17:42:48</TxDtTm></RltdDts><AddtlTxInf>62174248162603000N1020180926826558119</AddtlTxInf></TxDtls><AddtlNtryInf>COMPLETE//0000//003//CREDIT</AddtlNtryInf></Ntry><Ntry><Amt Ccy="GBP">50.00</Amt><CdtDbtInd>CRDT</CdtDbtInd><Sts>BOOK</Sts><BookgDt><Dt>2018-09-26</Dt></BookgDt><BkTxCd><Prtry><Cd>SIP UKBA CR 40269</Cd></Prtry></BkTxCd><TxDtls><Refs><EndToEndId>PPWD00000000AQDCSI</EndToEndId><TxId>PPWD00000000AQDCSI</TxId></Refs><RltdPties><Dbtr><Nm>PayPal</Nm><PstlAdr><AdrLine>2211 N 1st Street San Jose CA 95131</AdrLine><Ctry/></PstlAdr></Dbtr><DbtrAcct><Id><PrtryAcct><Id>23526278959595</Id></PrtryAcct></Id></DbtrAcct><Cdtr><Nm>gurjeet kaur</Nm><PstlAdr><AdrLine>southall ladymargaret road</AdrLine><Ctry/></PstlAdr></Cdtr><CdtrAcct><Id><PrtryAcct><Id>23008200409220</Id></PrtryAcct></Id></CdtrAcct><Prtry><Tp>PPWDL5CR22ALDLYBQS</Tp><Pty/></Prtry></RltdPties><RmtInf><Strd><RfrdDocInf><RfrdDocTp><Prtry>002</Prtry></RfrdDocTp></RfrdDocInf><AddtlRmtInf>NO REF</AddtlRmtInf></Strd><Strd><AddtlRmtInf>PayPal//PPWDL5CR22ALDLYBQS</AddtlRmtInf></Strd></RmtInf><RltdDts><TxDtTm>2018-09-26T17:46:13</TxDtTm></RltdDts><AddtlTxInf>PPWD00000000AQDCSI1020180926826235262</AddtlTxInf></TxDtls><AddtlNtryInf>COMPLETE//0000//003//CREDIT</AddtlNtryInf></Ntry><Ntry><Amt Ccy="GBP">10.00</Amt><CdtDbtInd>CRDT</CdtDbtInd><Sts>BOOK</Sts><BookgDt><Dt>2018-09-26</Dt></BookgDt><BkTxCd><Prtry><Cd>SIP UKBA CR 40269</Cd></Prtry></BkTxCd><TxDtls><Refs><EndToEndId>NOREF</EndToEndId><TxId>600000000391818231</TxId></Refs><RltdPties><Dbtr><Nm>M Sascau</Nm></Dbtr><DbtrAcct><Id><PrtryAcct><Id>77221243762160</Id></PrtryAcct></Id></DbtrAcct><Cdtr><Nm>MADA</Nm></Cdtr><CdtrAcct><Id><PrtryAcct><Id>23008200205029</Id></PrtryAcct></Id></CdtrAcct><Prtry><Tp>M</Tp><Pty/></Prtry></RltdPties><RmtInf><Strd><AddtlRmtInf>NO REF</AddtlRmtInf></Strd><Strd><AddtlRmtInf>M Sascau//M</AddtlRmtInf></Strd></RmtInf><RltdDts><TxDtTm>2018-09-26T17:46:41</TxDtTm></RltdDts><AddtlTxInf>6000000003918182311020180926826772212</AddtlTxInf></TxDtls><AddtlNtryInf>COMPLETE//0000//003//CREDIT</AddtlNtryInf></Ntry><Ntry><Amt Ccy="GBP">3600.00</Amt><CdtDbtInd>CRDT</CdtDbtInd><Sts>BOOK</Sts><BookgDt><Dt>2018-09-26</Dt></BookgDt><BkTxCd><Prtry><Cd>SIP UKBA CR 40269</Cd></Prtry></BkTxCd><TxDtls><Refs><EndToEndId>NOREF</EndToEndId><TxId>RP4679962310421000</TxId></Refs><RltdPties><Dbtr><Nm>JCC ROOF T/AS</Nm></Dbtr><DbtrAcct><Id><PrtryAcct><Id>20415083457974</Id></PrtryAcct></Id></DbtrAcct><Cdtr><Nm>GOLDEN C SERVICES</Nm></Cdtr><CdtrAcct><Id><PrtryAcct><Id>23008200035423</Id></PrtryAcct></Id></CdtrAcct><Prtry><Tp>JCCROOF</Tp><Pty/></Prtry></RltdPties><RmtInf><Strd><AddtlRmtInf>NO REF</AddtlRmtInf></Strd><Strd><AddtlRmtInf>JCC ROOF T/AS//JCCROOF</AddtlRmtInf></Strd></RmtInf><RltdDts><TxDtTm>2018-09-26T17:47:46</TxDtTm></RltdDts><AddtlTxInf>RP46799623104210001020180926826200026</AddtlTxInf></TxDtls><AddtlNtryInf>COMPLETE//0000//003//CREDIT</AddtlNtryInf></Ntry><Ntry><Amt Ccy="GBP">3250.00</Amt><CdtDbtInd>CRDT</CdtDbtInd><Sts>BOOK</Sts><BookgDt><Dt>2018-09-26</Dt></BookgDt><BkTxCd><Prtry><Cd>SIP UKBA CR 40269</Cd></Prtry></BkTxCd><TxDtls><Refs><EndToEndId>NOREF</EndToEndId><TxId>RP4679962310594100</TxId></Refs><RltdPties><Dbtr><Nm>JCC ROOF T/AS</Nm></Dbtr><DbtrAcct><Id><PrtryAcct><Id>20415083457974</Id></PrtryAcct></Id></DbtrAcct><Cdtr><Nm>MARTIN DEEN</Nm></Cdtr><CdtrAcct><Id><PrtryAcct><Id>23008200237869</Id></PrtryAcct></Id></CdtrAcct><Prtry><Tp>M DEEN</Tp><Pty/></Prtry></RltdPties><RmtInf><Strd><AddtlRmtInf>NO REF</AddtlRmtInf></Strd><Strd><AddtlRmtInf>JCC ROOF T/AS//M DEEN</AddtlRmtInf></Strd></RmtInf><RltdDts><TxDtTm>2018-09-26T17:50:03</TxDtTm></RltdDts><AddtlTxInf>RP46799623105941001020180926826200026</AddtlTxInf></TxDtls><AddtlNtryInf>COMPLETE//0000//003//CREDIT</AddtlNtryInf></Ntry><Ntry><Amt Ccy="GBP">2.00</Amt><CdtDbtInd>CRDT</CdtDbtInd><Sts>BOOK</Sts><BookgDt><Dt>2018-09-26</Dt></BookgDt><BkTxCd><Prtry><Cd>SIP UKBA CR 40269</Cd></Prtry></BkTxCd><TxDtls><Refs><EndToEndId>NOREF</EndToEndId><TxId>100000000390446434</TxId></Refs><RltdPties><Dbtr><Nm>S Glew</Nm></Dbtr><DbtrAcct><Id><PrtryAcct><Id>11079800215623</Id></PrtryAcct></Id></DbtrAcct><Cdtr><Nm>MR S GLEW</Nm></Cdtr><CdtrAcct><Id><PrtryAcct><Id>23008200401146</Id></PrtryAcct></Id></CdtrAcct><Prtry><Tp>PAY NEW ACCOUNT</Tp><Pty/></Prtry></RltdPties><RmtInf><Strd><AddtlRmtInf>NO REF</AddtlRmtInf></Strd><Strd><AddtlRmtInf>S Glew//PAY NEW ACCOUNT</AddtlRmtInf></Strd></RmtInf><RltdDts><TxDtTm>2018-09-26T17:52:09</TxDtTm></RltdDts><AddtlTxInf>1000000003904464341020180926826110798</AddtlTxInf></TxDtls><AddtlNtryInf>COMPLETE//0000//003//CREDIT</AddtlNtryInf></Ntry><Ntry><Amt Ccy="GBP">150.00</Amt><CdtDbtInd>CRDT</CdtDbtInd><Sts>BOOK</Sts><BookgDt><Dt>2018-09-26</Dt></BookgDt><BkTxCd><Prtry><Cd>DCA UKBA CR 40269</Cd></Prtry></BkTxCd><TxDtls><Refs><EndToEndId>NOREF</EndToEndId><TxId>000000013677165901</TxId><Prtry><Tp>STO REF</Tp><Ref>4492</Ref></Prtry></Refs><RltdPties><Dbtr><Nm>- DANIEL LONDONO</Nm></Dbtr><DbtrAcct><Id><PrtryAcct><Id>20035373152596</Id></PrtryAcct></Id></DbtrAcct><Cdtr><Nm>DIRTS LS</Nm></Cdtr><CdtrAcct><Id><PrtryAcct><Id>23008200460015</Id></PrtryAcct></Id></CdtrAcct><Prtry><Tp>REFERENCE - BILLS</Tp><Pty/></Prtry></RltdPties><RmtInf><Strd><AddtlRmtInf>NO REF</AddtlRmtInf></Strd><Strd><AddtlRmtInf>- DANIEL LONDONO//REFERENCE - BILLS</AddtlRmtInf></Strd></RmtInf><RltdDts><TxDtTm>2018-09-26T17:52:34</TxDtTm></RltdDts><AddtlTxInf>0000000136771659015020180926826200353</AddtlTxInf></TxDtls><AddtlNtryInf>COMPLETE//0000//003//CREDIT</AddtlNtryInf></Ntry><Ntry><Amt Ccy="GBP">100.00</Amt><CdtDbtInd>CRDT</CdtDbtInd><Sts>BOOK</Sts><BookgDt><Dt>2018-09-26</Dt></BookgDt><BkTxCd><Prtry><Cd>SIP UKBA CR 40269</Cd></Prtry></BkTxCd><TxDtls><Refs><EndToEndId>NOREF</EndToEndId><TxId>200000000390437816</TxId></Refs><RltdPties><Dbtr><Nm>O Adeyemo</Nm></Dbtr><DbtrAcct><Id><PrtryAcct><Id>77191264742768</Id></PrtryAcct></Id></DbtrAcct><Cdtr><Nm>MR HASSAN ADAMU</Nm></Cdtr><CdtrAcct><Id><PrtryAcct><Id>23008200313649</Id></PrtryAcct></Id></CdtrAcct><Prtry><Tp>THANKS</Tp><Pty/></Prtry></RltdPties><RmtInf><Strd><AddtlRmtInf>NO REF</AddtlRmtInf></Strd><Strd><AddtlRmtInf>O Adeyemo//THANKS</AddtlRmtInf></Strd></RmtInf><RltdDts><TxDtTm>2018-09-26T17:53:02</TxDtTm></RltdDts><AddtlTxInf>2000000003904378161020180926826771912</AddtlTxInf></TxDtls><AddtlNtryInf>COMPLETE//0000//003//CREDIT</AddtlNtryInf></Ntry><Ntry><Amt Ccy="GBP">890.45</Amt><CdtDbtInd>CRDT</CdtDbtInd><Sts>BOOK</Sts><BookgDt><Dt>2018-09-26</Dt></BookgDt><BkTxCd><Prtry><Cd>SIP UKBA CR 40269</Cd></Prtry></BkTxCd><TxDtls><Refs><EndToEndId>REFERENCE</EndToEndId><TxId>03175918274686000N</TxId><Prtry><Tp>STO REF</Tp><Ref>0000</Ref></Prtry></Refs><RltdPties><Dbtr><Nm>MALAM K</Nm></Dbtr><DbtrAcct><Id><PrtryAcct><Id>56001863600978</Id></PrtryAcct></Id></DbtrAcct><Cdtr><Nm>ARTHUR PARKES</Nm></Cdtr><CdtrAcct><Id><PrtryAcct><Id>23008200467946</Id></PrtryAcct></Id></CdtrAcct><Prtry><Tp>REFERENCE</Tp><Pty/></Prtry></RltdPties><RmtInf><Strd><AddtlRmtInf>MALAM K           REFERENCE         VIA ONLINE - PYMT</AddtlRmtInf></Strd><Strd><AddtlRmtInf>MALAM K//REFERENCE</AddtlRmtInf></Strd></RmtInf><RltdDts><TxDtTm>2018-09-26T17:59:18</TxDtTm></RltdDts><AddtlTxInf>03175918274686000N1020180926826560018</AddtlTxInf></TxDtls><AddtlNtryInf>COMPLETE//0000//003//CREDIT</AddtlNtryInf></Ntry></Ntfctn></BkToCstmrDbtCdtNtfctnV01></Document>