<?xml version="1.0" encoding="UTF-8"?><Document xmlns:xsi="http://www.w3.org/2001/XMLSchema-instance" xmlns="urn:iso:std:iso:20022:tech:xsd:camt.054.001.01"><BkToCstmrDbtCdtNtfctnV01><GrpHdr><MsgId>80309K//12843</MsgId><CreDtTm>2018-09-14T13:00:00</CreDtTm></GrpHdr><Ntfctn><Id>80309K//12843//1</Id><CreDtTm>2018-09-14T13:00:00</CreDtTm><Acct><Id><PrtryAcct><Id>20594233939774</Id></PrtryAcct></Id><Ccy>GBP</Ccy></Acct><TxsSummry><TtlNtries><NbOfNtries>11</NbOfNtries><Sum>2142.91</Sum></TtlNtries><TtlCdtNtries><NbOfNtries>11</NbOfNtries><Sum>2142.91</Sum></TtlCdtNtries><TtlDbtNtries><NbOfNtries>0</NbOfNtries><Sum>0.00</Sum></TtlDbtNtries></TxsSummry><Ntry><Amt Ccy="GBP">175.00</Amt><CdtDbtInd>CRDT</CdtDbtInd><Sts>BOOK</Sts><BookgDt><Dt>2018-09-14</Dt></BookgDt><BkTxCd><Prtry><Cd>SIP UKBA CR 40269</Cd></Prtry></BkTxCd><TxDtls><Refs><EndToEndId>NOREF</EndToEndId><TxId>37123209362273000N</TxId><Prtry><Tp>STO REF</Tp><Ref>0000</Ref></Prtry></Refs><RltdPties><Dbtr><Nm>WHG (INTERNATIONAL</Nm></Dbtr><DbtrAcct><Id><PrtryAcct><Id>60954439080519</Id></PrtryAcct></Id></DbtrAcct><Cdtr><Nm>LEE JACK</Nm></Cdtr><CdtrAcct><Id><PrtryAcct><Id>23008200398735</Id></PrtryAcct></Id></CdtrAcct><Prtry><Tp>549740928</Tp><Pty/></Prtry></RltdPties><RmtInf><Strd><AddtlRmtInf>WHG (INTERNATIONAL549740928</AddtlRmtInf></Strd><Strd><AddtlRmtInf>WHG (INTERNATIONAL//549740928</AddtlRmtInf></Strd></RmtInf><RltdDts><TxDtTm>2018-09-14T12:32:09</TxDtTm></RltdDts><AddtlTxInf>37123209362273000N1020180914826609544</AddtlTxInf></TxDtls><AddtlNtryInf>COMPLETE//0000//001//CREDIT</AddtlNtryInf></Ntry><Ntry><Amt Ccy="GBP">0.01</Amt><CdtDbtInd>CRDT</CdtDbtInd><Sts>BOOK</Sts><BookgDt><Dt>2018-09-14</Dt></BookgDt><BkTxCd><Prtry><Cd>SIP UKBA CR 40269</Cd></Prtry></BkTxCd><TxDtls><Refs><EndToEndId>PPRD00000000AN9R4W</EndToEndId><TxId>PPRD00000000AN9R4W</TxId></Refs><RltdPties><Dbtr><Nm>PAYPAL CODE 4305</Nm><PstlAdr><AdrLine>2211 N 1st Street San Jose CA 95131</AdrLine><Ctry/></PstlAdr></Dbtr><DbtrAcct><Id><PrtryAcct><Id>23526285010101</Id></PrtryAcct></Id></DbtrAcct><Cdtr><Nm>Duncan Heyes</Nm><PstlAdr><AdrLine>189 Ashfield Avenue</AdrLine><Ctry/></PstlAdr></Cdtr><CdtrAcct><Id><PrtryAcct><Id>23008200445743</Id></PrtryAcct></Id></CdtrAcct><Prtry><Tp>PAYPAL CODE 4305</Tp><Pty/></Prtry></RltdPties><RmtInf><Strd><RfrdDocInf><RfrdDocTp><Prtry>002</Prtry></RfrdDocTp></RfrdDocInf><AddtlRmtInf>NO REF</AddtlRmtInf></Strd><Strd><AddtlRmtInf>PAYPAL CODE 4305//PAYPAL CODE 4305</AddtlRmtInf></Strd></RmtInf><RltdDts><TxDtTm>2018-09-14T12:32:52</TxDtTm></RltdDts><AddtlTxInf>PPRD00000000AN9R4W1020180914826235262</AddtlTxInf></TxDtls><AddtlNtryInf>COMPLETE//0000//001//CREDIT</AddtlNtryInf></Ntry><Ntry><Amt Ccy="GBP">190.00</Amt><CdtDbtInd>CRDT</CdtDbtInd><Sts>BOOK</Sts><BookgDt><Dt>2018-09-14</Dt></BookgDt><BkTxCd><Prtry><Cd>SIP UKBA CR 40269</Cd></Prtry></BkTxCd><TxDtls><Refs><EndToEndId>NOREF</EndToEndId><TxId>200000000387061071</TxId></Refs><RltdPties><Dbtr><Nm>B Summan</Nm></Dbtr><DbtrAcct><Id><PrtryAcct><Id>11137100139784</Id></PrtryAcct></Id></DbtrAcct><Cdtr><Nm>N J S</Nm></Cdtr><CdtrAcct><Id><PrtryAcct><Id>23008200327420</Id></PrtryAcct></Id></CdtrAcct><Prtry><Tp>L B</Tp><Pty/></Prtry></RltdPties><RmtInf><Strd><AddtlRmtInf>NO REF</AddtlRmtInf></Strd><Strd><AddtlRmtInf>B Summan//L B</AddtlRmtInf></Strd></RmtInf><RltdDts><TxDtTm>2018-09-14T12:37:03</TxDtTm></RltdDts><AddtlTxInf>2000000003870610711020180914826111371</AddtlTxInf></TxDtls><AddtlNtryInf>COMPLETE//0000//001//CREDIT</AddtlNtryInf></Ntry><Ntry><Amt Ccy="GBP">10.00</Amt><CdtDbtInd>CRDT</CdtDbtInd><Sts>BOOK</Sts><BookgDt><Dt>2018-09-14</Dt></BookgDt><BkTxCd><Prtry><Cd>SIP UKBA CR 40269</Cd></Prtry></BkTxCd><TxDtls><Refs><EndToEndId>00151095632BBKJYRH</EndToEndId><TxId>00151095632BBKJYRH</TxId></Refs><RltdPties><Dbtr><Nm>ANDREW SMITH</Nm></Dbtr><DbtrAcct><Id><PrtryAcct><Id>09012856085526</Id></PrtryAcct></Id></DbtrAcct><Cdtr><Nm>ANDREW</Nm></Cdtr><CdtrAcct><Id><PrtryAcct><Id>23008200383926</Id></PrtryAcct></Id></CdtrAcct><Prtry><Tp>andy</Tp><Pty/></Prtry></RltdPties><RmtInf><Strd><AddtlRmtInf>NO REF</AddtlRmtInf></Strd><Strd><AddtlRmtInf>ANDREW SMITH//andy</AddtlRmtInf></Strd></RmtInf><RltdDts><TxDtTm>2018-09-14T12:37:17</TxDtTm></RltdDts><AddtlTxInf>00151095632BBKJYRH1020180914826090128</AddtlTxInf></TxDtls><AddtlNtryInf>COMPLETE//0000//001//CREDIT</AddtlNtryInf></Ntry><Ntry><Amt Ccy="GBP">150.00</Amt><CdtDbtInd>CRDT</CdtDbtInd><Sts>BOOK</Sts><BookgDt><Dt>2018-09-14</Dt></BookgDt><BkTxCd><Prtry><Cd>SIP UKBA CR 40269</Cd></Prtry></BkTxCd><TxDtls><Refs><EndToEndId>NOREF</EndToEndId><TxId>RP4679961371921300</TxId></Refs><RltdPties><Dbtr><Nm>SALFARLIE J A M</Nm></Dbtr><DbtrAcct><Id><PrtryAcct><Id>20057453080919</Id></PrtryAcct></Id></DbtrAcct><Cdtr><Nm>ARRO</Nm></Cdtr><CdtrAcct><Id><PrtryAcct><Id>23008200337123</Id></PrtryAcct></Id></CdtrAcct><Prtry><Tp>5574220190111848</Tp><Pty/></Prtry></RltdPties><RmtInf><Strd><AddtlRmtInf>NO REF</AddtlRmtInf></Strd><Strd><AddtlRmtInf>SALFARLIE J A M//5574220190111848</AddtlRmtInf></Strd></RmtInf><RltdDts><TxDtTm>2018-09-14T12:38:47</TxDtTm></RltdDts><AddtlTxInf>RP46799613719213001020180914826200026</AddtlTxInf></TxDtls><AddtlNtryInf>COMPLETE//0000//001//CREDIT</AddtlNtryInf></Ntry><Ntry><Amt Ccy="GBP">90.00</Amt><CdtDbtInd>CRDT</CdtDbtInd><Sts>BOOK</Sts><BookgDt><Dt>2018-09-14</Dt></BookgDt><BkTxCd><Prtry><Cd>SIP UKBA CR 40269</Cd></Prtry></BkTxCd><TxDtls><Refs><EndToEndId>NOREF</EndToEndId><TxId>RP4679961372160900</TxId></Refs><RltdPties><Dbtr><Nm>OSUKAH UN</Nm></Dbtr><DbtrAcct><Id><PrtryAcct><Id>20465700970271</Id></PrtryAcct></Id></DbtrAcct><Cdtr><Nm>JEDIDIAH GLOBAL LO</Nm></Cdtr><CdtrAcct><Id><PrtryAcct><Id>23008200032558</Id></PrtryAcct></Id></CdtrAcct><Prtry><Tp>JAMES AIRFREIGHT</Tp><Pty/></Prtry></RltdPties><RmtInf><Strd><AddtlRmtInf>NO REF</AddtlRmtInf></Strd><Strd><AddtlRmtInf>OSUKAH UN//JAMES AIRFREIGHT</AddtlRmtInf></Strd></RmtInf><RltdDts><TxDtTm>2018-09-14T12:40:53</TxDtTm></RltdDts><AddtlTxInf>RP46799613721609001020180914826200026</AddtlTxInf></TxDtls><AddtlNtryInf>COMPLETE//0000//001//CREDIT</AddtlNtryInf></Ntry><Ntry><Amt Ccy="GBP">200.00</Amt><CdtDbtInd>CRDT</CdtDbtInd><Sts>BOOK</Sts><BookgDt><Dt>2018-09-14</Dt></BookgDt><BkTxCd><Prtry><Cd>SIP UKBA CR 40269</Cd></Prtry></BkTxCd><TxDtls><Refs><EndToEndId>NOREF</EndToEndId><TxId>54124258800943000N</TxId><Prtry><Tp>STO REF</Tp><Ref>0000</Ref></Prtry></Refs><RltdPties><Dbtr><Nm>MISS ANGELA M GORD</Nm></Dbtr><DbtrAcct><Id><PrtryAcct><Id>60604053508432</Id></PrtryAcct></Id></DbtrAcct><Cdtr><Nm>CHRISTINE RIMMER</Nm></Cdtr><CdtrAcct><Id><PrtryAcct><Id>23008200355785</Id></PrtryAcct></Id></CdtrAcct><Prtry><Tp>ANGELA GORDON</Tp><Pty/></Prtry></RltdPties><RmtInf><Strd><AddtlRmtInf>ANGELA GORDON</AddtlRmtInf></Strd><Strd><AddtlRmtInf>MISS ANGELA M GORD//ANGELA GORDON</AddtlRmtInf></Strd></RmtInf><RltdDts><TxDtTm>2018-09-14T12:42:59</TxDtTm></RltdDts><AddtlTxInf>54124258800943000N1020180914826606040</AddtlTxInf></TxDtls><AddtlNtryInf>COMPLETE//0000//001//CREDIT</AddtlNtryInf></Ntry><Ntry><Amt Ccy="GBP">250.00</Amt><CdtDbtInd>CRDT</CdtDbtInd><Sts>BOOK</Sts><BookgDt><Dt>2018-09-14</Dt></BookgDt><BkTxCd><Prtry><Cd>SIP UKBA CR 40269</Cd></Prtry></BkTxCd><TxDtls><Refs><EndToEndId>NOREF</EndToEndId><TxId>RP4679961372412100</TxId></Refs><RltdPties><Dbtr><Nm>WHITE CHRISTOPHE</Nm></Dbtr><DbtrAcct><Id><PrtryAcct><Id>20709483520781</Id></PrtryAcct></Id></DbtrAcct><Cdtr><Nm>CHRISTOPHER WHITE</Nm></Cdtr><CdtrAcct><Id><PrtryAcct><Id>23008200292739</Id></PrtryAcct></Id></CdtrAcct><Prtry><Tp>MONEY</Tp><Pty/></Prtry></RltdPties><RmtInf><Strd><AddtlRmtInf>NO REF</AddtlRmtInf></Strd><Strd><AddtlRmtInf>WHITE CHRISTOPHE//MONEY</AddtlRmtInf></Strd></RmtInf><RltdDts><TxDtTm>2018-09-14T12:43:11</TxDtTm></RltdDts><AddtlTxInf>RP46799613724121001020180914826200026</AddtlTxInf></TxDtls><AddtlNtryInf>COMPLETE//0000//001//CREDIT</AddtlNtryInf></Ntry><Ntry><Amt Ccy="GBP">212.90</Amt><CdtDbtInd>CRDT</CdtDbtInd><Sts>BOOK</Sts><BookgDt><Dt>2018-09-14</Dt></BookgDt><BkTxCd><Prtry><Cd>SIP UKBA CR 40269</Cd></Prtry></BkTxCd><TxDtls><Refs><EndToEndId>WAGES</EndToEndId><TxId>60125604297888000N</TxId><Prtry><Tp>STO REF</Tp><Ref>0000</Ref></Prtry></Refs><RltdPties><Dbtr><Nm>CHARLTON V L</Nm></Dbtr><DbtrAcct><Id><PrtryAcct><Id>54410066193141</Id></PrtryAcct></Id></DbtrAcct><Cdtr><Nm>J CHARLTON</Nm></Cdtr><CdtrAcct><Id><PrtryAcct><Id>23008200409209</Id></PrtryAcct></Id></CdtrAcct><Prtry><Tp>WAGES</Tp><Pty/></Prtry></RltdPties><RmtInf><Strd><AddtlRmtInf>CHARLTON V L      WAGES             VIA MOBILE - LVP</AddtlRmtInf></Strd><Strd><AddtlRmtInf>CHARLTON V L//WAGES</AddtlRmtInf></Strd></RmtInf><RltdDts><TxDtTm>2018-09-14T12:56:04</TxDtTm></RltdDts><AddtlTxInf>60125604297888000N1020180914826544100</AddtlTxInf></TxDtls><AddtlNtryInf>COMPLETE//0000//001//CREDIT</AddtlNtryInf></Ntry><Ntry><Amt Ccy="GBP">5.00</Amt><CdtDbtInd>CRDT</CdtDbtInd><Sts>BOOK</Sts><BookgDt><Dt>2018-09-14</Dt></BookgDt><BkTxCd><Prtry><Cd>SIP UKBA CR 40269</Cd></Prtry></BkTxCd><TxDtls><Refs><EndToEndId>NOREF</EndToEndId><TxId>300000000392383139</TxId></Refs><RltdPties><Dbtr><Nm>C Makuve</Nm></Dbtr><DbtrAcct><Id><PrtryAcct><Id>11057212400264</Id></PrtryAcct></Id></DbtrAcct><Cdtr><Nm>CHARLED ARRO</Nm></Cdtr><CdtrAcct><Id><PrtryAcct><Id>23008200441469</Id></PrtryAcct></Id></CdtrAcct><Prtry><Tp>ARRO</Tp><Pty/></Prtry></RltdPties><RmtInf><Strd><AddtlRmtInf>NO REF</AddtlRmtInf></Strd><Strd><AddtlRmtInf>C Makuve//ARRO</AddtlRmtInf></Strd></RmtInf><RltdDts><TxDtTm>2018-09-14T12:57:17</TxDtTm></RltdDts><AddtlTxInf>3000000003923831391020180914826110572</AddtlTxInf></TxDtls><AddtlNtryInf>COMPLETE//0000//001//CREDIT</AddtlNtryInf></Ntry><Ntry><Amt Ccy="GBP">860.00</Amt><CdtDbtInd>CRDT</CdtDbtInd><Sts>BOOK</Sts><BookgDt><Dt>2018-09-14</Dt></BookgDt><BkTxCd><Prtry><Cd>SIP UKBA CR 40269</Cd></Prtry></BkTxCd><TxDtls><Refs><EndToEndId>NOREF</EndToEndId><TxId>FP18257O19401211</TxId></Refs><RltdPties><Dbtr><Nm>Webb Alan</Nm></Dbtr><DbtrAcct><Id><PrtryAcct><Id>07011620027219</Id></PrtryAcct></Id></DbtrAcct><Cdtr><Nm>MR REECE NOBLE</Nm></Cdtr><CdtrAcct><Id><PrtryAcct><Id>23008200342117</Id></PrtryAcct></Id></CdtrAcct><Prtry><Tp>WEBB</Tp><Pty/></Prtry></RltdPties><RmtInf><Strd><AddtlRmtInf>NO REF</AddtlRmtInf></Strd><Strd><AddtlRmtInf>Webb Alan//WEBB</AddtlRmtInf></Strd></RmtInf><RltdDts><TxDtTm>2018-09-14T12:59:36</TxDtTm></RltdDts><AddtlTxInf>FP18257O19401211  1020180914826070116</AddtlTxInf></TxDtls><AddtlNtryInf>COMPLETE//0000//001//CREDIT</AddtlNtryInf></Ntry></Ntfctn></BkToCstmrDbtCdtNtfctnV01></Document>