<?xml version="1.0" encoding="UTF-8"?><Document xmlns:xsi="http://www.w3.org/2001/XMLSchema-instance" xmlns="urn:iso:std:iso:20022:tech:xsd:camt.054.001.01"><BkToCstmrDbtCdtNtfctnV01><GrpHdr><MsgId>80309K//12367</MsgId><CreDtTm>2018-09-03T15:00:00</CreDtTm></GrpHdr><Ntfctn><Id>80309K//12367//1</Id><CreDtTm>2018-09-03T15:00:00</CreDtTm><Acct><Id><PrtryAcct><Id>20594233939774</Id></PrtryAcct></Id><Ccy>GBP</Ccy></Acct><TxsSummry><TtlNtries><NbOfNtries>3</NbOfNtries><Sum>739.25</Sum></TtlNtries><TtlCdtNtries><NbOfNtries>3</NbOfNtries><Sum>739.25</Sum></TtlCdtNtries><TtlDbtNtries><NbOfNtries>0</NbOfNtries><Sum>0.00</Sum></TtlDbtNtries></TxsSummry><Ntry><Amt Ccy="GBP">100.00</Amt><CdtDbtInd>CRDT</CdtDbtInd><Sts>BOOK</Sts><BookgDt><Dt>2018-09-03</Dt></BookgDt><BkTxCd><Prtry><Cd>SIP UKBA CR 40269</Cd></Prtry></BkTxCd><TxDtls><Refs><EndToEndId>NOREF</EndToEndId><TxId>600000000385299071</TxId></Refs><RltdPties><Dbtr><Nm>S Zaman</Nm></Dbtr><DbtrAcct><Id><PrtryAcct><Id>11107211837261</Id></PrtryAcct></Id></DbtrAcct><Cdtr><Nm>ALEX</Nm></Cdtr><CdtrAcct><Id><PrtryAcct><Id>23008200243886</Id></PrtryAcct></Id></CdtrAcct><Prtry><Tp>STARA ZAMAN</Tp><Pty/></Prtry></RltdPties><RmtInf><Strd><AddtlRmtInf>NO REF</AddtlRmtInf></Strd><Strd><AddtlRmtInf>S Zaman//STARA ZAMAN</AddtlRmtInf></Strd></RmtInf><RltdDts><TxDtTm>2018-09-03T14:38:55</TxDtTm></RltdDts><AddtlTxInf>6000000003852990711020180903826111072</AddtlTxInf></TxDtls><AddtlNtryInf>COMPLETE//0000//002//CREDIT</AddtlNtryInf></Ntry><Ntry><Amt Ccy="GBP">389.25</Amt><CdtDbtInd>CRDT</CdtDbtInd><Sts>BOOK</Sts><BookgDt><Dt>2018-09-03</Dt></BookgDt><BkTxCd><Prtry><Cd>SIP UKBA CR 40269</Cd></Prtry></BkTxCd><TxDtls><Refs><EndToEndId>NOREF</EndToEndId><TxId>RP4659983745181500</TxId></Refs><RltdPties><Dbtr><Nm>PENNINE DISTRIBUT</Nm></Dbtr><DbtrAcct><Id><PrtryAcct><Id>20157093151409</Id></PrtryAcct></Id></DbtrAcct><Cdtr><Nm>KIRK LANCASTER</Nm></Cdtr><CdtrAcct><Id><PrtryAcct><Id>23008200028632</Id></PrtryAcct></Id></CdtrAcct><Prtry><Tp>INVOICE 34</Tp><Pty/></Prtry></RltdPties><RmtInf><Strd><AddtlRmtInf>NO REF</AddtlRmtInf></Strd><Strd><AddtlRmtInf>PENNINE DISTRIBUT//INVOICE 34</AddtlRmtInf></Strd></RmtInf><RltdDts><TxDtTm>2018-09-03T14:46:21</TxDtTm></RltdDts><AddtlTxInf>RP46599837451815001020180903826200026</AddtlTxInf></TxDtls><AddtlNtryInf>COMPLETE//0000//002//CREDIT</AddtlNtryInf></Ntry><Ntry><Amt Ccy="GBP">250.00</Amt><CdtDbtInd>CRDT</CdtDbtInd><Sts>BOOK</Sts><BookgDt><Dt>2018-09-03</Dt></BookgDt><BkTxCd><Prtry><Cd>SIP UKBA CR 40269</Cd></Prtry></BkTxCd><TxDtls><Refs><EndToEndId>000000FT182469MSJV</EndToEndId><TxId>000000FT182469MSJV</TxId></Refs><RltdPties><Dbtr><Nm>THEOFANIS LIMITED</Nm><PstlAdr><AdrLine>116 GIRTON ROAD;LONDON</AdrLine><Ctry/></PstlAdr></Dbtr><DbtrAcct><Id><PrtryAcct><Id>23058023102773</Id></PrtryAcct></Id></DbtrAcct><Cdtr><Nm>ratio marian</Nm><PstlAdr><AdrLine>WIRECARD;WIRECARD CARD SOLUTIONS</AdrLine><Ctry/></PstlAdr></Cdtr><CdtrAcct><Id><PrtryAcct><Id>23008200235406</Id></PrtryAcct></Id></CdtrAcct><Prtry><Tp>transfer</Tp><Pty/></Prtry></RltdPties><RmtInf><Strd><AddtlRmtInf>NO REF</AddtlRmtInf></Strd><Strd><AddtlRmtInf>THEOFANIS LIMITED//transfer</AddtlRmtInf></Strd></RmtInf><RltdDts><TxDtTm>2018-09-03T14:54:58</TxDtTm></RltdDts><AddtlTxInf>000000FT182469MSJV1020180903826230580</AddtlTxInf></TxDtls><AddtlNtryInf>COMPLETE//0000//002//CREDIT</AddtlNtryInf></Ntry></Ntfctn></BkToCstmrDbtCdtNtfctnV01></Document>