<?xml version="1.0" encoding="UTF-8"?><Document xmlns:xsi="http://www.w3.org/2001/XMLSchema-instance" xmlns="urn:iso:std:iso:20022:tech:xsd:camt.054.001.01"><BkToCstmrDbtCdtNtfctnV01><GrpHdr><MsgId>80309K//12514</MsgId><CreDtTm>2018-09-06T21:00:00</CreDtTm></GrpHdr><Ntfctn><Id>80309K//12514//1</Id><CreDtTm>2018-09-06T21:00:00</CreDtTm><Acct><Id><PrtryAcct><Id>20594233939774</Id></PrtryAcct></Id><Ccy>GBP</Ccy></Acct><TxsSummry><TtlNtries><NbOfNtries>6</NbOfNtries><Sum>2149.52</Sum></TtlNtries><TtlCdtNtries><NbOfNtries>6</NbOfNtries><Sum>2149.52</Sum></TtlCdtNtries><TtlDbtNtries><NbOfNtries>0</NbOfNtries><Sum>0.00</Sum></TtlDbtNtries></TxsSummry><Ntry><Amt Ccy="GBP">35.00</Amt><CdtDbtInd>CRDT</CdtDbtInd><Sts>BOOK</Sts><BookgDt><Dt>2018-09-07</Dt></BookgDt><BkTxCd><Prtry><Cd>SIP UKBA CR 40269</Cd></Prtry></BkTxCd><TxDtls><Refs><EndToEndId>CLOTHES</EndToEndId><TxId>07203418884203000N</TxId><Prtry><Tp>STO REF</Tp><Ref>0000</Ref></Prtry></Refs><RltdPties><Dbtr><Nm>OBADA V</Nm></Dbtr><DbtrAcct><Id><PrtryAcct><Id>60233481656580</Id></PrtryAcct></Id></DbtrAcct><Cdtr><Nm>CLASSIC CLOTHING</Nm></Cdtr><CdtrAcct><Id><PrtryAcct><Id>23008200042452</Id></PrtryAcct></Id></CdtrAcct><Prtry><Tp>CLOTHES</Tp><Pty/></Prtry></RltdPties><RmtInf><Strd><AddtlRmtInf>OBADA V           CLOTHES           VIA MOBILE - LVP</AddtlRmtInf></Strd><Strd><AddtlRmtInf>OBADA V//CLOTHES</AddtlRmtInf></Strd></RmtInf><RltdDts><TxDtTm>2018-09-06T20:34:19</TxDtTm></RltdDts><AddtlTxInf>07203418884203000N1020180906826602334</AddtlTxInf></TxDtls><AddtlNtryInf>COMPLETE//0000//003//CREDIT</AddtlNtryInf></Ntry><Ntry><Amt Ccy="GBP">200.00</Amt><CdtDbtInd>CRDT</CdtDbtInd><Sts>BOOK</Sts><BookgDt><Dt>2018-09-07</Dt></BookgDt><BkTxCd><Prtry><Cd>SIP UKBA CR 40269</Cd></Prtry></BkTxCd><TxDtls><Refs><EndToEndId>STEVE</EndToEndId><TxId>35204034860116000N</TxId><Prtry><Tp>STO REF</Tp><Ref>0000</Ref></Prtry></Refs><RltdPties><Dbtr><Nm>OULTON SR</Nm></Dbtr><DbtrAcct><Id><PrtryAcct><Id>55811686072625</Id></PrtryAcct></Id></DbtrAcct><Cdtr><Nm>JORDAN WINTER</Nm></Cdtr><CdtrAcct><Id><PrtryAcct><Id>23008200011907</Id></PrtryAcct></Id></CdtrAcct><Prtry><Tp>STEVE</Tp><Pty/></Prtry></RltdPties><RmtInf><Strd><AddtlRmtInf>OULTON SR         STEVE             VIA MOBILE - LVP</AddtlRmtInf></Strd><Strd><AddtlRmtInf>OULTON SR//STEVE</AddtlRmtInf></Strd></RmtInf><RltdDts><TxDtTm>2018-09-06T20:40:35</TxDtTm></RltdDts><AddtlTxInf>35204034860116000N1020180906826558116</AddtlTxInf></TxDtls><AddtlNtryInf>COMPLETE//0000//003//CREDIT</AddtlNtryInf></Ntry><Ntry><Amt Ccy="GBP">0.01</Amt><CdtDbtInd>CRDT</CdtDbtInd><Sts>BOOK</Sts><BookgDt><Dt>2018-09-07</Dt></BookgDt><BkTxCd><Prtry><Cd>SIP UKBA CR 40269</Cd></Prtry></BkTxCd><TxDtls><Refs><EndToEndId>PPRD00000000ALDHT8</EndToEndId><TxId>PPRD00000000ALDHT8</TxId></Refs><RltdPties><Dbtr><Nm>PAYPAL CODE 9038</Nm><PstlAdr><AdrLine>2211 N 1st Street San Jose CA 95131</AdrLine><Ctry/></PstlAdr></Dbtr><DbtrAcct><Id><PrtryAcct><Id>23526285010101</Id></PrtryAcct></Id></DbtrAcct><Cdtr><Nm>Tracy Fenton</Nm><PstlAdr><AdrLine>203</AdrLine><Ctry/></PstlAdr></Cdtr><CdtrAcct><Id><PrtryAcct><Id>23008200381089</Id></PrtryAcct></Id></CdtrAcct><Prtry><Tp>PAYPAL CODE 9038</Tp><Pty/></Prtry></RltdPties><RmtInf><Strd><RfrdDocInf><RfrdDocTp><Prtry>002</Prtry></RfrdDocTp></RfrdDocInf><AddtlRmtInf>NO REF</AddtlRmtInf></Strd><Strd><AddtlRmtInf>PAYPAL CODE 9038//PAYPAL CODE 9038</AddtlRmtInf></Strd></RmtInf><RltdDts><TxDtTm>2018-09-06T20:44:11</TxDtTm></RltdDts><AddtlTxInf>PPRD00000000ALDHT81020180906826235262</AddtlTxInf></TxDtls><AddtlNtryInf>COMPLETE//0000//003//CREDIT</AddtlNtryInf></Ntry><Ntry><Amt Ccy="GBP">1854.50</Amt><CdtDbtInd>CRDT</CdtDbtInd><Sts>BOOK</Sts><BookgDt><Dt>2018-09-07</Dt></BookgDt><BkTxCd><Prtry><Cd>SIP UKBA CR 40269</Cd></Prtry></BkTxCd><TxDtls><Refs><EndToEndId>NOREF</EndToEndId><TxId>RP4679960789969300</TxId></Refs><RltdPties><Dbtr><Nm>CLEAN MAIN C LTD</Nm></Dbtr><DbtrAcct><Id><PrtryAcct><Id>20425820476013</Id></PrtryAcct></Id></DbtrAcct><Cdtr><Nm>MR E OLIVEIRA</Nm></Cdtr><CdtrAcct><Id><PrtryAcct><Id>23008200115061</Id></PrtryAcct></Id></CdtrAcct><Prtry><Tp>AUGUST</Tp><Pty/></Prtry></RltdPties><RmtInf><Strd><AddtlRmtInf>NO REF</AddtlRmtInf></Strd><Strd><AddtlRmtInf>CLEAN MAIN C LTD//AUGUST</AddtlRmtInf></Strd></RmtInf><RltdDts><TxDtTm>2018-09-06T20:46:30</TxDtTm></RltdDts><AddtlTxInf>RP46799607899693001020180906826200026</AddtlTxInf></TxDtls><AddtlNtryInf>COMPLETE//0000//003//CREDIT</AddtlNtryInf></Ntry><Ntry><Amt Ccy="GBP">60.00</Amt><CdtDbtInd>CRDT</CdtDbtInd><Sts>BOOK</Sts><BookgDt><Dt>2018-09-07</Dt></BookgDt><BkTxCd><Prtry><Cd>SIP UKBA CR 40269</Cd></Prtry></BkTxCd><TxDtls><Refs><EndToEndId>NOREF</EndToEndId><TxId>200000000384945447</TxId></Refs><RltdPties><Dbtr><Nm>D Krok</Nm></Dbtr><DbtrAcct><Id><PrtryAcct><Id>11006410969869</Id></PrtryAcct></Id></DbtrAcct><Cdtr><Nm>D JOHNSON</Nm></Cdtr><CdtrAcct><Id><PrtryAcct><Id>23008200317960</Id></PrtryAcct></Id></CdtrAcct><Prtry><Tp>040717</Tp><Pty/></Prtry></RltdPties><RmtInf><Strd><AddtlRmtInf>NO REF</AddtlRmtInf></Strd><Strd><AddtlRmtInf>D Krok//040717</AddtlRmtInf></Strd></RmtInf><RltdDts><TxDtTm>2018-09-06T20:51:32</TxDtTm></RltdDts><AddtlTxInf>2000000003849454471020180906826110064</AddtlTxInf></TxDtls><AddtlNtryInf>COMPLETE//0000//003//CREDIT</AddtlNtryInf></Ntry><Ntry><Amt Ccy="GBP">0.01</Amt><CdtDbtInd>CRDT</CdtDbtInd><Sts>BOOK</Sts><BookgDt><Dt>2018-09-07</Dt></BookgDt><BkTxCd><Prtry><Cd>SIP UKBA CR 40269</Cd></Prtry></BkTxCd><TxDtls><Refs><EndToEndId>PPRD00000000ALDM3M</EndToEndId><TxId>PPRD00000000ALDM3M</TxId></Refs><RltdPties><Dbtr><Nm>PAYPAL CODE 1423</Nm><PstlAdr><AdrLine>2211 N 1st Street San Jose CA 95131</AdrLine><Ctry/></PstlAdr></Dbtr><DbtrAcct><Id><PrtryAcct><Id>23526285010101</Id></PrtryAcct></Id></DbtrAcct><Cdtr><Nm>leanne carling</Nm><PstlAdr><AdrLine>113</AdrLine><Ctry/></PstlAdr></Cdtr><CdtrAcct><Id><PrtryAcct><Id>23008200432979</Id></PrtryAcct></Id></CdtrAcct><Prtry><Tp>PAYPAL CODE 1423</Tp><Pty/></Prtry></RltdPties><RmtInf><Strd><RfrdDocInf><RfrdDocTp><Prtry>002</Prtry></RfrdDocTp></RfrdDocInf><AddtlRmtInf>NO REF</AddtlRmtInf></Strd><Strd><AddtlRmtInf>PAYPAL CODE 1423//PAYPAL CODE 1423</AddtlRmtInf></Strd></RmtInf><RltdDts><TxDtTm>2018-09-06T20:57:59</TxDtTm></RltdDts><AddtlTxInf>PPRD00000000ALDM3M1020180906826235262</AddtlTxInf></TxDtls><AddtlNtryInf>COMPLETE//0000//003//CREDIT</AddtlNtryInf></Ntry></Ntfctn></BkToCstmrDbtCdtNtfctnV01></Document>