<?xml version="1.0" encoding="UTF-8"?><Document xmlns:xsi="http://www.w3.org/2001/XMLSchema-instance" xmlns="urn:iso:std:iso:20022:tech:xsd:camt.054.001.01"><BkToCstmrDbtCdtNtfctnV01><GrpHdr><MsgId>80309K//12516</MsgId><CreDtTm>2018-09-06T22:00:00</CreDtTm></GrpHdr><Ntfctn><Id>80309K//12516//1</Id><CreDtTm>2018-09-06T22:00:00</CreDtTm><Acct><Id><PrtryAcct><Id>20594233939774</Id></PrtryAcct></Id><Ccy>GBP</Ccy></Acct><TxsSummry><TtlNtries><NbOfNtries>2</NbOfNtries><Sum>506.75</Sum></TtlNtries><TtlCdtNtries><NbOfNtries>2</NbOfNtries><Sum>506.75</Sum></TtlCdtNtries><TtlDbtNtries><NbOfNtries>0</NbOfNtries><Sum>0.00</Sum></TtlDbtNtries></TxsSummry><Ntry><Amt Ccy="GBP">6.75</Amt><CdtDbtInd>CRDT</CdtDbtInd><Sts>BOOK</Sts><BookgDt><Dt>2018-09-07</Dt></BookgDt><BkTxCd><Prtry><Cd>SIP UKBA CR 40269</Cd></Prtry></BkTxCd><TxDtls><Refs><EndToEndId>00156296632BBDCRQX</EndToEndId><TxId>00156296632BBDCRQX</TxId></Refs><RltdPties><Dbtr><Nm>AARON BROSTER</Nm></Dbtr><DbtrAcct><Id><PrtryAcct><Id>09012852304421</Id></PrtryAcct></Id></DbtrAcct><Cdtr><Nm>CSA KIRA</Nm></Cdtr><CdtrAcct><Id><PrtryAcct><Id>23008200143522</Id></PrtryAcct></Id></CdtrAcct><Prtry><Tp>csa</Tp><Pty/></Prtry></RltdPties><RmtInf><Strd><AddtlRmtInf>NO REF</AddtlRmtInf></Strd><Strd><AddtlRmtInf>AARON BROSTER//csa</AddtlRmtInf></Strd></RmtInf><RltdDts><TxDtTm>2018-09-06T21:32:26</TxDtTm></RltdDts><AddtlTxInf>00156296632BBDCRQX1020180906826090128</AddtlTxInf></TxDtls><AddtlNtryInf>COMPLETE//0000//003//CREDIT</AddtlNtryInf></Ntry><Ntry><Amt Ccy="GBP">500.00</Amt><CdtDbtInd>CRDT</CdtDbtInd><Sts>BOOK</Sts><BookgDt><Dt>2018-09-07</Dt></BookgDt><BkTxCd><Prtry><Cd>SIP UKBA CR 40269</Cd></Prtry></BkTxCd><TxDtls><Refs><EndToEndId>STARLING-MKXZW298GKP6VP7YEJ</EndToEndId><TxId>MKXZW298GKP6VP7YEJ</TxId></Refs><RltdPties><Dbtr><Nm>Chikezie Omotola</Nm></Dbtr><DbtrAcct><Id><PrtryAcct><Id>60837178269468</Id></PrtryAcct></Id></DbtrAcct><Cdtr><Nm>Zurna ltd</Nm></Cdtr><CdtrAcct><Id><PrtryAcct><Id>23008200031665</Id></PrtryAcct></Id></CdtrAcct><Prtry><Tp>Pay</Tp><Pty/></Prtry></RltdPties><RmtInf><Strd><AddtlRmtInf>NO REF</AddtlRmtInf></Strd><Strd><AddtlRmtInf>Chikezie Omotola//Pay</AddtlRmtInf></Strd></RmtInf><RltdDts><TxDtTm>2018-09-06T21:44:37</TxDtTm></RltdDts><AddtlTxInf>MKXZW298GKP6VP7YEJ1020180906826608371</AddtlTxInf></TxDtls><AddtlNtryInf>COMPLETE//0000//003//CREDIT</AddtlNtryInf></Ntry></Ntfctn></BkToCstmrDbtCdtNtfctnV01></Document>