<?xml version="1.0" encoding="UTF-8"?><Document xmlns:xsi="http://www.w3.org/2001/XMLSchema-instance" xmlns="urn:iso:std:iso:20022:tech:xsd:camt.054.001.01"><BkToCstmrDbtCdtNtfctnV01><GrpHdr><MsgId>80309K//12958</MsgId><CreDtTm>2018-09-17T08:30:00</CreDtTm></GrpHdr><Ntfctn><Id>80309K//12958//1</Id><CreDtTm>2018-09-17T08:30:00</CreDtTm><Acct><Id><PrtryAcct><Id>20594233939774</Id></PrtryAcct></Id><Ccy>GBP</Ccy></Acct><TxsSummry><TtlNtries><NbOfNtries>6</NbOfNtries><Sum>255.75</Sum></TtlNtries><TtlCdtNtries><NbOfNtries>6</NbOfNtries><Sum>255.75</Sum></TtlCdtNtries><TtlDbtNtries><NbOfNtries>0</NbOfNtries><Sum>0.00</Sum></TtlDbtNtries></TxsSummry><Ntry><Amt Ccy="GBP">50.00</Amt><CdtDbtInd>CRDT</CdtDbtInd><Sts>BOOK</Sts><BookgDt><Dt>2018-09-17</Dt></BookgDt><BkTxCd><Prtry><Cd>SIP UKBA CR 40269</Cd></Prtry></BkTxCd><TxDtls><Refs><EndToEndId>NOREF</EndToEndId><TxId>RP4679961553440200</TxId></Refs><RltdPties><Dbtr><Nm>HERMAN M</Nm></Dbtr><DbtrAcct><Id><PrtryAcct><Id>20320663605515</Id></PrtryAcct></Id></DbtrAcct><Cdtr><Nm>SHAHID RASOOL</Nm></Cdtr><CdtrAcct><Id><PrtryAcct><Id>23008200178134</Id></PrtryAcct></Id></CdtrAcct><Prtry><Tp>MARK</Tp><Pty/></Prtry></RltdPties><RmtInf><Strd><AddtlRmtInf>NO REF</AddtlRmtInf></Strd><Strd><AddtlRmtInf>HERMAN M//MARK</AddtlRmtInf></Strd></RmtInf><RltdDts><TxDtTm>2018-09-17T08:06:47</TxDtTm></RltdDts><AddtlTxInf>RP46799615534402001020180917826200026</AddtlTxInf></TxDtls><AddtlNtryInf>COMPLETE//0000//001//CREDIT</AddtlNtryInf></Ntry><Ntry><Amt Ccy="GBP">13.75</Amt><CdtDbtInd>CRDT</CdtDbtInd><Sts>BOOK</Sts><BookgDt><Dt>2018-09-17</Dt></BookgDt><BkTxCd><Prtry><Cd>SIP UKBA CR 40269</Cd></Prtry></BkTxCd><TxDtls><Refs><EndToEndId>5000000616zPOBACU5D</EndToEndId><TxId>DF0000006425978600</TxId></Refs><RltdPties><Dbtr><Nm>TSE Malta LP</Nm><PstlAdr><AdrLine>57/63 Line Wall RoadGibraltarEC4N 8</AdrLine><AdrLine>AF</AdrLine><Ctry/></PstlAdr></Dbtr><DbtrAcct><Id><PrtryAcct><Id>20364763140148</Id></PrtryAcct></Id></DbtrAcct><Cdtr><Nm>Joshua Swi</Nm></Cdtr><CdtrAcct><Id><PrtryAcct><Id>23008200443446</Id></PrtryAcct></Id></CdtrAcct><Prtry><Tp>/PAYER ACC/POBACU5</Tp><Pty/></Prtry></RltdPties><RmtInf><Strd><AddtlRmtInf>/PAYER ACC/POBACU5D/-90066835117</AddtlRmtInf></Strd><Strd><AddtlRmtInf>TSE Malta LP///PAYER ACC/POBACU5</AddtlRmtInf></Strd></RmtInf><RltdDts><TxDtTm>2018-09-17T08:06:52</TxDtTm></RltdDts><AddtlTxInf>DF00000064259786001020180917826200000</AddtlTxInf></TxDtls><AddtlNtryInf>COMPLETE//0000//001//CREDIT</AddtlNtryInf></Ntry><Ntry><Amt Ccy="GBP">80.00</Amt><CdtDbtInd>CRDT</CdtDbtInd><Sts>BOOK</Sts><BookgDt><Dt>2018-09-17</Dt></BookgDt><BkTxCd><Prtry><Cd>SIP UKBA CR 40269</Cd></Prtry></BkTxCd><TxDtls><Refs><EndToEndId>5000000616zPOBACP9R</EndToEndId><TxId>DF0000006425967800</TxId></Refs><RltdPties><Dbtr><Nm>Cassava Enterprises (Gibraltar) Ltd</Nm><PstlAdr><AdrLine>57/63 Line Wall RdGibraltarGX11 1AA</AdrLine><Ctry/></PstlAdr></Dbtr><DbtrAcct><Id><PrtryAcct><Id>20364763140148</Id></PrtryAcct></Id></DbtrAcct><Cdtr><Nm>kirsty thurlow hughes</Nm></Cdtr><CdtrAcct><Id><PrtryAcct><Id>23008200304897</Id></PrtryAcct></Id></CdtrAcct><Prtry><Tp>/PAYER ACC/POBACP9</Tp><Pty/></Prtry></RltdPties><RmtInf><Strd><AddtlRmtInf>/PAYER ACC/POBACP9R/-38564935</AddtlRmtInf></Strd><Strd><AddtlRmtInf>Cassava Enterprise///PAYER ACC/POBACP9</AddtlRmtInf></Strd></RmtInf><RltdDts><TxDtTm>2018-09-17T08:07:16</TxDtTm></RltdDts><AddtlTxInf>DF00000064259678001020180917826200000</AddtlTxInf></TxDtls><AddtlNtryInf>COMPLETE//0000//001//CREDIT</AddtlNtryInf></Ntry><Ntry><Amt Ccy="GBP">40.00</Amt><CdtDbtInd>CRDT</CdtDbtInd><Sts>BOOK</Sts><BookgDt><Dt>2018-09-17</Dt></BookgDt><BkTxCd><Prtry><Cd>SIP UKBA CR 40269</Cd></Prtry></BkTxCd><TxDtls><Refs><EndToEndId>NOREF</EndToEndId><TxId>558731829080719001</TxId><Prtry><Tp>STO REF</Tp><Ref>0000</Ref></Prtry></Refs><RltdPties><Dbtr><Nm>MCCAUL P</Nm></Dbtr><DbtrAcct><Id><PrtryAcct><Id>40312041315269</Id></PrtryAcct></Id></DbtrAcct><Cdtr><Nm>Edward</Nm></Cdtr><CdtrAcct><Id><PrtryAcct><Id>23008200433000</Id></PrtryAcct></Id></CdtrAcct><Prtry><Tp>Shauna</Tp><Pty/></Prtry></RltdPties><RmtInf><Strd><AddtlRmtInf>NO REF</AddtlRmtInf></Strd><Strd><AddtlRmtInf>MCCAUL P//Shauna</AddtlRmtInf></Strd></RmtInf><RltdDts><TxDtTm>2018-09-17T08:09:28</TxDtTm></RltdDts><AddtlTxInf>5587318290807190011020180917826403120</AddtlTxInf></TxDtls><AddtlNtryInf>COMPLETE//0000//001//CREDIT</AddtlNtryInf></Ntry><Ntry><Amt Ccy="GBP">40.00</Amt><CdtDbtInd>CRDT</CdtDbtInd><Sts>BOOK</Sts><BookgDt><Dt>2018-09-17</Dt></BookgDt><BkTxCd><Prtry><Cd>SIP UKBA CR 40269</Cd></Prtry></BkTxCd><TxDtls><Refs><EndToEndId>000000FT18260BSYKC</EndToEndId><TxId>000000FT18260BSYKC</TxId></Refs><RltdPties><Dbtr><Nm>DOMINIC JAMES MCCREADIE</Nm><PstlAdr><AdrLine>47 WOOTTON DRIVE;HERTFORDSHIRE</AdrLine><Ctry/></PstlAdr></Dbtr><DbtrAcct><Id><PrtryAcct><Id>23058019293653</Id></PrtryAcct></Id></DbtrAcct><Cdtr><Nm>miss r muhammad</Nm><PstlAdr><AdrLine>WIRECARD;WIRECARD CARD SOLUTIONS</AdrLine><Ctry/></PstlAdr></Cdtr><CdtrAcct><Id><PrtryAcct><Id>23008200315624</Id></PrtryAcct></Id></CdtrAcct><Prtry><Tp>poop stuck in hair</Tp><Pty/></Prtry></RltdPties><RmtInf><Strd><AddtlRmtInf>NO REF</AddtlRmtInf></Strd><Strd><AddtlRmtInf>DOMINIC JAMES MCCR//poop stuck in hair</AddtlRmtInf></Strd></RmtInf><RltdDts><TxDtTm>2018-09-17T08:13:22</TxDtTm></RltdDts><AddtlTxInf>000000FT18260BSYKC1020180917826230580</AddtlTxInf></TxDtls><AddtlNtryInf>COMPLETE//0000//001//CREDIT</AddtlNtryInf></Ntry><Ntry><Amt Ccy="GBP">32.00</Amt><CdtDbtInd>CRDT</CdtDbtInd><Sts>BOOK</Sts><BookgDt><Dt>2018-09-17</Dt></BookgDt><BkTxCd><Prtry><Cd>SIP UKBA CR 40269</Cd></Prtry></BkTxCd><TxDtls><Refs><EndToEndId>PPWD00000000ANVJE6</EndToEndId><TxId>PPWD00000000ANVJE6</TxId></Refs><RltdPties><Dbtr><Nm>PayPal</Nm><PstlAdr><AdrLine>2211 N 1st Street San Jose CA 95131</AdrLine><Ctry/></PstlAdr></Dbtr><DbtrAcct><Id><PrtryAcct><Id>23526278959595</Id></PrtryAcct></Id></DbtrAcct><Cdtr><Nm>Arunas Simkus</Nm><PstlAdr><AdrLine>121 Reede Road</AdrLine><Ctry/></PstlAdr></Cdtr><CdtrAcct><Id><PrtryAcct><Id>23008200122135</Id></PrtryAcct></Id></CdtrAcct><Prtry><Tp>PPWDL5TLJ2AL5LU6P2</Tp><Pty/></Prtry></RltdPties><RmtInf><Strd><RfrdDocInf><RfrdDocTp><Prtry>002</Prtry></RfrdDocTp></RfrdDocInf><AddtlRmtInf>NO REF</AddtlRmtInf></Strd><Strd><AddtlRmtInf>PayPal//PPWDL5TLJ2AL5LU6P2</AddtlRmtInf></Strd></RmtInf><RltdDts><TxDtTm>2018-09-17T08:14:08</TxDtTm></RltdDts><AddtlTxInf>PPWD00000000ANVJE61020180917826235262</AddtlTxInf></TxDtls><AddtlNtryInf>COMPLETE//0000//001//CREDIT</AddtlNtryInf></Ntry></Ntfctn></BkToCstmrDbtCdtNtfctnV01></Document>