<?xml version="1.0" encoding="UTF-8"?><Document xmlns:xsi="http://www.w3.org/2001/XMLSchema-instance" xmlns="urn:iso:std:iso:20022:tech:xsd:camt.054.001.01"><BkToCstmrDbtCdtNtfctnV01><GrpHdr><MsgId>80309K//12912</MsgId><CreDtTm>2018-09-16T07:30:00</CreDtTm></GrpHdr><Ntfctn><Id>80309K//12912//1</Id><CreDtTm>2018-09-16T07:30:00</CreDtTm><Acct><Id><PrtryAcct><Id>20594233939774</Id></PrtryAcct></Id><Ccy>GBP</Ccy></Acct><TxsSummry><TtlNtries><NbOfNtries>2</NbOfNtries><Sum>60.00</Sum></TtlNtries><TtlCdtNtries><NbOfNtries>2</NbOfNtries><Sum>60.00</Sum></TtlCdtNtries><TtlDbtNtries><NbOfNtries>0</NbOfNtries><Sum>0.00</Sum></TtlDbtNtries></TxsSummry><Ntry><Amt Ccy="GBP">50.00</Amt><CdtDbtInd>CRDT</CdtDbtInd><Sts>BOOK</Sts><BookgDt><Dt>2018-09-17</Dt></BookgDt><BkTxCd><Prtry><Cd>SIP UKBA CR 40269</Cd></Prtry></BkTxCd><TxDtls><Refs><EndToEndId>NOREF</EndToEndId><TxId>300000000392740606</TxId></Refs><RltdPties><Dbtr><Nm>E Docherty</Nm></Dbtr><DbtrAcct><Id><PrtryAcct><Id>77210434337960</Id></PrtryAcct></Id></DbtrAcct><Cdtr><Nm>JAMES NEW</Nm></Cdtr><CdtrAcct><Id><PrtryAcct><Id>23008200089440</Id></PrtryAcct></Id></CdtrAcct><Prtry><Tp>LONDON</Tp><Pty/></Prtry></RltdPties><RmtInf><Strd><AddtlRmtInf>NO REF</AddtlRmtInf></Strd><Strd><AddtlRmtInf>E Docherty//LONDON</AddtlRmtInf></Strd></RmtInf><RltdDts><TxDtTm>2018-09-16T07:05:23</TxDtTm></RltdDts><AddtlTxInf>3000000003927406061020180916826772104</AddtlTxInf></TxDtls><AddtlNtryInf>COMPLETE//0000//003//CREDIT</AddtlNtryInf></Ntry><Ntry><Amt Ccy="GBP">10.00</Amt><CdtDbtInd>CRDT</CdtDbtInd><Sts>BOOK</Sts><BookgDt><Dt>2018-09-17</Dt></BookgDt><BkTxCd><Prtry><Cd>SIP UKBA CR 40269</Cd></Prtry></BkTxCd><TxDtls><Refs><EndToEndId>PPWD00000000ANNF96</EndToEndId><TxId>PPWD00000000ANNF96</TxId></Refs><RltdPties><Dbtr><Nm>PayPal</Nm><PstlAdr><AdrLine>2211 N 1st Street San Jose CA 95131</AdrLine><Ctry/></PstlAdr></Dbtr><DbtrAcct><Id><PrtryAcct><Id>23526278959595</Id></PrtryAcct></Id></DbtrAcct><Cdtr><Nm>Duncan Heyes</Nm><PstlAdr><AdrLine>189 Ashfield Avenue</AdrLine><Ctry/></PstlAdr></Cdtr><CdtrAcct><Id><PrtryAcct><Id>23008200445743</Id></PrtryAcct></Id></CdtrAcct><Prtry><Tp>PPWDL4Q322AL4B3GZQ</Tp><Pty/></Prtry></RltdPties><RmtInf><Strd><RfrdDocInf><RfrdDocTp><Prtry>002</Prtry></RfrdDocTp></RfrdDocInf><AddtlRmtInf>NO REF</AddtlRmtInf></Strd><Strd><AddtlRmtInf>PayPal//PPWDL4Q322AL4B3GZQ</AddtlRmtInf></Strd></RmtInf><RltdDts><TxDtTm>2018-09-16T07:07:41</TxDtTm></RltdDts><AddtlTxInf>PPWD00000000ANNF961020180916826235262</AddtlTxInf></TxDtls><AddtlNtryInf>COMPLETE//0000//003//CREDIT</AddtlNtryInf></Ntry></Ntfctn></BkToCstmrDbtCdtNtfctnV01></Document>