<?xml version="1.0" encoding="UTF-8"?><Document xmlns:xsi="http://www.w3.org/2001/XMLSchema-instance" xmlns="urn:iso:std:iso:20022:tech:xsd:camt.054.001.01"><BkToCstmrDbtCdtNtfctnV01><GrpHdr><MsgId>80309K//12750</MsgId><CreDtTm>2018-09-12T12:30:00</CreDtTm></GrpHdr><Ntfctn><Id>80309K//12750//1</Id><CreDtTm>2018-09-12T12:30:00</CreDtTm><Acct><Id><PrtryAcct><Id>20594233939774</Id></PrtryAcct></Id><Ccy>GBP</Ccy></Acct><TxsSummry><TtlNtries><NbOfNtries>10</NbOfNtries><Sum>756.97</Sum></TtlNtries><TtlCdtNtries><NbOfNtries>10</NbOfNtries><Sum>756.97</Sum></TtlCdtNtries><TtlDbtNtries><NbOfNtries>0</NbOfNtries><Sum>0.00</Sum></TtlDbtNtries></TxsSummry><Ntry><Amt Ccy="GBP">15.00</Amt><CdtDbtInd>CRDT</CdtDbtInd><Sts>BOOK</Sts><BookgDt><Dt>2018-09-12</Dt></BookgDt><BkTxCd><Prtry><Cd>SIP UKBA CR 40269</Cd></Prtry></BkTxCd><TxDtls><Refs><EndToEndId>NOREF</EndToEndId><TxId>RP4679961203649700</TxId></Refs><RltdPties><Dbtr><Nm>WHITE CHRISTOPHE</Nm></Dbtr><DbtrAcct><Id><PrtryAcct><Id>20709483520781</Id></PrtryAcct></Id></DbtrAcct><Cdtr><Nm>CHRISTOPHER WHITE</Nm></Cdtr><CdtrAcct><Id><PrtryAcct><Id>23008200292739</Id></PrtryAcct></Id></CdtrAcct><Prtry><Tp>MONEY</Tp><Pty/></Prtry></RltdPties><RmtInf><Strd><AddtlRmtInf>NO REF</AddtlRmtInf></Strd><Strd><AddtlRmtInf>WHITE CHRISTOPHE//MONEY</AddtlRmtInf></Strd></RmtInf><RltdDts><TxDtTm>2018-09-12T12:00:43</TxDtTm></RltdDts><AddtlTxInf>RP46799612036497001020180912826200026</AddtlTxInf></TxDtls><AddtlNtryInf>COMPLETE//0000//001//CREDIT</AddtlNtryInf></Ntry><Ntry><Amt Ccy="GBP">5.50</Amt><CdtDbtInd>CRDT</CdtDbtInd><Sts>BOOK</Sts><BookgDt><Dt>2018-09-12</Dt></BookgDt><BkTxCd><Prtry><Cd>SIP UKBA CR 40269</Cd></Prtry></BkTxCd><TxDtls><Refs><EndToEndId>NOREF</EndToEndId><TxId>100000000386437003</TxId></Refs><RltdPties><Dbtr><Nm>I Mwamba</Nm></Dbtr><DbtrAcct><Id><PrtryAcct><Id>30846232175168</Id></PrtryAcct></Id></DbtrAcct><Cdtr><Nm>JEMIMA</Nm></Cdtr><CdtrAcct><Id><PrtryAcct><Id>23008200353301</Id></PrtryAcct></Id></CdtrAcct><Prtry><Tp>FOOD</Tp><Pty/></Prtry></RltdPties><RmtInf><Strd><AddtlRmtInf>NO REF</AddtlRmtInf></Strd><Strd><AddtlRmtInf>I Mwamba//FOOD</AddtlRmtInf></Strd></RmtInf><RltdDts><TxDtTm>2018-09-12T12:06:35</TxDtTm></RltdDts><AddtlTxInf>1000000003864370031020180912826308462</AddtlTxInf></TxDtls><AddtlNtryInf>COMPLETE//0000//001//CREDIT</AddtlNtryInf></Ntry><Ntry><Amt Ccy="GBP">251.44</Amt><CdtDbtInd>CRDT</CdtDbtInd><Sts>BOOK</Sts><BookgDt><Dt>2018-09-12</Dt></BookgDt><BkTxCd><Prtry><Cd>SIP UKBA CR 40269</Cd></Prtry></BkTxCd><TxDtls><Refs><EndToEndId>NOREF</EndToEndId><TxId>913876507021219001</TxId><Prtry><Tp>STO REF</Tp><Ref>0000</Ref></Prtry></Refs><RltdPties><Dbtr><Nm>CIAMPI FAMLY</Nm></Dbtr><DbtrAcct><Id><PrtryAcct><Id>40100232484196</Id></PrtryAcct></Id></DbtrAcct><Cdtr><Nm>IRINA LOSEVA</Nm></Cdtr><CdtrAcct><Id><PrtryAcct><Id>23008200131109</Id></PrtryAcct></Id></CdtrAcct><Prtry><Tp>WEEKLY WAGES</Tp><Pty/></Prtry></RltdPties><RmtInf><Strd><AddtlRmtInf>NO REF</AddtlRmtInf></Strd><Strd><AddtlRmtInf>CIAMPI FAMLY//WEEKLY WAGES</AddtlRmtInf></Strd></RmtInf><RltdDts><TxDtTm>2018-09-12T12:07:06</TxDtTm></RltdDts><AddtlTxInf>9138765070212190011020180912826401002</AddtlTxInf></TxDtls><AddtlNtryInf>COMPLETE//0000//001//CREDIT</AddtlNtryInf></Ntry><Ntry><Amt Ccy="GBP">95.00</Amt><CdtDbtInd>CRDT</CdtDbtInd><Sts>BOOK</Sts><BookgDt><Dt>2018-09-12</Dt></BookgDt><BkTxCd><Prtry><Cd>SIP UKBA CR 40269</Cd></Prtry></BkTxCd><TxDtls><Refs><EndToEndId>NOREF</EndToEndId><TxId>906262128021219001</TxId><Prtry><Tp>STO REF</Tp><Ref>0000</Ref></Prtry></Refs><RltdPties><Dbtr><Nm>MACK K L</Nm></Dbtr><DbtrAcct><Id><PrtryAcct><Id>40390132071835</Id></PrtryAcct></Id></DbtrAcct><Cdtr><Nm>Mr Nado</Nm></Cdtr><CdtrAcct><Id><PrtryAcct><Id>23008200149542</Id></PrtryAcct></Id></CdtrAcct><Prtry><Tp>Kyra</Tp><Pty/></Prtry></RltdPties><RmtInf><Strd><AddtlRmtInf>NO REF</AddtlRmtInf></Strd><Strd><AddtlRmtInf>MACK K L//Kyra</AddtlRmtInf></Strd></RmtInf><RltdDts><TxDtTm>2018-09-12T12:08:21</TxDtTm></RltdDts><AddtlTxInf>9062621280212190011020180912826403901</AddtlTxInf></TxDtls><AddtlNtryInf>COMPLETE//0000//001//CREDIT</AddtlNtryInf></Ntry><Ntry><Amt Ccy="GBP">0.01</Amt><CdtDbtInd>CRDT</CdtDbtInd><Sts>BOOK</Sts><BookgDt><Dt>2018-09-12</Dt></BookgDt><BkTxCd><Prtry><Cd>SIP UKBA CR 40269</Cd></Prtry></BkTxCd><TxDtls><Refs><EndToEndId>PPRD00000000AMQWVK</EndToEndId><TxId>PPRD00000000AMQWVK</TxId></Refs><RltdPties><Dbtr><Nm>PAYPAL CODE 5164</Nm><PstlAdr><AdrLine>2211 N 1st Street San Jose CA 95131</AdrLine><Ctry/></PstlAdr></Dbtr><DbtrAcct><Id><PrtryAcct><Id>23526285010101</Id></PrtryAcct></Id></DbtrAcct><Cdtr><Nm>Cameron Douglas</Nm><PstlAdr><AdrLine>7 Baldoran Drive</AdrLine><Ctry/></PstlAdr></Cdtr><CdtrAcct><Id><PrtryAcct><Id>23008200441803</Id></PrtryAcct></Id></CdtrAcct><Prtry><Tp>PAYPAL CODE 5164</Tp><Pty/></Prtry></RltdPties><RmtInf><Strd><RfrdDocInf><RfrdDocTp><Prtry>002</Prtry></RfrdDocTp></RfrdDocInf><AddtlRmtInf>NO REF</AddtlRmtInf></Strd><Strd><AddtlRmtInf>PAYPAL CODE 5164//PAYPAL CODE 5164</AddtlRmtInf></Strd></RmtInf><RltdDts><TxDtTm>2018-09-12T12:10:32</TxDtTm></RltdDts><AddtlTxInf>PPRD00000000AMQWVK1020180912826235262</AddtlTxInf></TxDtls><AddtlNtryInf>COMPLETE//0000//001//CREDIT</AddtlNtryInf></Ntry><Ntry><Amt Ccy="GBP">30.00</Amt><CdtDbtInd>CRDT</CdtDbtInd><Sts>BOOK</Sts><BookgDt><Dt>2018-09-12</Dt></BookgDt><BkTxCd><Prtry><Cd>SIP UKBA CR 40269</Cd></Prtry></BkTxCd><TxDtls><Refs><EndToEndId>00151596632BBDHHGC</EndToEndId><TxId>00151596632BBDHHGC</TxId></Refs><RltdPties><Dbtr><Nm>ADENIYI OKE</Nm></Dbtr><DbtrAcct><Id><PrtryAcct><Id>09012745555112</Id></PrtryAcct></Id></DbtrAcct><Cdtr><Nm>TANNES SOLUTION</Nm></Cdtr><CdtrAcct><Id><PrtryAcct><Id>23008200220991</Id></PrtryAcct></Id></CdtrAcct><Prtry><Tp>Niyi</Tp><Pty/></Prtry></RltdPties><RmtInf><Strd><AddtlRmtInf>NO REF</AddtlRmtInf></Strd><Strd><AddtlRmtInf>ADENIYI OKE//Niyi</AddtlRmtInf></Strd></RmtInf><RltdDts><TxDtTm>2018-09-12T12:20:56</TxDtTm></RltdDts><AddtlTxInf>00151596632BBDHHGC1020180912826090127</AddtlTxInf></TxDtls><AddtlNtryInf>COMPLETE//0000//001//CREDIT</AddtlNtryInf></Ntry><Ntry><Amt Ccy="GBP">350.00</Amt><CdtDbtInd>CRDT</CdtDbtInd><Sts>BOOK</Sts><BookgDt><Dt>2018-09-12</Dt></BookgDt><BkTxCd><Prtry><Cd>SIP UKBA CR 40269</Cd></Prtry></BkTxCd><TxDtls><Refs><EndToEndId>NOREF</EndToEndId><TxId>300000000391745267</TxId></Refs><RltdPties><Dbtr><Nm>J Boyles</Nm></Dbtr><DbtrAcct><Id><PrtryAcct><Id>30918400451311</Id></PrtryAcct></Id></DbtrAcct><Cdtr><Nm>ROBERT MACKAY</Nm></Cdtr><CdtrAcct><Id><PrtryAcct><Id>23008200151661</Id></PrtryAcct></Id></CdtrAcct><Prtry><Tp>GIANT DH</Tp><Pty/></Prtry></RltdPties><RmtInf><Strd><AddtlRmtInf>NO REF</AddtlRmtInf></Strd><Strd><AddtlRmtInf>J Boyles//GIANT DH</AddtlRmtInf></Strd></RmtInf><RltdDts><TxDtTm>2018-09-12T12:21:09</TxDtTm></RltdDts><AddtlTxInf>3000000003917452671020180912826309184</AddtlTxInf></TxDtls><AddtlNtryInf>COMPLETE//0000//001//CREDIT</AddtlNtryInf></Ntry><Ntry><Amt Ccy="GBP">10.00</Amt><CdtDbtInd>CRDT</CdtDbtInd><Sts>BOOK</Sts><BookgDt><Dt>2018-09-12</Dt></BookgDt><BkTxCd><Prtry><Cd>SIP UKBA CR 40269</Cd></Prtry></BkTxCd><TxDtls><Refs><EndToEndId>XX</EndToEndId><TxId>60122555294472000R</TxId><Prtry><Tp>STO REF</Tp><Ref>0000</Ref></Prtry></Refs><RltdPties><Dbtr><Nm>EASON LE</Nm></Dbtr><DbtrAcct><Id><PrtryAcct><Id>16262710880322</Id></PrtryAcct></Id></DbtrAcct><Cdtr><Nm>RHEA DAY</Nm></Cdtr><CdtrAcct><Id><PrtryAcct><Id>23008200183443</Id></PrtryAcct></Id></CdtrAcct><Prtry><Tp>XX</Tp><Pty/></Prtry></RltdPties><RmtInf><Strd><AddtlRmtInf>EASON LE          XX                VIA MOBILE - LVP</AddtlRmtInf></Strd><Strd><AddtlRmtInf>EASON LE//XX</AddtlRmtInf></Strd></RmtInf><RltdDts><TxDtTm>2018-09-12T12:25:55</TxDtTm></RltdDts><AddtlTxInf>60122555294472000R1020180912826162627</AddtlTxInf></TxDtls><AddtlNtryInf>COMPLETE//0000//001//CREDIT</AddtlNtryInf></Ntry><Ntry><Amt Ccy="GBP">0.01</Amt><CdtDbtInd>CRDT</CdtDbtInd><Sts>BOOK</Sts><BookgDt><Dt>2018-09-12</Dt></BookgDt><BkTxCd><Prtry><Cd>SIP UKBA CR 40269</Cd></Prtry></BkTxCd><TxDtls><Refs><EndToEndId>PPRD00000000AMR2FM</EndToEndId><TxId>PPRD00000000AMR2FM</TxId></Refs><RltdPties><Dbtr><Nm>PAYPAL CODE 5343</Nm><PstlAdr><AdrLine>2211 N 1st Street San Jose CA 95131</AdrLine><Ctry/></PstlAdr></Dbtr><DbtrAcct><Id><PrtryAcct><Id>23526285010101</Id></PrtryAcct></Id></DbtrAcct><Cdtr><Nm>Richard Bullen</Nm><PstlAdr><AdrLine>1 Victoria Square</AdrLine><Ctry/></PstlAdr></Cdtr><CdtrAcct><Id><PrtryAcct><Id>23008200440055</Id></PrtryAcct></Id></CdtrAcct><Prtry><Tp>PAYPAL CODE 5343</Tp><Pty/></Prtry></RltdPties><RmtInf><Strd><RfrdDocInf><RfrdDocTp><Prtry>002</Prtry></RfrdDocTp></RfrdDocInf><AddtlRmtInf>NO REF</AddtlRmtInf></Strd><Strd><AddtlRmtInf>PAYPAL CODE 5343//PAYPAL CODE 5343</AddtlRmtInf></Strd></RmtInf><RltdDts><TxDtTm>2018-09-12T12:26:54</TxDtTm></RltdDts><AddtlTxInf>PPRD00000000AMR2FM1020180912826235262</AddtlTxInf></TxDtls><AddtlNtryInf>COMPLETE//0000//001//CREDIT</AddtlNtryInf></Ntry><Ntry><Amt Ccy="GBP">0.01</Amt><CdtDbtInd>CRDT</CdtDbtInd><Sts>BOOK</Sts><BookgDt><Dt>2018-09-12</Dt></BookgDt><BkTxCd><Prtry><Cd>SIP UKBA CR 40269</Cd></Prtry></BkTxCd><TxDtls><Refs><EndToEndId>PPRD00000000AMR302</EndToEndId><TxId>PPRD00000000AMR302</TxId></Refs><RltdPties><Dbtr><Nm>PAYPAL CODE 3796</Nm><PstlAdr><AdrLine>2211 N 1st Street San Jose CA 95131</AdrLine><Ctry/></PstlAdr></Dbtr><DbtrAcct><Id><PrtryAcct><Id>23526285010101</Id></PrtryAcct></Id></DbtrAcct><Cdtr><Nm>Taegan Vickers</Nm><PstlAdr><AdrLine>13 Clay Flat lane</AdrLine><Ctry/></PstlAdr></Cdtr><CdtrAcct><Id><PrtryAcct><Id>23008200441901</Id></PrtryAcct></Id></CdtrAcct><Prtry><Tp>PAYPAL CODE 3796</Tp><Pty/></Prtry></RltdPties><RmtInf><Strd><RfrdDocInf><RfrdDocTp><Prtry>002</Prtry></RfrdDocTp></RfrdDocInf><AddtlRmtInf>NO REF</AddtlRmtInf></Strd><Strd><AddtlRmtInf>PAYPAL CODE 3796//PAYPAL CODE 3796</AddtlRmtInf></Strd></RmtInf><RltdDts><TxDtTm>2018-09-12T12:28:31</TxDtTm></RltdDts><AddtlTxInf>PPRD00000000AMR3021020180912826235262</AddtlTxInf></TxDtls><AddtlNtryInf>COMPLETE//0000//001//CREDIT</AddtlNtryInf></Ntry></Ntfctn></BkToCstmrDbtCdtNtfctnV01></Document>