<?xml version="1.0" encoding="UTF-8"?><Document xmlns:xsi="http://www.w3.org/2001/XMLSchema-instance" xmlns="urn:iso:std:iso:20022:tech:xsd:camt.054.001.01"><BkToCstmrDbtCdtNtfctnV01><GrpHdr><MsgId>80309K//13316</MsgId><CreDtTm>2018-09-25T14:30:00</CreDtTm></GrpHdr><Ntfctn><Id>80309K//13316//1</Id><CreDtTm>2018-09-25T14:30:00</CreDtTm><Acct><Id><PrtryAcct><Id>20594233939774</Id></PrtryAcct></Id><Ccy>GBP</Ccy></Acct><TxsSummry><TtlNtries><NbOfNtries>10</NbOfNtries><Sum>645.49</Sum></TtlNtries><TtlCdtNtries><NbOfNtries>10</NbOfNtries><Sum>645.49</Sum></TtlCdtNtries><TtlDbtNtries><NbOfNtries>0</NbOfNtries><Sum>0.00</Sum></TtlDbtNtries></TxsSummry><Ntry><Amt Ccy="GBP">15.00</Amt><CdtDbtInd>CRDT</CdtDbtInd><Sts>BOOK</Sts><BookgDt><Dt>2018-09-25</Dt></BookgDt><BkTxCd><Prtry><Cd>SIP UKBA CR 40269</Cd></Prtry></BkTxCd><TxDtls><Refs><EndToEndId>NOREF</EndToEndId><TxId>600000000391447059</TxId></Refs><RltdPties><Dbtr><Nm>F Farrington</Nm></Dbtr><DbtrAcct><Id><PrtryAcct><Id>77723303166968</Id></PrtryAcct></Id></DbtrAcct><Cdtr><Nm>MISS SHANNON SANSB</Nm></Cdtr><CdtrAcct><Id><PrtryAcct><Id>23008200369447</Id></PrtryAcct></Id></CdtrAcct><Prtry><Tp>Taxi</Tp><Pty/></Prtry></RltdPties><RmtInf><Strd><AddtlRmtInf>NO REF</AddtlRmtInf></Strd><Strd><AddtlRmtInf>F Farrington//Taxi</AddtlRmtInf></Strd></RmtInf><RltdDts><TxDtTm>2018-09-25T14:01:07</TxDtTm></RltdDts><AddtlTxInf>6000000003914470591020180925826777233</AddtlTxInf></TxDtls><AddtlNtryInf>COMPLETE//0000//002//CREDIT</AddtlNtryInf></Ntry><Ntry><Amt Ccy="GBP">20.00</Amt><CdtDbtInd>CRDT</CdtDbtInd><Sts>BOOK</Sts><BookgDt><Dt>2018-09-25</Dt></BookgDt><BkTxCd><Prtry><Cd>SIP UKBA CR 40269</Cd></Prtry></BkTxCd><TxDtls><Refs><EndToEndId>NOREF</EndToEndId><TxId>180925141008654499</TxId></Refs><RltdPties><Dbtr><Nm>Jade Ashby</Nm></Dbtr><DbtrAcct><Id><PrtryAcct><Id>77682202530260</Id></PrtryAcct></Id></DbtrAcct><Cdtr><Nm>Daniel new</Nm></Cdtr><CdtrAcct><Id><PrtryAcct><Id>23008200211562</Id></PrtryAcct></Id></CdtrAcct></RltdPties><RmtInf><Strd><AddtlRmtInf>NO REF</AddtlRmtInf></Strd><Strd><AddtlRmtInf>Jade Ashby//</AddtlRmtInf></Strd></RmtInf><RltdDts><TxDtTm>2018-09-25T14:10:05</TxDtTm></RltdDts><AddtlTxInf>1809251410086544991020180925826776822</AddtlTxInf></TxDtls><AddtlNtryInf>COMPLETE//0000//002//CREDIT</AddtlNtryInf></Ntry><Ntry><Amt Ccy="GBP">20.00</Amt><CdtDbtInd>CRDT</CdtDbtInd><Sts>BOOK</Sts><BookgDt><Dt>2018-09-25</Dt></BookgDt><BkTxCd><Prtry><Cd>SIP UKBA CR 40269</Cd></Prtry></BkTxCd><TxDtls><Refs><EndToEndId>NOREF</EndToEndId><TxId>RP4679962206446800</TxId></Refs><RltdPties><Dbtr><Nm>MARDIN A</Nm></Dbtr><DbtrAcct><Id><PrtryAcct><Id>20473483891607</Id></PrtryAcct></Id></DbtrAcct><Cdtr><Nm>ALAN KADAR</Nm></Cdtr><CdtrAcct><Id><PrtryAcct><Id>23008200142073</Id></PrtryAcct></Id></CdtrAcct><Prtry><Tp>ARAM</Tp><Pty/></Prtry></RltdPties><RmtInf><Strd><AddtlRmtInf>NO REF</AddtlRmtInf></Strd><Strd><AddtlRmtInf>MARDIN A//ARAM</AddtlRmtInf></Strd></RmtInf><RltdDts><TxDtTm>2018-09-25T14:10:52</TxDtTm></RltdDts><AddtlTxInf>RP46799622064468001020180925826200026</AddtlTxInf></TxDtls><AddtlNtryInf>COMPLETE//0000//002//CREDIT</AddtlNtryInf></Ntry><Ntry><Amt Ccy="GBP">52.00</Amt><CdtDbtInd>CRDT</CdtDbtInd><Sts>BOOK</Sts><BookgDt><Dt>2018-09-25</Dt></BookgDt><BkTxCd><Prtry><Cd>SIP UKBA CR 40269</Cd></Prtry></BkTxCd><TxDtls><Refs><EndToEndId>NOREF</EndToEndId><TxId>RP4679962206686500</TxId></Refs><RltdPties><Dbtr><Nm>BUCHANAN J</Nm></Dbtr><DbtrAcct><Id><PrtryAcct><Id>20270523764079</Id></PrtryAcct></Id></DbtrAcct><Cdtr><Nm>MR A DETTMAR</Nm></Cdtr><CdtrAcct><Id><PrtryAcct><Id>23008200466630</Id></PrtryAcct></Id></CdtrAcct><Prtry><Tp>A. D LTD</Tp><Pty/></Prtry></RltdPties><RmtInf><Strd><AddtlRmtInf>NO REF</AddtlRmtInf></Strd><Strd><AddtlRmtInf>BUCHANAN J//A. D LTD</AddtlRmtInf></Strd></RmtInf><RltdDts><TxDtTm>2018-09-25T14:13:36</TxDtTm></RltdDts><AddtlTxInf>RP46799622066865001020180925826200026</AddtlTxInf></TxDtls><AddtlNtryInf>COMPLETE//0000//002//CREDIT</AddtlNtryInf></Ntry><Ntry><Amt Ccy="GBP">267.75</Amt><CdtDbtInd>CRDT</CdtDbtInd><Sts>BOOK</Sts><BookgDt><Dt>2018-09-25</Dt></BookgDt><BkTxCd><Prtry><Cd>SIP UKBA CR 40269</Cd></Prtry></BkTxCd><TxDtls><Refs><EndToEndId>NOREF</EndToEndId><TxId>19141612065590000N</TxId><Prtry><Tp>STO REF</Tp><Ref>0000</Ref></Prtry></Refs><RltdPties><Dbtr><Nm>ALL EVENTS SECURIT</Nm></Dbtr><DbtrAcct><Id><PrtryAcct><Id>52301832567278</Id></PrtryAcct></Id></DbtrAcct><Cdtr><Nm>WS SECURITY GROUP</Nm></Cdtr><CdtrAcct><Id><PrtryAcct><Id>23008200043448</Id></PrtryAcct></Id></CdtrAcct><Prtry><Tp>1033</Tp><Pty/></Prtry></RltdPties><RmtInf><Strd><AddtlRmtInf>ALL EVENTS SECURIT1033</AddtlRmtInf></Strd><Strd><AddtlRmtInf>ALL EVENTS SECURIT//1033</AddtlRmtInf></Strd></RmtInf><RltdDts><TxDtTm>2018-09-25T14:16:12</TxDtTm></RltdDts><AddtlTxInf>19141612065590000N1020180925826523018</AddtlTxInf></TxDtls><AddtlNtryInf>COMPLETE//0000//002//CREDIT</AddtlNtryInf></Ntry><Ntry><Amt Ccy="GBP">50.00</Amt><CdtDbtInd>CRDT</CdtDbtInd><Sts>BOOK</Sts><BookgDt><Dt>2018-09-25</Dt></BookgDt><BkTxCd><Prtry><Cd>SIP UKBA CR 40269</Cd></Prtry></BkTxCd><TxDtls><Refs><EndToEndId>NOREF</EndToEndId><TxId>51141738055449000N</TxId><Prtry><Tp>STO REF</Tp><Ref>0000</Ref></Prtry></Refs><RltdPties><Dbtr><Nm>MOHAMED NUR ADAM</Nm><PstlAdr><AdrLine>APS COTTONS CENTRE SE1 2QG</AdrLine><Ctry/></PstlAdr></Dbtr><DbtrAcct><Id><PrtryAcct><Id>08719986302344</Id></PrtryAcct></Id></DbtrAcct><Cdtr><Nm>RATHORE TECH LTD</Nm></Cdtr><CdtrAcct><Id><PrtryAcct><Id>23008200222719</Id></PrtryAcct></Id></CdtrAcct><Prtry><Tp>FRIEND</Tp><Pty/></Prtry></RltdPties><RmtInf><Strd><AddtlRmtInf>FRIEND</AddtlRmtInf></Strd><Strd><AddtlRmtInf>MOHAMED NUR ADAM//FRIEND</AddtlRmtInf></Strd></RmtInf><RltdDts><TxDtTm>2018-09-25T14:17:38</TxDtTm></RltdDts><AddtlTxInf>51141738055449000N1020180925826087199</AddtlTxInf></TxDtls><AddtlNtryInf>COMPLETE//0000//002//CREDIT</AddtlNtryInf></Ntry><Ntry><Amt Ccy="GBP">155.00</Amt><CdtDbtInd>CRDT</CdtDbtInd><Sts>BOOK</Sts><BookgDt><Dt>2018-09-25</Dt></BookgDt><BkTxCd><Prtry><Cd>SIP UKBA CR 40269</Cd></Prtry></BkTxCd><TxDtls><Refs><EndToEndId>NOREF</EndToEndId><TxId>RP4659985287633500</TxId></Refs><RltdPties><Dbtr><Nm>OBRIEN J</Nm></Dbtr><DbtrAcct><Id><PrtryAcct><Id>20274130672386</Id></PrtryAcct></Id></DbtrAcct><Cdtr><Nm>CAMERON CALVERT</Nm></Cdtr><CdtrAcct><Id><PrtryAcct><Id>23008200137682</Id></PrtryAcct></Id></CdtrAcct><Prtry><Tp>DONE</Tp><Pty/></Prtry></RltdPties><RmtInf><Strd><AddtlRmtInf>NO REF</AddtlRmtInf></Strd><Strd><AddtlRmtInf>OBRIEN J//DONE</AddtlRmtInf></Strd></RmtInf><RltdDts><TxDtTm>2018-09-25T14:22:20</TxDtTm></RltdDts><AddtlTxInf>RP46599852876335001020180925826200026</AddtlTxInf></TxDtls><AddtlNtryInf>COMPLETE//0000//002//CREDIT</AddtlNtryInf></Ntry><Ntry><Amt Ccy="GBP">35.73</Amt><CdtDbtInd>CRDT</CdtDbtInd><Sts>BOOK</Sts><BookgDt><Dt>2018-09-25</Dt></BookgDt><BkTxCd><Prtry><Cd>SIP UKBA CR 40269</Cd></Prtry></BkTxCd><TxDtls><Refs><EndToEndId>NOREF</EndToEndId><TxId>500000000391737027</TxId></Refs><RltdPties><Dbtr><Nm>L Williams</Nm></Dbtr><DbtrAcct><Id><PrtryAcct><Id>30939926191568</Id></PrtryAcct></Id></DbtrAcct><Cdtr><Nm>LEVI WILLIAMS</Nm></Cdtr><CdtrAcct><Id><PrtryAcct><Id>23008200117249</Id></PrtryAcct></Id></CdtrAcct></RltdPties><RmtInf><Strd><AddtlRmtInf>NO REF</AddtlRmtInf></Strd><Strd><AddtlRmtInf>L Williams//</AddtlRmtInf></Strd></RmtInf><RltdDts><TxDtTm>2018-09-25T14:23:33</TxDtTm></RltdDts><AddtlTxInf>5000000003917370271020180925826309399</AddtlTxInf></TxDtls><AddtlNtryInf>COMPLETE//0000//002//CREDIT</AddtlNtryInf></Ntry><Ntry><Amt Ccy="GBP">0.01</Amt><CdtDbtInd>CRDT</CdtDbtInd><Sts>BOOK</Sts><BookgDt><Dt>2018-09-25</Dt></BookgDt><BkTxCd><Prtry><Cd>SIP UKBA CR 40269</Cd></Prtry></BkTxCd><TxDtls><Refs><EndToEndId>PPRD00000000AQ1VLW</EndToEndId><TxId>PPRD00000000AQ1VLW</TxId></Refs><RltdPties><Dbtr><Nm>PAYPAL CODE 5630</Nm><PstlAdr><AdrLine>2211 N 1st Street San Jose CA 95131</AdrLine><Ctry/></PstlAdr></Dbtr><DbtrAcct><Id><PrtryAcct><Id>23526285010101</Id></PrtryAcct></Id></DbtrAcct><Cdtr><Nm>Main Ahmed</Nm><PstlAdr><AdrLine>57 Ben Vorlich Drive</AdrLine><Ctry/></PstlAdr></Cdtr><CdtrAcct><Id><PrtryAcct><Id>23008200454336</Id></PrtryAcct></Id></CdtrAcct><Prtry><Tp>PAYPAL CODE 5630</Tp><Pty/></Prtry></RltdPties><RmtInf><Strd><RfrdDocInf><RfrdDocTp><Prtry>002</Prtry></RfrdDocTp></RfrdDocInf><AddtlRmtInf>NO REF</AddtlRmtInf></Strd><Strd><AddtlRmtInf>PAYPAL CODE 5630//PAYPAL CODE 5630</AddtlRmtInf></Strd></RmtInf><RltdDts><TxDtTm>2018-09-25T14:23:36</TxDtTm></RltdDts><AddtlTxInf>PPRD00000000AQ1VLW1020180925826235262</AddtlTxInf></TxDtls><AddtlNtryInf>COMPLETE//0000//002//CREDIT</AddtlNtryInf></Ntry><Ntry><Amt Ccy="GBP">30.00</Amt><CdtDbtInd>CRDT</CdtDbtInd><Sts>BOOK</Sts><BookgDt><Dt>2018-09-25</Dt></BookgDt><BkTxCd><Prtry><Cd>SIP UKBA CR 40269</Cd></Prtry></BkTxCd><TxDtls><Refs><EndToEndId>5574220105211394</EndToEndId><TxId>43142831684970000N</TxId><Prtry><Tp>STO REF</Tp><Ref>0000</Ref></Prtry></Refs><RltdPties><Dbtr><Nm>HAYWOOD T</Nm></Dbtr><DbtrAcct><Id><PrtryAcct><Id>60171787642735</Id></PrtryAcct></Id></DbtrAcct><Cdtr><Nm>ARRO</Nm></Cdtr><CdtrAcct><Id><PrtryAcct><Id>23008200162339</Id></PrtryAcct></Id></CdtrAcct><Prtry><Tp>5574220105211394</Tp><Pty/></Prtry></RltdPties><RmtInf><Strd><AddtlRmtInf>HAYWOOD T         5574220105211394  VIA MOBILE - PYMT</AddtlRmtInf></Strd><Strd><AddtlRmtInf>HAYWOOD T//5574220105211394</AddtlRmtInf></Strd></RmtInf><RltdDts><TxDtTm>2018-09-25T14:28:32</TxDtTm></RltdDts><AddtlTxInf>43142831684970000N1020180925826601717</AddtlTxInf></TxDtls><AddtlNtryInf>COMPLETE//0000//002//CREDIT</AddtlNtryInf></Ntry></Ntfctn></BkToCstmrDbtCdtNtfctnV01></Document>