<?xml version="1.0" encoding="UTF-8"?><Document xmlns:xsi="http://www.w3.org/2001/XMLSchema-instance" xmlns="urn:iso:std:iso:20022:tech:xsd:camt.054.001.01"><BkToCstmrDbtCdtNtfctnV01><GrpHdr><MsgId>80309K//13391</MsgId><CreDtTm>2018-09-27T09:00:00</CreDtTm></GrpHdr><Ntfctn><Id>80309K//13391//1</Id><CreDtTm>2018-09-27T09:00:00</CreDtTm><Acct><Id><PrtryAcct><Id>20594233939774</Id></PrtryAcct></Id><Ccy>GBP</Ccy></Acct><TxsSummry><TtlNtries><NbOfNtries>11</NbOfNtries><Sum>832.49</Sum></TtlNtries><TtlCdtNtries><NbOfNtries>11</NbOfNtries><Sum>832.49</Sum></TtlCdtNtries><TtlDbtNtries><NbOfNtries>0</NbOfNtries><Sum>0.00</Sum></TtlDbtNtries></TxsSummry><Ntry><Amt Ccy="GBP">148.00</Amt><CdtDbtInd>CRDT</CdtDbtInd><Sts>BOOK</Sts><BookgDt><Dt>2018-09-27</Dt></BookgDt><BkTxCd><Prtry><Cd>SIP UKBA CR 40269</Cd></Prtry></BkTxCd><TxDtls><Refs><EndToEndId>NOREF</EndToEndId><TxId>50083455912803000N</TxId><Prtry><Tp>STO REF</Tp><Ref>0000</Ref></Prtry></Refs><RltdPties><Dbtr><Nm>MOHAMED NUR ADAM</Nm><PstlAdr><AdrLine>APS COTTONS CENTRE SE1 2QG</AdrLine><Ctry/></PstlAdr></Dbtr><DbtrAcct><Id><PrtryAcct><Id>08719986302344</Id></PrtryAcct></Id></DbtrAcct><Cdtr><Nm>RATHORE TECH LTD</Nm></Cdtr><CdtrAcct><Id><PrtryAcct><Id>23008200222719</Id></PrtryAcct></Id></CdtrAcct><Prtry><Tp>FRIEND</Tp><Pty/></Prtry></RltdPties><RmtInf><Strd><AddtlRmtInf>FRIEND</AddtlRmtInf></Strd><Strd><AddtlRmtInf>MOHAMED NUR ADAM//FRIEND</AddtlRmtInf></Strd></RmtInf><RltdDts><TxDtTm>2018-09-27T08:34:56</TxDtTm></RltdDts><AddtlTxInf>50083455912803000N1020180927826087199</AddtlTxInf></TxDtls><AddtlNtryInf>COMPLETE//0000//001//CREDIT</AddtlNtryInf></Ntry><Ntry><Amt Ccy="GBP">25.00</Amt><CdtDbtInd>CRDT</CdtDbtInd><Sts>BOOK</Sts><BookgDt><Dt>2018-09-27</Dt></BookgDt><BkTxCd><Prtry><Cd>SIP UKBA CR 40269</Cd></Prtry></BkTxCd><TxDtls><Refs><EndToEndId>NOREF</EndToEndId><TxId>50083504988824000N</TxId><Prtry><Tp>STO REF</Tp><Ref>0000</Ref></Prtry></Refs><RltdPties><Dbtr><Nm>JAMIE GALLIER</Nm><PstlAdr><AdrLine>APS COTTONS CENTRE SE1 2QG</AdrLine><Ctry/></PstlAdr></Dbtr><DbtrAcct><Id><PrtryAcct><Id>08719919644192</Id></PrtryAcct></Id></DbtrAcct><Cdtr><Nm>O OYE</Nm></Cdtr><CdtrAcct><Id><PrtryAcct><Id>23008200380731</Id></PrtryAcct></Id></CdtrAcct><Prtry><Tp>ARO</Tp><Pty/></Prtry></RltdPties><RmtInf><Strd><AddtlRmtInf>ARO</AddtlRmtInf></Strd><Strd><AddtlRmtInf>JAMIE GALLIER//ARO</AddtlRmtInf></Strd></RmtInf><RltdDts><TxDtTm>2018-09-27T08:35:05</TxDtTm></RltdDts><AddtlTxInf>50083504988824000N1020180927826087199</AddtlTxInf></TxDtls><AddtlNtryInf>COMPLETE//0000//001//CREDIT</AddtlNtryInf></Ntry><Ntry><Amt Ccy="GBP">10.00</Amt><CdtDbtInd>CRDT</CdtDbtInd><Sts>BOOK</Sts><BookgDt><Dt>2018-09-27</Dt></BookgDt><BkTxCd><Prtry><Cd>SIP UKBA CR 40269</Cd></Prtry></BkTxCd><TxDtls><Refs><EndToEndId>NOREF</EndToEndId><TxId>300000000395922584</TxId></Refs><RltdPties><Dbtr><Nm>Z Molnar</Nm></Dbtr><DbtrAcct><Id><PrtryAcct><Id>77660670349268</Id></PrtryAcct></Id></DbtrAcct><Cdtr><Nm>ZAN T</Nm></Cdtr><CdtrAcct><Id><PrtryAcct><Id>23008200440910</Id></PrtryAcct></Id></CdtrAcct><Prtry><Tp>Z</Tp><Pty/></Prtry></RltdPties><RmtInf><Strd><AddtlRmtInf>NO REF</AddtlRmtInf></Strd><Strd><AddtlRmtInf>Z Molnar//Z</AddtlRmtInf></Strd></RmtInf><RltdDts><TxDtTm>2018-09-27T08:35:24</TxDtTm></RltdDts><AddtlTxInf>3000000003959225841020180927826776606</AddtlTxInf></TxDtls><AddtlNtryInf>COMPLETE//0000//001//CREDIT</AddtlNtryInf></Ntry><Ntry><Amt Ccy="GBP">10.00</Amt><CdtDbtInd>CRDT</CdtDbtInd><Sts>BOOK</Sts><BookgDt><Dt>2018-09-27</Dt></BookgDt><BkTxCd><Prtry><Cd>SIP UKBA CR 40269</Cd></Prtry></BkTxCd><TxDtls><Refs><EndToEndId>KAZ</EndToEndId><TxId>42084058213010000N</TxId><Prtry><Tp>STO REF</Tp><Ref>0000</Ref></Prtry></Refs><RltdPties><Dbtr><Nm>BIRD KV</Nm></Dbtr><DbtrAcct><Id><PrtryAcct><Id>60180615604357</Id></PrtryAcct></Id></DbtrAcct><Cdtr><Nm>MISS LOUISE TURREL</Nm></Cdtr><CdtrAcct><Id><PrtryAcct><Id>23008200334676</Id></PrtryAcct></Id></CdtrAcct><Prtry><Tp>KAZ</Tp><Pty/></Prtry></RltdPties><RmtInf><Strd><AddtlRmtInf>BIRD KV           KAZ               VIA MOBILE - LVP</AddtlRmtInf></Strd><Strd><AddtlRmtInf>BIRD KV//KAZ</AddtlRmtInf></Strd></RmtInf><RltdDts><TxDtTm>2018-09-27T08:40:58</TxDtTm></RltdDts><AddtlTxInf>42084058213010000N1020180927826601806</AddtlTxInf></TxDtls><AddtlNtryInf>COMPLETE//0000//001//CREDIT</AddtlNtryInf></Ntry><Ntry><Amt Ccy="GBP">70.00</Amt><CdtDbtInd>CRDT</CdtDbtInd><Sts>BOOK</Sts><BookgDt><Dt>2018-09-27</Dt></BookgDt><BkTxCd><Prtry><Cd>SIP UKBA CR 40269</Cd></Prtry></BkTxCd><TxDtls><Refs><EndToEndId>57319</EndToEndId><TxId>57084406725318000N</TxId><Prtry><Tp>STO REF</Tp><Ref>0000</Ref></Prtry></Refs><RltdPties><Dbtr><Nm>THORNTON H</Nm></Dbtr><DbtrAcct><Id><PrtryAcct><Id>56004538256177</Id></PrtryAcct></Id></DbtrAcct><Cdtr><Nm>GEORGIOS KLADAKIS</Nm></Cdtr><CdtrAcct><Id><PrtryAcct><Id>23008200224810</Id></PrtryAcct></Id></CdtrAcct><Prtry><Tp>57319</Tp><Pty/></Prtry></RltdPties><RmtInf><Strd><AddtlRmtInf>THORNTON H        57319             VIA MOBILE - LVP</AddtlRmtInf></Strd><Strd><AddtlRmtInf>THORNTON H//57319</AddtlRmtInf></Strd></RmtInf><RltdDts><TxDtTm>2018-09-27T08:44:07</TxDtTm></RltdDts><AddtlTxInf>57084406725318000N1020180927826560045</AddtlTxInf></TxDtls><AddtlNtryInf>COMPLETE//0000//001//CREDIT</AddtlNtryInf></Ntry><Ntry><Amt Ccy="GBP">49.99</Amt><CdtDbtInd>CRDT</CdtDbtInd><Sts>BOOK</Sts><BookgDt><Dt>2018-09-27</Dt></BookgDt><BkTxCd><Prtry><Cd>SIP UKBA CR 40269</Cd></Prtry></BkTxCd><TxDtls><Refs><EndToEndId>ROSIE WILLIAMS</EndToEndId><TxId>04084653063973000N</TxId><Prtry><Tp>STO REF</Tp><Ref>0000</Ref></Prtry></Refs><RltdPties><Dbtr><Nm>PARRY SM</Nm></Dbtr><DbtrAcct><Id><PrtryAcct><Id>52305639604942</Id></PrtryAcct></Id></DbtrAcct><Cdtr><Nm>M DUNNI</Nm></Cdtr><CdtrAcct><Id><PrtryAcct><Id>23008200464838</Id></PrtryAcct></Id></CdtrAcct><Prtry><Tp>ROSIE WILLIAMS</Tp><Pty/></Prtry></RltdPties><RmtInf><Strd><AddtlRmtInf>PARRY SM          ROSIE WILLIAMS    VIA MOBILE - LVP</AddtlRmtInf></Strd><Strd><AddtlRmtInf>PARRY SM//ROSIE WILLIAMS</AddtlRmtInf></Strd></RmtInf><RltdDts><TxDtTm>2018-09-27T08:46:53</TxDtTm></RltdDts><AddtlTxInf>04084653063973000N1020180927826523056</AddtlTxInf></TxDtls><AddtlNtryInf>COMPLETE//0000//001//CREDIT</AddtlNtryInf></Ntry><Ntry><Amt Ccy="GBP">250.00</Amt><CdtDbtInd>CRDT</CdtDbtInd><Sts>BOOK</Sts><BookgDt><Dt>2018-09-27</Dt></BookgDt><BkTxCd><Prtry><Cd>SIP UKBA CR 40269</Cd></Prtry></BkTxCd><TxDtls><Refs><EndToEndId>NOREF</EndToEndId><TxId>600000000391995029</TxId></Refs><RltdPties><Dbtr><Nm>D Sutton</Nm></Dbtr><DbtrAcct><Id><PrtryAcct><Id>11600700013279</Id></PrtryAcct></Id></DbtrAcct><Cdtr><Nm>DANIEL SUTTON</Nm></Cdtr><CdtrAcct><Id><PrtryAcct><Id>23008200293386</Id></PrtryAcct></Id></CdtrAcct><Prtry><Tp>BUSINESS SERVICES</Tp><Pty/></Prtry></RltdPties><RmtInf><Strd><AddtlRmtInf>NO REF</AddtlRmtInf></Strd><Strd><AddtlRmtInf>D Sutton//BUSINESS SERVICES</AddtlRmtInf></Strd></RmtInf><RltdDts><TxDtTm>2018-09-27T08:49:21</TxDtTm></RltdDts><AddtlTxInf>6000000003919950291020180927826116007</AddtlTxInf></TxDtls><AddtlNtryInf>COMPLETE//0000//001//CREDIT</AddtlNtryInf></Ntry><Ntry><Amt Ccy="GBP">140.00</Amt><CdtDbtInd>CRDT</CdtDbtInd><Sts>BOOK</Sts><BookgDt><Dt>2018-09-27</Dt></BookgDt><BkTxCd><Prtry><Cd>SIP UKBA CR 40269</Cd></Prtry></BkTxCd><TxDtls><Refs><EndToEndId>NOREF</EndToEndId><TxId>FP18270O09640291</TxId></Refs><RltdPties><Dbtr><Nm>Oduro David</Nm></Dbtr><DbtrAcct><Id><PrtryAcct><Id>07011606868880</Id></PrtryAcct></Id></DbtrAcct><Cdtr><Nm>BRIGHT HOLIDAY</Nm></Cdtr><CdtrAcct><Id><PrtryAcct><Id>23008200222854</Id></PrtryAcct></Id></CdtrAcct><Prtry><Tp>DAVID ODURO</Tp><Pty/></Prtry></RltdPties><RmtInf><Strd><AddtlRmtInf>NO REF</AddtlRmtInf></Strd><Strd><AddtlRmtInf>Oduro David//DAVID ODURO</AddtlRmtInf></Strd></RmtInf><RltdDts><TxDtTm>2018-09-27T08:52:23</TxDtTm></RltdDts><AddtlTxInf>FP18270O09640291  1020180927826070116</AddtlTxInf></TxDtls><AddtlNtryInf>COMPLETE//0000//001//CREDIT</AddtlNtryInf></Ntry><Ntry><Amt Ccy="GBP">30.00</Amt><CdtDbtInd>CRDT</CdtDbtInd><Sts>BOOK</Sts><BookgDt><Dt>2018-09-27</Dt></BookgDt><BkTxCd><Prtry><Cd>SIP UKBA CR 40269</Cd></Prtry></BkTxCd><TxDtls><Refs><EndToEndId>PUNK BOI</EndToEndId><TxId>35085355981803000N</TxId><Prtry><Tp>STO REF</Tp><Ref>0000</Ref></Prtry></Refs><RltdPties><Dbtr><Nm>STIRK L J</Nm></Dbtr><DbtrAcct><Id><PrtryAcct><Id>01070247513764</Id></PrtryAcct></Id></DbtrAcct><Cdtr><Nm>SHIRLEY F</Nm></Cdtr><CdtrAcct><Id><PrtryAcct><Id>23008200469103</Id></PrtryAcct></Id></CdtrAcct><Prtry><Tp>PUNK BOI</Tp><Pty/></Prtry></RltdPties><RmtInf><Strd><AddtlRmtInf>STIRK L J         PUNK BOI          VIA ONLINE - PYMT</AddtlRmtInf></Strd><Strd><AddtlRmtInf>STIRK L J//PUNK BOI</AddtlRmtInf></Strd></RmtInf><RltdDts><TxDtTm>2018-09-27T08:53:56</TxDtTm></RltdDts><AddtlTxInf>35085355981803000N1020180927826010702</AddtlTxInf></TxDtls><AddtlNtryInf>COMPLETE//0000//001//CREDIT</AddtlNtryInf></Ntry><Ntry><Amt Ccy="GBP">89.50</Amt><CdtDbtInd>CRDT</CdtDbtInd><Sts>BOOK</Sts><BookgDt><Dt>2018-09-27</Dt></BookgDt><BkTxCd><Prtry><Cd>SIP UKBA CR 40269</Cd></Prtry></BkTxCd><TxDtls><Refs><EndToEndId>PPWD00000000AQHSIY</EndToEndId><TxId>PPWD00000000AQHSIY</TxId></Refs><RltdPties><Dbtr><Nm>PayPal</Nm><PstlAdr><AdrLine>2211 N 1st Street San Jose CA 95131</AdrLine><Ctry/></PstlAdr></Dbtr><DbtrAcct><Id><PrtryAcct><Id>23526278959595</Id></PrtryAcct></Id></DbtrAcct><Cdtr><Nm>Colin Merrells</Nm><PstlAdr><AdrLine>29 Laburnum Road</AdrLine><Ctry/></PstlAdr></Cdtr><CdtrAcct><Id><PrtryAcct><Id>23008200467880</Id></PrtryAcct></Id></CdtrAcct><Prtry><Tp>PPWDL4ZKJ2ALE5DGXC</Tp><Pty/></Prtry></RltdPties><RmtInf><Strd><RfrdDocInf><RfrdDocTp><Prtry>002</Prtry></RfrdDocTp></RfrdDocInf><AddtlRmtInf>NO REF</AddtlRmtInf></Strd><Strd><AddtlRmtInf>PayPal//PPWDL4ZKJ2ALE5DGXC</AddtlRmtInf></Strd></RmtInf><RltdDts><TxDtTm>2018-09-27T08:55:22</TxDtTm></RltdDts><AddtlTxInf>PPWD00000000AQHSIY1020180927826235262</AddtlTxInf></TxDtls><AddtlNtryInf>COMPLETE//0000//001//CREDIT</AddtlNtryInf></Ntry><Ntry><Amt Ccy="GBP">10.00</Amt><CdtDbtInd>CRDT</CdtDbtInd><Sts>BOOK</Sts><BookgDt><Dt>2018-09-27</Dt></BookgDt><BkTxCd><Prtry><Cd>SIP UKBA CR 40269</Cd></Prtry></BkTxCd><TxDtls><Refs><EndToEndId>NOREF</EndToEndId><TxId>CBBPI0859502362412</TxId></Refs><RltdPties><Dbtr><Nm>MARY GASKIN</Nm></Dbtr><DbtrAcct><Id><PrtryAcct><Id>82693450543353</Id></PrtryAcct></Id></DbtrAcct><Cdtr><Nm>Mum</Nm></Cdtr><CdtrAcct><Id><PrtryAcct><Id>23008200350230</Id></PrtryAcct></Id></CdtrAcct><Prtry><Tp>Mum</Tp><Pty/></Prtry></RltdPties><RmtInf><Strd><RfrdDocInf><RfrdDocTp><Prtry>002</Prtry></RfrdDocTp></RfrdDocInf><AddtlRmtInf>NO REF</AddtlRmtInf></Strd><Strd><AddtlRmtInf>MARY GASKIN//Mum</AddtlRmtInf></Strd></RmtInf><RltdDts><TxDtTm>2018-09-27T08:59:51</TxDtTm></RltdDts><AddtlTxInf>CBBPI08595023624121020180927826826934</AddtlTxInf></TxDtls><AddtlNtryInf>COMPLETE//0000//001//CREDIT</AddtlNtryInf></Ntry></Ntfctn></BkToCstmrDbtCdtNtfctnV01></Document>