<?xml version="1.0" encoding="UTF-8"?><Document xmlns:xsi="http://www.w3.org/2001/XMLSchema-instance" xmlns="urn:iso:std:iso:20022:tech:xsd:camt.054.001.01"><BkToCstmrDbtCdtNtfctnV01><GrpHdr><MsgId>80309K//12962</MsgId><CreDtTm>2018-09-17T10:30:00</CreDtTm></GrpHdr><Ntfctn><Id>80309K//12962//1</Id><CreDtTm>2018-09-17T10:30:00</CreDtTm><Acct><Id><PrtryAcct><Id>20594233939774</Id></PrtryAcct></Id><Ccy>GBP</Ccy></Acct><TxsSummry><TtlNtries><NbOfNtries>7</NbOfNtries><Sum>2815.69</Sum></TtlNtries><TtlCdtNtries><NbOfNtries>7</NbOfNtries><Sum>2815.69</Sum></TtlCdtNtries><TtlDbtNtries><NbOfNtries>0</NbOfNtries><Sum>0.00</Sum></TtlDbtNtries></TxsSummry><Ntry><Amt Ccy="GBP">500.00</Amt><CdtDbtInd>CRDT</CdtDbtInd><Sts>BOOK</Sts><BookgDt><Dt>2018-09-17</Dt></BookgDt><BkTxCd><Prtry><Cd>SIP UKBA CR 40269</Cd></Prtry></BkTxCd><TxDtls><Refs><EndToEndId>00153425632BWBSQYS</EndToEndId><TxId>00153425632BWBSQYS</TxId></Refs><RltdPties><Dbtr><Nm>OCTAVEL VISAN</Nm></Dbtr><DbtrAcct><Id><PrtryAcct><Id>09012926888831</Id></PrtryAcct></Id></DbtrAcct><Cdtr><Nm>BRIS DESIGNS LTD</Nm></Cdtr><CdtrAcct><Id><PrtryAcct><Id>23008200223726</Id></PrtryAcct></Id></CdtrAcct><Prtry><Tp>gas</Tp><Pty/></Prtry></RltdPties><RmtInf><Strd><AddtlRmtInf>NO REF</AddtlRmtInf></Strd><Strd><AddtlRmtInf>OCTAVEL VISAN//gas</AddtlRmtInf></Strd></RmtInf><RltdDts><TxDtTm>2018-09-17T10:00:59</TxDtTm></RltdDts><AddtlTxInf>00153425632BWBSQYS1020180917826090129</AddtlTxInf></TxDtls><AddtlNtryInf>COMPLETE//0000//001//CREDIT</AddtlNtryInf></Ntry><Ntry><Amt Ccy="GBP">20.00</Amt><CdtDbtInd>CRDT</CdtDbtInd><Sts>BOOK</Sts><BookgDt><Dt>2018-09-17</Dt></BookgDt><BkTxCd><Prtry><Cd>SIP UKBA CR 40269</Cd></Prtry></BkTxCd><TxDtls><Refs><EndToEndId>NOREF</EndToEndId><TxId>400000000394211951</TxId></Refs><RltdPties><Dbtr><Nm>S Pearce</Nm></Dbtr><DbtrAcct><Id><PrtryAcct><Id>30997730230568</Id></PrtryAcct></Id></DbtrAcct><Cdtr><Nm>KYLIE DENTON</Nm></Cdtr><CdtrAcct><Id><PrtryAcct><Id>23008200306993</Id></PrtryAcct></Id></CdtrAcct><Prtry><Tp>MONEY</Tp><Pty/></Prtry></RltdPties><RmtInf><Strd><AddtlRmtInf>NO REF</AddtlRmtInf></Strd><Strd><AddtlRmtInf>S Pearce//MONEY</AddtlRmtInf></Strd></RmtInf><RltdDts><TxDtTm>2018-09-17T10:01:13</TxDtTm></RltdDts><AddtlTxInf>4000000003942119511020180917826309977</AddtlTxInf></TxDtls><AddtlNtryInf>COMPLETE//0000//001//CREDIT</AddtlNtryInf></Ntry><Ntry><Amt Ccy="GBP">182.10</Amt><CdtDbtInd>CRDT</CdtDbtInd><Sts>BOOK</Sts><BookgDt><Dt>2018-09-17</Dt></BookgDt><BkTxCd><Prtry><Cd>SIP UKBA CR 40269</Cd></Prtry></BkTxCd><TxDtls><Refs><EndToEndId>NOREF</EndToEndId><TxId>23100449188806000N</TxId><Prtry><Tp>STO REF</Tp><Ref>0000</Ref></Prtry></Refs><RltdPties><Dbtr><Nm>DWP GB FP LP FUNDI</Nm></Dbtr><DbtrAcct><Id><PrtryAcct><Id>60708010028668</Id></PrtryAcct></Id></DbtrAcct><Cdtr><Nm>MISS A GARRETT</Nm></Cdtr><CdtrAcct><Id><PrtryAcct><Id>23008200413702</Id></PrtryAcct></Id></CdtrAcct><Prtry><Tp>JX125037B DWP JSA</Tp><Pty/></Prtry></RltdPties><RmtInf><Strd><AddtlRmtInf>JX125037B DWP JSA</AddtlRmtInf></Strd><Strd><AddtlRmtInf>DWP GB FP LP FUNDI//JX125037B DWP JSA</AddtlRmtInf></Strd></RmtInf><RltdDts><TxDtTm>2018-09-17T10:04:49</TxDtTm></RltdDts><AddtlTxInf>23100449188806000N1020180917826607080</AddtlTxInf></TxDtls><AddtlNtryInf>COMPLETE//0000//001//CREDIT</AddtlNtryInf></Ntry><Ntry><Amt Ccy="GBP">23.00</Amt><CdtDbtInd>CRDT</CdtDbtInd><Sts>BOOK</Sts><BookgDt><Dt>2018-09-17</Dt></BookgDt><BkTxCd><Prtry><Cd>SIP UKBA CR 40269</Cd></Prtry></BkTxCd><TxDtls><Refs><EndToEndId>NOREF</EndToEndId><TxId>45101125096292000R</TxId><Prtry><Tp>STO REF</Tp><Ref>0000</Ref></Prtry></Refs><RltdPties><Dbtr><Nm>MIROSLAV  HORVATH</Nm><PstlAdr><AdrLine>107 BOLSOVER ROAD;</AdrLine><AdrLine>SHEFFIELD;</AdrLine><AdrLine>SOUTH YORK     S5 6US</AdrLine><Ctry/></PstlAdr></Dbtr><DbtrAcct><Id><PrtryAcct><Id>16313021889464</Id></PrtryAcct></Id></DbtrAcct><Cdtr><Nm>M HORVATH</Nm></Cdtr><CdtrAcct><Id><PrtryAcct><Id>23008200206438</Id></PrtryAcct></Id></CdtrAcct><Prtry><Tp>MIROSLAV HORVATH</Tp><Pty/></Prtry></RltdPties><RmtInf><Strd><AddtlRmtInf>MIROSLAV HORVATH</AddtlRmtInf></Strd><Strd><AddtlRmtInf>MIROSLAV  HORVATH//MIROSLAV HORVATH</AddtlRmtInf></Strd></RmtInf><RltdDts><TxDtTm>2018-09-17T10:11:25</TxDtTm></RltdDts><AddtlTxInf>45101125096292000R1020180917826163130</AddtlTxInf></TxDtls><AddtlNtryInf>COMPLETE//0000//001//CREDIT</AddtlNtryInf></Ntry><Ntry><Amt Ccy="GBP">2000.00</Amt><CdtDbtInd>CRDT</CdtDbtInd><Sts>BOOK</Sts><BookgDt><Dt>2018-09-17</Dt></BookgDt><BkTxCd><Prtry><Cd>SIP UKBA CR 40269</Cd></Prtry></BkTxCd><TxDtls><Refs><EndToEndId>NOREF</EndToEndId><TxId>RP4679961564138100</TxId></Refs><RltdPties><Dbtr><Nm>OGUNKOLA A E</Nm></Dbtr><DbtrAcct><Id><PrtryAcct><Id>20199520720356</Id></PrtryAcct></Id></DbtrAcct><Cdtr><Nm>EXPERT SOLUTION</Nm></Cdtr><CdtrAcct><Id><PrtryAcct><Id>23008200044254</Id></PrtryAcct></Id></CdtrAcct><Prtry><Tp>OGUNKOA</Tp><Pty/></Prtry></RltdPties><RmtInf><Strd><AddtlRmtInf>NO REF</AddtlRmtInf></Strd><Strd><AddtlRmtInf>OGUNKOLA A E//OGUNKOA</AddtlRmtInf></Strd></RmtInf><RltdDts><TxDtTm>2018-09-17T10:14:15</TxDtTm></RltdDts><AddtlTxInf>RP46799615641381001020180917826200026</AddtlTxInf></TxDtls><AddtlNtryInf>COMPLETE//0000//001//CREDIT</AddtlNtryInf></Ntry><Ntry><Amt Ccy="GBP">80.59</Amt><CdtDbtInd>CRDT</CdtDbtInd><Sts>BOOK</Sts><BookgDt><Dt>2018-09-17</Dt></BookgDt><BkTxCd><Prtry><Cd>SIP UKBA CR 40269</Cd></Prtry></BkTxCd><TxDtls><Refs><EndToEndId>NOREF</EndToEndId><TxId>30101714534293000N</TxId><Prtry><Tp>STO REF</Tp><Ref>0000</Ref></Prtry></Refs><RltdPties><Dbtr><Nm>DWP GB FP LP FUNDI</Nm></Dbtr><DbtrAcct><Id><PrtryAcct><Id>60708010028668</Id></PrtryAcct></Id></DbtrAcct><Cdtr><Nm>MISS N T MARSHALL</Nm></Cdtr><CdtrAcct><Id><PrtryAcct><Id>23008200198932</Id></PrtryAcct></Id></CdtrAcct><Prtry><Tp>NZ119467C DWP JSA</Tp><Pty/></Prtry></RltdPties><RmtInf><Strd><AddtlRmtInf>NZ119467C DWP JSA</AddtlRmtInf></Strd><Strd><AddtlRmtInf>DWP GB FP LP FUNDI//NZ119467C DWP JSA</AddtlRmtInf></Strd></RmtInf><RltdDts><TxDtTm>2018-09-17T10:17:15</TxDtTm></RltdDts><AddtlTxInf>30101714534293000N1020180917826607080</AddtlTxInf></TxDtls><AddtlNtryInf>COMPLETE//0000//001//CREDIT</AddtlNtryInf></Ntry><Ntry><Amt Ccy="GBP">10.00</Amt><CdtDbtInd>CRDT</CdtDbtInd><Sts>BOOK</Sts><BookgDt><Dt>2018-09-17</Dt></BookgDt><BkTxCd><Prtry><Cd>SIP UKBA CR 40269</Cd></Prtry></BkTxCd><TxDtls><Refs><EndToEndId>NOREF</EndToEndId><TxId>100000000387762135</TxId></Refs><RltdPties><Dbtr><Nm>P Singh</Nm></Dbtr><DbtrAcct><Id><PrtryAcct><Id>30998347858360</Id></PrtryAcct></Id></DbtrAcct><Cdtr><Nm>NAVDEEP SINGH</Nm></Cdtr><CdtrAcct><Id><PrtryAcct><Id>23008200443184</Id></PrtryAcct></Id></CdtrAcct><Prtry><Tp>AMAN</Tp><Pty/></Prtry></RltdPties><RmtInf><Strd><AddtlRmtInf>NO REF</AddtlRmtInf></Strd><Strd><AddtlRmtInf>P Singh//AMAN</AddtlRmtInf></Strd></RmtInf><RltdDts><TxDtTm>2018-09-17T10:18:43</TxDtTm></RltdDts><AddtlTxInf>1000000003877621351020180917826309983</AddtlTxInf></TxDtls><AddtlNtryInf>COMPLETE//0000//001//CREDIT</AddtlNtryInf></Ntry></Ntfctn></BkToCstmrDbtCdtNtfctnV01></Document>