<?xml version="1.0" encoding="UTF-8"?><Document xmlns:xsi="http://www.w3.org/2001/XMLSchema-instance" xmlns="urn:iso:std:iso:20022:tech:xsd:camt.054.001.01"><BkToCstmrDbtCdtNtfctnV01><GrpHdr><MsgId>80309K//13378</MsgId><CreDtTm>2018-09-27T00:30:00</CreDtTm></GrpHdr><Ntfctn><Id>80309K//13378//1</Id><CreDtTm>2018-09-27T00:30:00</CreDtTm><Acct><Id><PrtryAcct><Id>20594233939774</Id></PrtryAcct></Id><Ccy>GBP</Ccy></Acct><TxsSummry><TtlNtries><NbOfNtries>4</NbOfNtries><Sum>494.84</Sum></TtlNtries><TtlCdtNtries><NbOfNtries>4</NbOfNtries><Sum>494.84</Sum></TtlCdtNtries><TtlDbtNtries><NbOfNtries>0</NbOfNtries><Sum>0.00</Sum></TtlDbtNtries></TxsSummry><Ntry><Amt Ccy="GBP">249.00</Amt><CdtDbtInd>CRDT</CdtDbtInd><Sts>BOOK</Sts><BookgDt><Dt>2018-09-27</Dt></BookgDt><BkTxCd><Prtry><Cd>SIP UKBA CR 40269</Cd></Prtry></BkTxCd><TxDtls><Refs><EndToEndId>NOREF</EndToEndId><TxId>180927001602423291</TxId></Refs><RltdPties><Dbtr><Nm>Kerry McKenna</Nm></Dbtr><DbtrAcct><Id><PrtryAcct><Id>77481621936560</Id></PrtryAcct></Id></DbtrAcct><Cdtr><Nm>arro account</Nm></Cdtr><CdtrAcct><Id><PrtryAcct><Id>23008200075101</Id></PrtryAcct></Id></CdtrAcct></RltdPties><RmtInf><Strd><AddtlRmtInf>NO REF</AddtlRmtInf></Strd><Strd><AddtlRmtInf>Kerry McKenna//</AddtlRmtInf></Strd></RmtInf><RltdDts><TxDtTm>2018-09-27T00:15:59</TxDtTm></RltdDts><AddtlTxInf>1809270016024232911020180927826774816</AddtlTxInf></TxDtls><AddtlNtryInf>COMPLETE//0000//003//CREDIT</AddtlNtryInf></Ntry><Ntry><Amt Ccy="GBP">5.84</Amt><CdtDbtInd>CRDT</CdtDbtInd><Sts>BOOK</Sts><BookgDt><Dt>2018-09-27</Dt></BookgDt><BkTxCd><Prtry><Cd>DCA UKBA CR 40269</Cd></Prtry></BkTxCd><TxDtls><Refs><EndToEndId>NOREF</EndToEndId><TxId>000000013678035201</TxId><Prtry><Tp>STO REF</Tp><Ref>0000</Ref></Prtry></Refs><RltdPties><Dbtr><Nm>23630701090468</Nm></Dbtr><DbtrAcct><Id><PrtryAcct><Id>20594243523659</Id></PrtryAcct></Id></DbtrAcct><Cdtr><Nm>STUART ROWSON</Nm></Cdtr><CdtrAcct><Id><PrtryAcct><Id>23008200433624</Id></PrtryAcct></Id></CdtrAcct><Prtry><Tp>YUP</Tp><Pty/></Prtry></RltdPties><RmtInf><Strd><AddtlRmtInf>NO REF</AddtlRmtInf></Strd><Strd><AddtlRmtInf>23630701090468//YUP</AddtlRmtInf></Strd></RmtInf><RltdDts><TxDtTm>2018-09-27T00:16:32</TxDtTm></RltdDts><AddtlTxInf>0000000136780352015020180927826205942</AddtlTxInf></TxDtls><AddtlNtryInf>COMPLETE//0000//003//CREDIT</AddtlNtryInf></Ntry><Ntry><Amt Ccy="GBP">180.00</Amt><CdtDbtInd>CRDT</CdtDbtInd><Sts>BOOK</Sts><BookgDt><Dt>2018-09-27</Dt></BookgDt><BkTxCd><Prtry><Cd>SIP UKBA CR 40269</Cd></Prtry></BkTxCd><TxDtls><Refs><EndToEndId>NOREF</EndToEndId><TxId>300000000395824609</TxId></Refs><RltdPties><Dbtr><Nm>R Hardy</Nm></Dbtr><DbtrAcct><Id><PrtryAcct><Id>30937121952168</Id></PrtryAcct></Id></DbtrAcct><Cdtr><Nm>WILLIAMS</Nm></Cdtr><CdtrAcct><Id><PrtryAcct><Id>23008200357622</Id></PrtryAcct></Id></CdtrAcct></RltdPties><RmtInf><Strd><AddtlRmtInf>NO REF</AddtlRmtInf></Strd><Strd><AddtlRmtInf>R Hardy//</AddtlRmtInf></Strd></RmtInf><RltdDts><TxDtTm>2018-09-27T00:19:44</TxDtTm></RltdDts><AddtlTxInf>3000000003958246091020180927826309371</AddtlTxInf></TxDtls><AddtlNtryInf>COMPLETE//0000//003//CREDIT</AddtlNtryInf></Ntry><Ntry><Amt Ccy="GBP">60.00</Amt><CdtDbtInd>CRDT</CdtDbtInd><Sts>BOOK</Sts><BookgDt><Dt>2018-09-27</Dt></BookgDt><BkTxCd><Prtry><Cd>SIP UKBA CR 40269</Cd></Prtry></BkTxCd><TxDtls><Refs><EndToEndId>NOREF</EndToEndId><TxId>RP4679962333496900</TxId></Refs><RltdPties><Dbtr><Nm>LACOUR L M L</Nm></Dbtr><DbtrAcct><Id><PrtryAcct><Id>20661153502252</Id></PrtryAcct></Id></DbtrAcct><Cdtr><Nm>DOWNES DOMINIC</Nm></Cdtr><CdtrAcct><Id><PrtryAcct><Id>23008200469743</Id></PrtryAcct></Id></CdtrAcct><Prtry><Tp>LOAN</Tp><Pty/></Prtry></RltdPties><RmtInf><Strd><AddtlRmtInf>NO REF</AddtlRmtInf></Strd><Strd><AddtlRmtInf>LACOUR L M L//LOAN</AddtlRmtInf></Strd></RmtInf><RltdDts><TxDtTm>2018-09-27T00:20:47</TxDtTm></RltdDts><AddtlTxInf>RP46799623334969001020180927826200026</AddtlTxInf></TxDtls><AddtlNtryInf>COMPLETE//0000//003//CREDIT</AddtlNtryInf></Ntry></Ntfctn></BkToCstmrDbtCdtNtfctnV01></Document>