<?xml version="1.0" encoding="UTF-8"?><Document xmlns:xsi="http://www.w3.org/2001/XMLSchema-instance" xmlns="urn:iso:std:iso:20022:tech:xsd:camt.054.001.01"><BkToCstmrDbtCdtNtfctnV01><GrpHdr><MsgId>80309K//13330</MsgId><CreDtTm>2018-09-25T21:30:00</CreDtTm></GrpHdr><Ntfctn><Id>80309K//13330//1</Id><CreDtTm>2018-09-25T21:30:00</CreDtTm><Acct><Id><PrtryAcct><Id>20594233939774</Id></PrtryAcct></Id><Ccy>GBP</Ccy></Acct><TxsSummry><TtlNtries><NbOfNtries>8</NbOfNtries><Sum>2496.53</Sum></TtlNtries><TtlCdtNtries><NbOfNtries>8</NbOfNtries><Sum>2496.53</Sum></TtlCdtNtries><TtlDbtNtries><NbOfNtries>0</NbOfNtries><Sum>0.00</Sum></TtlDbtNtries></TxsSummry><Ntry><Amt Ccy="GBP">150.00</Amt><CdtDbtInd>CRDT</CdtDbtInd><Sts>BOOK</Sts><BookgDt><Dt>2018-09-26</Dt></BookgDt><BkTxCd><Prtry><Cd>SIP UKBA CR 40269</Cd></Prtry></BkTxCd><TxDtls><Refs><EndToEndId>NOREF</EndToEndId><TxId>YBBPI2103452507475</TxId></Refs><RltdPties><Dbtr><Nm>CRAIG HOMER</Nm></Dbtr><DbtrAcct><Id><PrtryAcct><Id>05023049205156</Id></PrtryAcct></Id></DbtrAcct><Cdtr><Nm>hol</Nm></Cdtr><CdtrAcct><Id><PrtryAcct><Id>23008200467266</Id></PrtryAcct></Id></CdtrAcct><Prtry><Tp>5/10</Tp><Pty/></Prtry></RltdPties><RmtInf><Strd><RfrdDocInf><RfrdDocTp><Prtry>002</Prtry></RfrdDocTp></RfrdDocInf><AddtlRmtInf>NO REF</AddtlRmtInf></Strd><Strd><AddtlRmtInf>CRAIG HOMER//5/10</AddtlRmtInf></Strd></RmtInf><RltdDts><TxDtTm>2018-09-25T21:03:46</TxDtTm></RltdDts><AddtlTxInf>YBBPI21034525074751020180925826050230</AddtlTxInf></TxDtls><AddtlNtryInf>COMPLETE//0000//003//CREDIT</AddtlNtryInf></Ntry><Ntry><Amt Ccy="GBP">367.52</Amt><CdtDbtInd>CRDT</CdtDbtInd><Sts>BOOK</Sts><BookgDt><Dt>2018-09-26</Dt></BookgDt><BkTxCd><Prtry><Cd>SIP UKBA CR 40269</Cd></Prtry></BkTxCd><TxDtls><Refs><EndToEndId>NOREF</EndToEndId><TxId>56210500625085000R</TxId><Prtry><Tp>STO REF</Tp><Ref>0000</Ref></Prtry></Refs><RltdPties><Dbtr><Nm>STEVEN VIVERS LTD</Nm></Dbtr><DbtrAcct><Id><PrtryAcct><Id>83151900600451</Id></PrtryAcct></Id></DbtrAcct><Cdtr><Nm>HILLSIDE GARAGE</Nm></Cdtr><CdtrAcct><Id><PrtryAcct><Id>23008200043324</Id></PrtryAcct></Id></CdtrAcct><Prtry><Tp>CLUARAN</Tp><Pty/></Prtry></RltdPties><RmtInf><Strd><AddtlRmtInf>STEVEN VIVERS LTD CLUARAN</AddtlRmtInf></Strd><Strd><AddtlRmtInf>STEVEN VIVERS LTD//CLUARAN</AddtlRmtInf></Strd></RmtInf><RltdDts><TxDtTm>2018-09-25T21:05:00</TxDtTm></RltdDts><AddtlTxInf>56210500625085000R1020180925826831519</AddtlTxInf></TxDtls><AddtlNtryInf>COMPLETE//0000//003//CREDIT</AddtlNtryInf></Ntry><Ntry><Amt Ccy="GBP">0.01</Amt><CdtDbtInd>CRDT</CdtDbtInd><Sts>BOOK</Sts><BookgDt><Dt>2018-09-26</Dt></BookgDt><BkTxCd><Prtry><Cd>SIP UKBA CR 40269</Cd></Prtry></BkTxCd><TxDtls><Refs><EndToEndId>PPRD00000000AQ5KXY</EndToEndId><TxId>PPRD00000000AQ5KXY</TxId></Refs><RltdPties><Dbtr><Nm>PAYPAL CODE 4132</Nm><PstlAdr><AdrLine>2211 N 1st Street San Jose CA 95131</AdrLine><Ctry/></PstlAdr></Dbtr><DbtrAcct><Id><PrtryAcct><Id>23526285010101</Id></PrtryAcct></Id></DbtrAcct><Cdtr><Nm>shirley vicars</Nm><PstlAdr><AdrLine>123 Easton road</AdrLine><Ctry/></PstlAdr></Cdtr><CdtrAcct><Id><PrtryAcct><Id>23008200424634</Id></PrtryAcct></Id></CdtrAcct><Prtry><Tp>PAYPAL CODE 4132</Tp><Pty/></Prtry></RltdPties><RmtInf><Strd><RfrdDocInf><RfrdDocTp><Prtry>002</Prtry></RfrdDocTp></RfrdDocInf><AddtlRmtInf>NO REF</AddtlRmtInf></Strd><Strd><AddtlRmtInf>PAYPAL CODE 4132//PAYPAL CODE 4132</AddtlRmtInf></Strd></RmtInf><RltdDts><TxDtTm>2018-09-25T21:05:47</TxDtTm></RltdDts><AddtlTxInf>PPRD00000000AQ5KXY1020180925826235262</AddtlTxInf></TxDtls><AddtlNtryInf>COMPLETE//0000//003//CREDIT</AddtlNtryInf></Ntry><Ntry><Amt Ccy="GBP">40.00</Amt><CdtDbtInd>CRDT</CdtDbtInd><Sts>BOOK</Sts><BookgDt><Dt>2018-09-26</Dt></BookgDt><BkTxCd><Prtry><Cd>SIP UKBA CR 40269</Cd></Prtry></BkTxCd><TxDtls><Refs><EndToEndId>PPWD00000000AQ5NQK</EndToEndId><TxId>PPWD00000000AQ5NQK</TxId></Refs><RltdPties><Dbtr><Nm>PayPal</Nm><PstlAdr><AdrLine>2211 N 1st Street San Jose CA 95131</AdrLine><Ctry/></PstlAdr></Dbtr><DbtrAcct><Id><PrtryAcct><Id>23526278959595</Id></PrtryAcct></Id></DbtrAcct><Cdtr><Nm>Soulful Records Ltd</Nm><PstlAdr><AdrLine>27 Commercial Street</AdrLine><Ctry/></PstlAdr></Cdtr><CdtrAcct><Id><PrtryAcct><Id>23008200035140</Id></PrtryAcct></Id></CdtrAcct><Prtry><Tp>PPWDL5FNJ2ALCVMP58</Tp><Pty/></Prtry></RltdPties><RmtInf><Strd><RfrdDocInf><RfrdDocTp><Prtry>002</Prtry></RfrdDocTp></RfrdDocInf><AddtlRmtInf>NO REF</AddtlRmtInf></Strd><Strd><AddtlRmtInf>PayPal//PPWDL5FNJ2ALCVMP58</AddtlRmtInf></Strd></RmtInf><RltdDts><TxDtTm>2018-09-25T21:14:29</TxDtTm></RltdDts><AddtlTxInf>PPWD00000000AQ5NQK1020180925826235262</AddtlTxInf></TxDtls><AddtlNtryInf>COMPLETE//0000//003//CREDIT</AddtlNtryInf></Ntry><Ntry><Amt Ccy="GBP">50.00</Amt><CdtDbtInd>CRDT</CdtDbtInd><Sts>BOOK</Sts><BookgDt><Dt>2018-09-26</Dt></BookgDt><BkTxCd><Prtry><Cd>SIP UKBA CR 40269</Cd></Prtry></BkTxCd><TxDtls><Refs><EndToEndId>NOREF</EndToEndId><TxId>174202237112529001</TxId><Prtry><Tp>STO REF</Tp><Ref>0000</Ref></Prtry></Refs><RltdPties><Dbtr><Nm>GOYTOM W</Nm></Dbtr><DbtrAcct><Id><PrtryAcct><Id>40461021513664</Id></PrtryAcct></Id></DbtrAcct><Cdtr><Nm>Yonas berhe</Nm></Cdtr><CdtrAcct><Id><PrtryAcct><Id>23008200371788</Id></PrtryAcct></Id></CdtrAcct><Prtry><Tp>Baby</Tp><Pty/></Prtry></RltdPties><RmtInf><Strd><AddtlRmtInf>NO REF</AddtlRmtInf></Strd><Strd><AddtlRmtInf>GOYTOM W//Baby</AddtlRmtInf></Strd></RmtInf><RltdDts><TxDtTm>2018-09-25T21:17:32</TxDtTm></RltdDts><AddtlTxInf>1742022371125290011020180925826404610</AddtlTxInf></TxDtls><AddtlNtryInf>COMPLETE//0000//003//CREDIT</AddtlNtryInf></Ntry><Ntry><Amt Ccy="GBP">42.00</Amt><CdtDbtInd>CRDT</CdtDbtInd><Sts>BOOK</Sts><BookgDt><Dt>2018-09-26</Dt></BookgDt><BkTxCd><Prtry><Cd>DCA UKBA CR 40269</Cd></Prtry></BkTxCd><TxDtls><Refs><EndToEndId>NOREF</EndToEndId><TxId>000000013668247501</TxId><Prtry><Tp>STO REF</Tp><Ref>8207</Ref></Prtry></Refs><RltdPties><Dbtr><Nm>EVA AMBER DONKER</Nm></Dbtr><DbtrAcct><Id><PrtryAcct><Id>20035373152596</Id></PrtryAcct></Id></DbtrAcct><Cdtr><Nm>NIYU PAUL</Nm></Cdtr><CdtrAcct><Id><PrtryAcct><Id>23008200467044</Id></PrtryAcct></Id></CdtrAcct><Prtry><Tp>NIYU PAUL</Tp><Pty/></Prtry></RltdPties><RmtInf><Strd><AddtlRmtInf>NO REF</AddtlRmtInf></Strd><Strd><AddtlRmtInf>EVA AMBER DONKER//NIYU PAUL</AddtlRmtInf></Strd></RmtInf><RltdDts><TxDtTm>2018-09-25T21:17:50</TxDtTm></RltdDts><AddtlTxInf>0000000136682475015020180925826200353</AddtlTxInf></TxDtls><AddtlNtryInf>COMPLETE//0000//003//CREDIT</AddtlNtryInf></Ntry><Ntry><Amt Ccy="GBP">21.00</Amt><CdtDbtInd>CRDT</CdtDbtInd><Sts>BOOK</Sts><BookgDt><Dt>2018-09-26</Dt></BookgDt><BkTxCd><Prtry><Cd>DCA UKBA CR 40269</Cd></Prtry></BkTxCd><TxDtls><Refs><EndToEndId>NOREF</EndToEndId><TxId>000000013668248501</TxId><Prtry><Tp>STO REF</Tp><Ref>8207</Ref></Prtry></Refs><RltdPties><Dbtr><Nm>EVA AMBER DONKER</Nm></Dbtr><DbtrAcct><Id><PrtryAcct><Id>20035373152596</Id></PrtryAcct></Id></DbtrAcct><Cdtr><Nm>SOLA ALIYAH</Nm></Cdtr><CdtrAcct><Id><PrtryAcct><Id>23008200467065</Id></PrtryAcct></Id></CdtrAcct><Prtry><Tp>SOLA ALIYAH</Tp><Pty/></Prtry></RltdPties><RmtInf><Strd><AddtlRmtInf>NO REF</AddtlRmtInf></Strd><Strd><AddtlRmtInf>EVA AMBER DONKER//SOLA ALIYAH</AddtlRmtInf></Strd></RmtInf><RltdDts><TxDtTm>2018-09-25T21:17:50</TxDtTm></RltdDts><AddtlTxInf>0000000136682485015020180925826200353</AddtlTxInf></TxDtls><AddtlNtryInf>COMPLETE//0000//003//CREDIT</AddtlNtryInf></Ntry><Ntry><Amt Ccy="GBP">1826.00</Amt><CdtDbtInd>CRDT</CdtDbtInd><Sts>BOOK</Sts><BookgDt><Dt>2018-09-26</Dt></BookgDt><BkTxCd><Prtry><Cd>SIP UKBA CR 40269</Cd></Prtry></BkTxCd><TxDtls><Refs><EndToEndId>NOREF</EndToEndId><TxId>100000000390187529</TxId></Refs><RltdPties><Dbtr><Nm>C Hesse</Nm></Dbtr><DbtrAcct><Id><PrtryAcct><Id>30678815538168</Id></PrtryAcct></Id></DbtrAcct><Cdtr><Nm>MR. N. V AKPILA</Nm></Cdtr><CdtrAcct><Id><PrtryAcct><Id>23008200061460</Id></PrtryAcct></Id></CdtrAcct></RltdPties><RmtInf><Strd><AddtlRmtInf>NO REF</AddtlRmtInf></Strd><Strd><AddtlRmtInf>C Hesse//</AddtlRmtInf></Strd></RmtInf><RltdDts><TxDtTm>2018-09-25T21:22:59</TxDtTm></RltdDts><AddtlTxInf>1000000003901875291020180925826306788</AddtlTxInf></TxDtls><AddtlNtryInf>COMPLETE//0000//003//CREDIT</AddtlNtryInf></Ntry></Ntfctn></BkToCstmrDbtCdtNtfctnV01></Document>