<?xml version="1.0" encoding="UTF-8"?><Document xmlns:xsi="http://www.w3.org/2001/XMLSchema-instance" xmlns="urn:iso:std:iso:20022:tech:xsd:camt.054.001.01"><BkToCstmrDbtCdtNtfctnV01><GrpHdr><MsgId>80309K//13490</MsgId><CreDtTm>2018-09-29T14:00:00</CreDtTm></GrpHdr><Ntfctn><Id>80309K//13490//1</Id><CreDtTm>2018-09-29T14:00:00</CreDtTm><Acct><Id><PrtryAcct><Id>20594233939774</Id></PrtryAcct></Id><Ccy>GBP</Ccy></Acct><TxsSummry><TtlNtries><NbOfNtries>6</NbOfNtries><Sum>917.00</Sum></TtlNtries><TtlCdtNtries><NbOfNtries>6</NbOfNtries><Sum>917.00</Sum></TtlCdtNtries><TtlDbtNtries><NbOfNtries>0</NbOfNtries><Sum>0.00</Sum></TtlDbtNtries></TxsSummry><Ntry><Amt Ccy="GBP">700.00</Amt><CdtDbtInd>CRDT</CdtDbtInd><Sts>BOOK</Sts><BookgDt><Dt>2018-10-01</Dt></BookgDt><BkTxCd><Prtry><Cd>SIP UKBA CR 40269</Cd></Prtry></BkTxCd><TxDtls><Refs><EndToEndId>IGWE</EndToEndId><TxId>20133613929187000N</TxId><Prtry><Tp>STO REF</Tp><Ref>0000</Ref></Prtry></Refs><RltdPties><Dbtr><Nm>IGWE HE</Nm></Dbtr><DbtrAcct><Id><PrtryAcct><Id>60242618578047</Id></PrtryAcct></Id></DbtrAcct><Cdtr><Nm>FOLFEM LTD</Nm></Cdtr><CdtrAcct><Id><PrtryAcct><Id>23008200040314</Id></PrtryAcct></Id></CdtrAcct><Prtry><Tp>IGWE</Tp><Pty/></Prtry></RltdPties><RmtInf><Strd><AddtlRmtInf>IGWE HE           IGWE              VIA MOBILE - PYMT</AddtlRmtInf></Strd><Strd><AddtlRmtInf>IGWE HE//IGWE</AddtlRmtInf></Strd></RmtInf><RltdDts><TxDtTm>2018-09-29T13:36:14</TxDtTm></RltdDts><AddtlTxInf>20133613929187000N1020180929826602426</AddtlTxInf></TxDtls><AddtlNtryInf>COMPLETE//0000//003//CREDIT</AddtlNtryInf></Ntry><Ntry><Amt Ccy="GBP">10.00</Amt><CdtDbtInd>CRDT</CdtDbtInd><Sts>BOOK</Sts><BookgDt><Dt>2018-10-01</Dt></BookgDt><BkTxCd><Prtry><Cd>SIP UKBA CR 40269</Cd></Prtry></BkTxCd><TxDtls><Refs><EndToEndId>00151522632BBKJDTX</EndToEndId><TxId>00151522632BBKJDTX</TxId></Refs><RltdPties><Dbtr><Nm>NANCY SWEENEY</Nm></Dbtr><DbtrAcct><Id><PrtryAcct><Id>09012782888949</Id></PrtryAcct></Id></DbtrAcct><Cdtr><Nm>H JOYCE</Nm></Cdtr><CdtrAcct><Id><PrtryAcct><Id>23008200183520</Id></PrtryAcct></Id></CdtrAcct><Prtry><Tp>loan</Tp><Pty/></Prtry></RltdPties><RmtInf><Strd><AddtlRmtInf>NO REF</AddtlRmtInf></Strd><Strd><AddtlRmtInf>NANCY SWEENEY//loan</AddtlRmtInf></Strd></RmtInf><RltdDts><TxDtTm>2018-09-29T13:42:27</TxDtTm></RltdDts><AddtlTxInf>00151522632BBKJDTX1020180929826090127</AddtlTxInf></TxDtls><AddtlNtryInf>COMPLETE//0000//003//CREDIT</AddtlNtryInf></Ntry><Ntry><Amt Ccy="GBP">105.00</Amt><CdtDbtInd>CRDT</CdtDbtInd><Sts>BOOK</Sts><BookgDt><Dt>2018-10-01</Dt></BookgDt><BkTxCd><Prtry><Cd>SIP UKBA CR 40269</Cd></Prtry></BkTxCd><TxDtls><Refs><EndToEndId>NOREF</EndToEndId><TxId>500000000393316648</TxId></Refs><RltdPties><Dbtr><Nm>R Shobande</Nm></Dbtr><DbtrAcct><Id><PrtryAcct><Id>11048600546826</Id></PrtryAcct></Id></DbtrAcct><Cdtr><Nm>GMK ENTERPRISES</Nm></Cdtr><CdtrAcct><Id><PrtryAcct><Id>23008200042277</Id></PrtryAcct></Id></CdtrAcct><Prtry><Tp>3461645</Tp><Pty/></Prtry></RltdPties><RmtInf><Strd><AddtlRmtInf>NO REF</AddtlRmtInf></Strd><Strd><AddtlRmtInf>R Shobande//3461645</AddtlRmtInf></Strd></RmtInf><RltdDts><TxDtTm>2018-09-29T13:48:18</TxDtTm></RltdDts><AddtlTxInf>5000000003933166481020180929826110486</AddtlTxInf></TxDtls><AddtlNtryInf>COMPLETE//0000//003//CREDIT</AddtlNtryInf></Ntry><Ntry><Amt Ccy="GBP">47.00</Amt><CdtDbtInd>CRDT</CdtDbtInd><Sts>BOOK</Sts><BookgDt><Dt>2018-10-01</Dt></BookgDt><BkTxCd><Prtry><Cd>DCA UKBA CR 40269</Cd></Prtry></BkTxCd><TxDtls><Refs><EndToEndId>NOREF</EndToEndId><TxId>000000013708105001</TxId><Prtry><Tp>STO REF</Tp><Ref>8207</Ref></Prtry></Refs><RltdPties><Dbtr><Nm>EVA AMBER DONKER</Nm></Dbtr><DbtrAcct><Id><PrtryAcct><Id>20035373152596</Id></PrtryAcct></Id></DbtrAcct><Cdtr><Nm>BRYAN MEDAL</Nm></Cdtr><CdtrAcct><Id><PrtryAcct><Id>23008200472575</Id></PrtryAcct></Id></CdtrAcct><Prtry><Tp>BRYAN MEDAL</Tp><Pty/></Prtry></RltdPties><RmtInf><Strd><AddtlRmtInf>NO REF</AddtlRmtInf></Strd><Strd><AddtlRmtInf>EVA AMBER DONKER//BRYAN MEDAL</AddtlRmtInf></Strd></RmtInf><RltdDts><TxDtTm>2018-09-29T13:52:18</TxDtTm></RltdDts><AddtlTxInf>0000000137081050015020180929826200353</AddtlTxInf></TxDtls><AddtlNtryInf>COMPLETE//0000//003//CREDIT</AddtlNtryInf></Ntry><Ntry><Amt Ccy="GBP">35.00</Amt><CdtDbtInd>CRDT</CdtDbtInd><Sts>BOOK</Sts><BookgDt><Dt>2018-10-01</Dt></BookgDt><BkTxCd><Prtry><Cd>SIP UKBA CR 40269</Cd></Prtry></BkTxCd><TxDtls><Refs><EndToEndId>NOREF</EndToEndId><TxId>734072237531929001</TxId><Prtry><Tp>STO REF</Tp><Ref>0000</Ref></Prtry></Refs><RltdPties><Dbtr><Nm>EHWENOMARE J</Nm></Dbtr><DbtrAcct><Id><PrtryAcct><Id>40100010647055</Id></PrtryAcct></Id></DbtrAcct><Cdtr><Nm>Charles Amrovhe</Nm></Cdtr><CdtrAcct><Id><PrtryAcct><Id>23008200212810</Id></PrtryAcct></Id></CdtrAcct><Prtry><Tp>Fear nothing</Tp><Pty/></Prtry></RltdPties><RmtInf><Strd><AddtlRmtInf>NO REF</AddtlRmtInf></Strd><Strd><AddtlRmtInf>EHWENOMARE J//Fear nothing</AddtlRmtInf></Strd></RmtInf><RltdDts><TxDtTm>2018-09-29T13:57:32</TxDtTm></RltdDts><AddtlTxInf>7340722375319290011020180929826401000</AddtlTxInf></TxDtls><AddtlNtryInf>COMPLETE//0000//003//CREDIT</AddtlNtryInf></Ntry><Ntry><Amt Ccy="GBP">20.00</Amt><CdtDbtInd>CRDT</CdtDbtInd><Sts>BOOK</Sts><BookgDt><Dt>2018-10-01</Dt></BookgDt><BkTxCd><Prtry><Cd>SIP UKBA CR 40269</Cd></Prtry></BkTxCd><TxDtls><Refs><EndToEndId>NOREF</EndToEndId><TxId>180929135835354903</TxId></Refs><RltdPties><Dbtr><Nm>Moshood Bello</Nm></Dbtr><DbtrAcct><Id><PrtryAcct><Id>30934420455960</Id></PrtryAcct></Id></DbtrAcct><Cdtr><Nm>mr m bello arro</Nm></Cdtr><CdtrAcct><Id><PrtryAcct><Id>23008200193961</Id></PrtryAcct></Id></CdtrAcct></RltdPties><RmtInf><Strd><AddtlRmtInf>NO REF</AddtlRmtInf></Strd><Strd><AddtlRmtInf>Moshood Bello//</AddtlRmtInf></Strd></RmtInf><RltdDts><TxDtTm>2018-09-29T13:58:32</TxDtTm></RltdDts><AddtlTxInf>1809291358353549031020180929826309344</AddtlTxInf></TxDtls><AddtlNtryInf>COMPLETE//0000//003//CREDIT</AddtlNtryInf></Ntry></Ntfctn></BkToCstmrDbtCdtNtfctnV01></Document>