<?xml version="1.0" encoding="UTF-8"?><Document xmlns:xsi="http://www.w3.org/2001/XMLSchema-instance" xmlns="urn:iso:std:iso:20022:tech:xsd:camt.054.001.01"><BkToCstmrDbtCdtNtfctnV01><GrpHdr><MsgId>80309K//12562</MsgId><CreDtTm>2018-09-07T21:30:00</CreDtTm></GrpHdr><Ntfctn><Id>80309K//12562//1</Id><CreDtTm>2018-09-07T21:30:00</CreDtTm><Acct><Id><PrtryAcct><Id>20594233939774</Id></PrtryAcct></Id><Ccy>GBP</Ccy></Acct><TxsSummry><TtlNtries><NbOfNtries>3</NbOfNtries><Sum>400.00</Sum></TtlNtries><TtlCdtNtries><NbOfNtries>3</NbOfNtries><Sum>400.00</Sum></TtlCdtNtries><TtlDbtNtries><NbOfNtries>0</NbOfNtries><Sum>0.00</Sum></TtlDbtNtries></TxsSummry><Ntry><Amt Ccy="GBP">280.00</Amt><CdtDbtInd>CRDT</CdtDbtInd><Sts>BOOK</Sts><BookgDt><Dt>2018-09-10</Dt></BookgDt><BkTxCd><Prtry><Cd>FDP UKBA CR 40269</Cd></Prtry></BkTxCd><TxDtls><Refs><EndToEndId>NOREF</EndToEndId><TxId>263950849021709001</TxId><Prtry><Tp>STO REF</Tp><Ref>0000</Ref></Prtry></Refs><RltdPties><Dbtr><Nm>BHAMBHANI A</Nm></Dbtr><DbtrAcct><Id><PrtryAcct><Id>40232631692879</Id></PrtryAcct></Id></DbtrAcct><Cdtr><Nm>RAHIM YUSUF</Nm></Cdtr><CdtrAcct><Id><PrtryAcct><Id>23008200432916</Id></PrtryAcct></Id></CdtrAcct></RltdPties><RmtInf><Strd><AddtlRmtInf>NO REF</AddtlRmtInf></Strd><Strd><AddtlRmtInf>BHAMBHANI A//</AddtlRmtInf></Strd></RmtInf><RltdDts><TxDtTm>2018-09-07T21:00:05</TxDtTm></RltdDts><AddtlTxInf>2639508490217090014020180907826402326</AddtlTxInf></TxDtls><AddtlNtryInf>COMPLETE//0000//003//CREDIT</AddtlNtryInf></Ntry><Ntry><Amt Ccy="GBP">90.00</Amt><CdtDbtInd>CRDT</CdtDbtInd><Sts>BOOK</Sts><BookgDt><Dt>2018-09-10</Dt></BookgDt><BkTxCd><Prtry><Cd>SIP UKBA CR 40269</Cd></Prtry></BkTxCd><TxDtls><Refs><EndToEndId>NOREF</EndToEndId><TxId>FP18250O14505036</TxId></Refs><RltdPties><Dbtr><Nm>Tomlinson Andrew</Nm></Dbtr><DbtrAcct><Id><PrtryAcct><Id>07043611122042</Id></PrtryAcct></Id></DbtrAcct><Cdtr><Nm>A TOMLINSON</Nm></Cdtr><CdtrAcct><Id><PrtryAcct><Id>23008200003300</Id></PrtryAcct></Id></CdtrAcct><Prtry><Tp>BILLS</Tp><Pty/></Prtry></RltdPties><RmtInf><Strd><AddtlRmtInf>NO REF</AddtlRmtInf></Strd><Strd><AddtlRmtInf>Tomlinson Andrew//BILLS</AddtlRmtInf></Strd></RmtInf><RltdDts><TxDtTm>2018-09-07T21:16:42</TxDtTm></RltdDts><AddtlTxInf>FP18250O14505036  1020180907826070436</AddtlTxInf></TxDtls><AddtlNtryInf>COMPLETE//0000//003//CREDIT</AddtlNtryInf></Ntry><Ntry><Amt Ccy="GBP">30.00</Amt><CdtDbtInd>CRDT</CdtDbtInd><Sts>BOOK</Sts><BookgDt><Dt>2018-09-10</Dt></BookgDt><BkTxCd><Prtry><Cd>SIP UKBA CR 40269</Cd></Prtry></BkTxCd><TxDtls><Refs><EndToEndId>NOREF</EndToEndId><TxId>RP4679960892975500</TxId></Refs><RltdPties><Dbtr><Nm>DE ATH T J</Nm></Dbtr><DbtrAcct><Id><PrtryAcct><Id>20797363106748</Id></PrtryAcct></Id></DbtrAcct><Cdtr><Nm>JAYCEE WEST</Nm></Cdtr><CdtrAcct><Id><PrtryAcct><Id>23008200427464</Id></PrtryAcct></Id></CdtrAcct><Prtry><Tp>SEXY TIME</Tp><Pty/></Prtry></RltdPties><RmtInf><Strd><AddtlRmtInf>NO REF</AddtlRmtInf></Strd><Strd><AddtlRmtInf>DE ATH T J//SEXY TIME</AddtlRmtInf></Strd></RmtInf><RltdDts><TxDtTm>2018-09-07T21:19:13</TxDtTm></RltdDts><AddtlTxInf>RP46799608929755001020180907826200026</AddtlTxInf></TxDtls><AddtlNtryInf>COMPLETE//0000//003//CREDIT</AddtlNtryInf></Ntry></Ntfctn></BkToCstmrDbtCdtNtfctnV01></Document>