<?xml version="1.0" encoding="UTF-8"?><Document xmlns:xsi="http://www.w3.org/2001/XMLSchema-instance" xmlns="urn:iso:std:iso:20022:tech:xsd:camt.054.001.01"><BkToCstmrDbtCdtNtfctnV01><GrpHdr><MsgId>80309K//13124</MsgId><CreDtTm>2018-09-21T01:30:00</CreDtTm></GrpHdr><Ntfctn><Id>80309K//13124//1</Id><CreDtTm>2018-09-21T01:30:00</CreDtTm><Acct><Id><PrtryAcct><Id>20594233939774</Id></PrtryAcct></Id><Ccy>GBP</Ccy></Acct><TxsSummry><TtlNtries><NbOfNtries>10</NbOfNtries><Sum>1686.63</Sum></TtlNtries><TtlCdtNtries><NbOfNtries>10</NbOfNtries><Sum>1686.63</Sum></TtlCdtNtries><TtlDbtNtries><NbOfNtries>0</NbOfNtries><Sum>0.00</Sum></TtlDbtNtries></TxsSummry><Ntry><Amt Ccy="GBP">80.00</Amt><CdtDbtInd>CRDT</CdtDbtInd><Sts>BOOK</Sts><BookgDt><Dt>2018-09-21</Dt></BookgDt><BkTxCd><Prtry><Cd>SIP UKBA CR 40269</Cd></Prtry></BkTxCd><TxDtls><Refs><EndToEndId>NOREF</EndToEndId><TxId>500000000390483798</TxId></Refs><RltdPties><Dbtr><Nm>J Cruickshank</Nm></Dbtr><DbtrAcct><Id><PrtryAcct><Id>30927930940568</Id></PrtryAcct></Id></DbtrAcct><Cdtr><Nm>BAEMMS LTD</Nm></Cdtr><CdtrAcct><Id><PrtryAcct><Id>23008200223303</Id></PrtryAcct></Id></CdtrAcct><Prtry><Tp>JUNE CRUICKSHANK</Tp><Pty/></Prtry></RltdPties><RmtInf><Strd><AddtlRmtInf>NO REF</AddtlRmtInf></Strd><Strd><AddtlRmtInf>J Cruickshank//JUNE CRUICKSHANK</AddtlRmtInf></Strd></RmtInf><RltdDts><TxDtTm>2018-09-21T01:03:39</TxDtTm></RltdDts><AddtlTxInf>5000000003904837981020180921826309279</AddtlTxInf></TxDtls><AddtlNtryInf>COMPLETE//0000//003//CREDIT</AddtlNtryInf></Ntry><Ntry><Amt Ccy="GBP">1.00</Amt><CdtDbtInd>CRDT</CdtDbtInd><Sts>BOOK</Sts><BookgDt><Dt>2018-09-21</Dt></BookgDt><BkTxCd><Prtry><Cd>SIP UKBA CR 40269</Cd></Prtry></BkTxCd><TxDtls><Refs><EndToEndId>NOREF</EndToEndId><TxId>100000000388826867</TxId></Refs><RltdPties><Dbtr><Nm>K Eccles</Nm></Dbtr><DbtrAcct><Id><PrtryAcct><Id>30719862294768</Id></PrtryAcct></Id></DbtrAcct><Cdtr><Nm>KATIE ECCLES</Nm></Cdtr><CdtrAcct><Id><PrtryAcct><Id>23008200446554</Id></PrtryAcct></Id></CdtrAcct></RltdPties><RmtInf><Strd><AddtlRmtInf>NO REF</AddtlRmtInf></Strd><Strd><AddtlRmtInf>K Eccles//</AddtlRmtInf></Strd></RmtInf><RltdDts><TxDtTm>2018-09-21T01:12:04</TxDtTm></RltdDts><AddtlTxInf>1000000003888268671020180921826307198</AddtlTxInf></TxDtls><AddtlNtryInf>COMPLETE//0000//003//CREDIT</AddtlNtryInf></Ntry><Ntry><Amt Ccy="GBP">5.00</Amt><CdtDbtInd>CRDT</CdtDbtInd><Sts>BOOK</Sts><BookgDt><Dt>2018-09-21</Dt></BookgDt><BkTxCd><Prtry><Cd>STO UKBA CR 40267</Cd></Prtry></BkTxCd><TxDtls><Refs><EndToEndId>NOREF</EndToEndId><TxId>RP4651285957859900</TxId></Refs><RltdPties><Dbtr><Nm>GREEN AP</Nm></Dbtr><DbtrAcct><Id><PrtryAcct><Id>20502190578428</Id></PrtryAcct></Id></DbtrAcct><Cdtr><Nm>ARRO CARD</Nm></Cdtr><CdtrAcct><Id><PrtryAcct><Id>23008200381084</Id></PrtryAcct></Id></CdtrAcct><Prtry><Tp>ARROCARD</Tp><Pty/></Prtry></RltdPties><RmtInf><Strd><AddtlRmtInf>NO REF</AddtlRmtInf></Strd><Strd><AddtlRmtInf>GREEN AP//ARROCARD</AddtlRmtInf></Strd></RmtInf><RltdDts><TxDtTm>2018-09-21T01:13:52</TxDtTm></RltdDts><AddtlTxInf>RP46512859578599003020180921826200026</AddtlTxInf></TxDtls><AddtlNtryInf>COMPLETE//0000//003//CREDIT</AddtlNtryInf></Ntry><Ntry><Amt Ccy="GBP">15.00</Amt><CdtDbtInd>CRDT</CdtDbtInd><Sts>BOOK</Sts><BookgDt><Dt>2018-09-21</Dt></BookgDt><BkTxCd><Prtry><Cd>SIP UKBA CR 40269</Cd></Prtry></BkTxCd><TxDtls><Refs><EndToEndId>NOREF</EndToEndId><TxId>100000000388827478</TxId></Refs><RltdPties><Dbtr><Nm>M Abdullah Al Mahm</Nm></Dbtr><DbtrAcct><Id><PrtryAcct><Id>11074710554062</Id></PrtryAcct></Id></DbtrAcct><Cdtr><Nm>MR S M A MAHMUD</Nm></Cdtr><CdtrAcct><Id><PrtryAcct><Id>23008200210817</Id></PrtryAcct></Id></CdtrAcct><Prtry><Tp>LONDON RENT</Tp><Pty/></Prtry></RltdPties><RmtInf><Strd><AddtlRmtInf>NO REF</AddtlRmtInf></Strd><Strd><AddtlRmtInf>M Abdullah Al Mahm//LONDON RENT</AddtlRmtInf></Strd></RmtInf><RltdDts><TxDtTm>2018-09-21T01:14:33</TxDtTm></RltdDts><AddtlTxInf>1000000003888274781020180921826110747</AddtlTxInf></TxDtls><AddtlNtryInf>COMPLETE//0000//003//CREDIT</AddtlNtryInf></Ntry><Ntry><Amt Ccy="GBP">269.04</Amt><CdtDbtInd>CRDT</CdtDbtInd><Sts>BOOK</Sts><BookgDt><Dt>2018-09-21</Dt></BookgDt><BkTxCd><Prtry><Cd>FDP UKBA CR 40269</Cd></Prtry></BkTxCd><TxDtls><Refs><EndToEndId>NOREF</EndToEndId><TxId>RP4652385182589200</TxId></Refs><RltdPties><Dbtr><Nm>BRAD T/AS NEW DE</Nm></Dbtr><DbtrAcct><Id><PrtryAcct><Id>20977870621617</Id></PrtryAcct></Id></DbtrAcct><Cdtr><Nm>DAWID BRZEZICKI</Nm></Cdtr><CdtrAcct><Id><PrtryAcct><Id>23008200023706</Id></PrtryAcct></Id></CdtrAcct><Prtry><Tp>WAGES</Tp><Pty/></Prtry></RltdPties><RmtInf><Strd><AddtlRmtInf>NO REF</AddtlRmtInf></Strd><Strd><AddtlRmtInf>BRAD T/AS NEW DE//WAGES</AddtlRmtInf></Strd></RmtInf><RltdDts><TxDtTm>2018-09-21T01:16:41</TxDtTm></RltdDts><AddtlTxInf>RP46523851825892004020180921826200026</AddtlTxInf></TxDtls><AddtlNtryInf>COMPLETE//0000//003//CREDIT</AddtlNtryInf></Ntry><Ntry><Amt Ccy="GBP">5.00</Amt><CdtDbtInd>CRDT</CdtDbtInd><Sts>BOOK</Sts><BookgDt><Dt>2018-09-21</Dt></BookgDt><BkTxCd><Prtry><Cd>DCA UKBA CR 40269</Cd></Prtry></BkTxCd><TxDtls><Refs><EndToEndId>NOREF</EndToEndId><TxId>000000013624237301</TxId><Prtry><Tp>STO REF</Tp><Ref>3459</Ref></Prtry></Refs><RltdPties><Dbtr><Nm>P DRAMADANOV</Nm></Dbtr><DbtrAcct><Id><PrtryAcct><Id>20035373152596</Id></PrtryAcct></Id></DbtrAcct><Cdtr><Nm>NIKOLA PENEV</Nm></Cdtr><CdtrAcct><Id><PrtryAcct><Id>23008200041580</Id></PrtryAcct></Id></CdtrAcct><Prtry><Tp>NIKOLA PENEV</Tp><Pty/></Prtry></RltdPties><RmtInf><Strd><AddtlRmtInf>NO REF</AddtlRmtInf></Strd><Strd><AddtlRmtInf>P DRAMADANOV//NIKOLA PENEV</AddtlRmtInf></Strd></RmtInf><RltdDts><TxDtTm>2018-09-21T01:21:34</TxDtTm></RltdDts><AddtlTxInf>0000000136242373015020180921826200353</AddtlTxInf></TxDtls><AddtlNtryInf>COMPLETE//0000//003//CREDIT</AddtlNtryInf></Ntry><Ntry><Amt Ccy="GBP">198.46</Amt><CdtDbtInd>CRDT</CdtDbtInd><Sts>BOOK</Sts><BookgDt><Dt>2018-09-21</Dt></BookgDt><BkTxCd><Prtry><Cd>FDP UKBA CR 40269</Cd></Prtry></BkTxCd><TxDtls><Refs><EndToEndId>NOREF</EndToEndId><TxId>RP4650883802714700</TxId></Refs><RltdPties><Dbtr><Nm>LUCID GR LTD SW</Nm></Dbtr><DbtrAcct><Id><PrtryAcct><Id>20046813788741</Id></PrtryAcct></Id></DbtrAcct><Cdtr><Nm>JOHNATHAN HUGHES</Nm></Cdtr><CdtrAcct><Id><PrtryAcct><Id>23008200211284</Id></PrtryAcct></Id></CdtrAcct><Prtry><Tp>WAGES</Tp><Pty/></Prtry></RltdPties><RmtInf><Strd><AddtlRmtInf>NO REF</AddtlRmtInf></Strd><Strd><AddtlRmtInf>LUCID GR LTD SW//WAGES</AddtlRmtInf></Strd></RmtInf><RltdDts><TxDtTm>2018-09-21T01:22:40</TxDtTm></RltdDts><AddtlTxInf>RP46508838027147004020180921826200026</AddtlTxInf></TxDtls><AddtlNtryInf>COMPLETE//0000//003//CREDIT</AddtlNtryInf></Ntry><Ntry><Amt Ccy="GBP">5.00</Amt><CdtDbtInd>CRDT</CdtDbtInd><Sts>BOOK</Sts><BookgDt><Dt>2018-09-21</Dt></BookgDt><BkTxCd><Prtry><Cd>STO UKBA CR 40267</Cd></Prtry></BkTxCd><TxDtls><Refs><EndToEndId>NOREF</EndToEndId><TxId>RP4652485166005400</TxId></Refs><RltdPties><Dbtr><Nm>KNIGHT RA</Nm></Dbtr><DbtrAcct><Id><PrtryAcct><Id>20776240921149</Id></PrtryAcct></Id></DbtrAcct><Cdtr><Nm>ARRO</Nm></Cdtr><CdtrAcct><Id><PrtryAcct><Id>23008200012776</Id></PrtryAcct></Id></CdtrAcct><Prtry><Tp>706146</Tp><Pty/></Prtry></RltdPties><RmtInf><Strd><AddtlRmtInf>NO REF</AddtlRmtInf></Strd><Strd><AddtlRmtInf>KNIGHT RA//706146</AddtlRmtInf></Strd></RmtInf><RltdDts><TxDtTm>2018-09-21T01:23:02</TxDtTm></RltdDts><AddtlTxInf>RP46524851660054003020180921826200026</AddtlTxInf></TxDtls><AddtlNtryInf>COMPLETE//0000//003//CREDIT</AddtlNtryInf></Ntry><Ntry><Amt Ccy="GBP">185.05</Amt><CdtDbtInd>CRDT</CdtDbtInd><Sts>BOOK</Sts><BookgDt><Dt>2018-09-21</Dt></BookgDt><BkTxCd><Prtry><Cd>STO UKBA CR 40267</Cd></Prtry></BkTxCd><TxDtls><Refs><EndToEndId>NOREF</EndToEndId><TxId>100000000388846739</TxId></Refs><RltdPties><Dbtr><Nm>MARKET 36 RECRUITM</Nm></Dbtr><DbtrAcct><Id><PrtryAcct><Id>30635730584968</Id></PrtryAcct></Id></DbtrAcct><Cdtr><Nm>S LOVE</Nm></Cdtr><CdtrAcct><Id><PrtryAcct><Id>23008200399546</Id></PrtryAcct></Id></CdtrAcct><Prtry><Tp>WAGES</Tp><Pty/></Prtry></RltdPties><RmtInf><Strd><AddtlRmtInf>NO REF</AddtlRmtInf></Strd><Strd><AddtlRmtInf>MARKET 36 RECRUITM//WAGES</AddtlRmtInf></Strd></RmtInf><RltdDts><TxDtTm>2018-09-21T01:24:16</TxDtTm></RltdDts><AddtlTxInf>1000000003888467393020180921826306357</AddtlTxInf></TxDtls><AddtlNtryInf>COMPLETE//0000//003//CREDIT</AddtlNtryInf></Ntry><Ntry><Amt Ccy="GBP">923.08</Amt><CdtDbtInd>CRDT</CdtDbtInd><Sts>BOOK</Sts><BookgDt><Dt>2018-09-21</Dt></BookgDt><BkTxCd><Prtry><Cd>STO UKBA CR 40267</Cd></Prtry></BkTxCd><TxDtls><Refs><EndToEndId>NOREF</EndToEndId><TxId>600000000390226406</TxId></Refs><RltdPties><Dbtr><Nm>ACCESS WEALTH MANA</Nm></Dbtr><DbtrAcct><Id><PrtryAcct><Id>30941933463068</Id></PrtryAcct></Id></DbtrAcct><Cdtr><Nm>G KENNEDY</Nm></Cdtr><CdtrAcct><Id><PrtryAcct><Id>23008200005387</Id></PrtryAcct></Id></CdtrAcct><Prtry><Tp>AML LTD</Tp><Pty/></Prtry></RltdPties><RmtInf><Strd><AddtlRmtInf>NO REF</AddtlRmtInf></Strd><Strd><AddtlRmtInf>ACCESS WEALTH MANA//AML LTD</AddtlRmtInf></Strd></RmtInf><RltdDts><TxDtTm>2018-09-21T01:27:33</TxDtTm></RltdDts><AddtlTxInf>6000000003902264063020180921826309419</AddtlTxInf></TxDtls><AddtlNtryInf>COMPLETE//0000//003//CREDIT</AddtlNtryInf></Ntry></Ntfctn></BkToCstmrDbtCdtNtfctnV01></Document>