<?xml version="1.0" encoding="UTF-8"?><Document xmlns:xsi="http://www.w3.org/2001/XMLSchema-instance" xmlns="urn:iso:std:iso:20022:tech:xsd:camt.054.001.01"><BkToCstmrDbtCdtNtfctnV01><GrpHdr><MsgId>80309K//12824</MsgId><CreDtTm>2018-09-14T03:00:00</CreDtTm></GrpHdr><Ntfctn><Id>80309K//12824//1</Id><CreDtTm>2018-09-14T03:00:00</CreDtTm><Acct><Id><PrtryAcct><Id>20594233939774</Id></PrtryAcct></Id><Ccy>GBP</Ccy></Acct><TxsSummry><TtlNtries><NbOfNtries>5</NbOfNtries><Sum>1182.10</Sum></TtlNtries><TtlCdtNtries><NbOfNtries>5</NbOfNtries><Sum>1182.10</Sum></TtlCdtNtries><TtlDbtNtries><NbOfNtries>0</NbOfNtries><Sum>0.00</Sum></TtlDbtNtries></TxsSummry><Ntry><Amt Ccy="GBP">340.06</Amt><CdtDbtInd>CRDT</CdtDbtInd><Sts>BOOK</Sts><BookgDt><Dt>2018-09-14</Dt></BookgDt><BkTxCd><Prtry><Cd>FDP UKBA CR 40269</Cd></Prtry></BkTxCd><TxDtls><Refs><EndToEndId>NOREF</EndToEndId><TxId>43023149405374000N</TxId><Prtry><Tp>STO REF</Tp><Ref>0000</Ref></Prtry></Refs><RltdPties><Dbtr><Nm>ARCHITECTURAL STEE</Nm></Dbtr><DbtrAcct><Id><PrtryAcct><Id>01085255588581</Id></PrtryAcct></Id></DbtrAcct><Cdtr><Nm>STEPAN FIALA</Nm></Cdtr><CdtrAcct><Id><PrtryAcct><Id>23008200151944</Id></PrtryAcct></Id></CdtrAcct><Prtry><Tp>ARCH STEEL</Tp><Pty/></Prtry></RltdPties><RmtInf><Strd><AddtlRmtInf>ARCH STEEL</AddtlRmtInf></Strd><Strd><AddtlRmtInf>ARCHITECTURAL STEE//ARCH STEEL</AddtlRmtInf></Strd></RmtInf><RltdDts><TxDtTm>2018-09-14T02:38:02</TxDtTm></RltdDts><AddtlTxInf>43023149405374000N4020180914826010852</AddtlTxInf></TxDtls><AddtlNtryInf>COMPLETE//0000//003//CREDIT</AddtlNtryInf></Ntry><Ntry><Amt Ccy="GBP">286.02</Amt><CdtDbtInd>CRDT</CdtDbtInd><Sts>BOOK</Sts><BookgDt><Dt>2018-09-14</Dt></BookgDt><BkTxCd><Prtry><Cd>FDP UKBA CR 40269</Cd></Prtry></BkTxCd><TxDtls><Refs><EndToEndId>NOREF</EndToEndId><TxId>40023236206740000N</TxId><Prtry><Tp>STO REF</Tp><Ref>0000</Ref></Prtry></Refs><RltdPties><Dbtr><Nm>CAREERMAKERS RECRU</Nm></Dbtr><DbtrAcct><Id><PrtryAcct><Id>01014218085407</Id></PrtryAcct></Id></DbtrAcct><Cdtr><Nm>ALEXANDRU-VLADUT</Nm></Cdtr><CdtrAcct><Id><PrtryAcct><Id>23008200423900</Id></PrtryAcct></Id></CdtrAcct><Prtry><Tp>01014218085407</Tp><Pty/></Prtry></RltdPties><RmtInf><Strd><AddtlRmtInf>01014218085407</AddtlRmtInf></Strd><Strd><AddtlRmtInf>CAREERMAKERS RECRU//01014218085407</AddtlRmtInf></Strd></RmtInf><RltdDts><TxDtTm>2018-09-14T02:46:57</TxDtTm></RltdDts><AddtlTxInf>40023236206740000N4020180914826010142</AddtlTxInf></TxDtls><AddtlNtryInf>COMPLETE//0000//003//CREDIT</AddtlNtryInf></Ntry><Ntry><Amt Ccy="GBP">70.00</Amt><CdtDbtInd>CRDT</CdtDbtInd><Sts>BOOK</Sts><BookgDt><Dt>2018-09-14</Dt></BookgDt><BkTxCd><Prtry><Cd>SIP UKBA CR 40269</Cd></Prtry></BkTxCd><TxDtls><Refs><EndToEndId>NOREF</EndToEndId><TxId>681810247420419001</TxId><Prtry><Tp>STO REF</Tp><Ref>0000</Ref></Prtry></Refs><RltdPties><Dbtr><Nm>WELLINGS</Nm></Dbtr><DbtrAcct><Id><PrtryAcct><Id>40312301320629</Id></PrtryAcct></Id></DbtrAcct><Cdtr><Nm>Edward Thomason</Nm></Cdtr><CdtrAcct><Id><PrtryAcct><Id>23008200433000</Id></PrtryAcct></Id></CdtrAcct><Prtry><Tp>Muppet</Tp><Pty/></Prtry></RltdPties><RmtInf><Strd><AddtlRmtInf>NO REF</AddtlRmtInf></Strd><Strd><AddtlRmtInf>WELLINGS//Muppet</AddtlRmtInf></Strd></RmtInf><RltdDts><TxDtTm>2018-09-14T02:47:42</TxDtTm></RltdDts><AddtlTxInf>6818102474204190011020180914826403123</AddtlTxInf></TxDtls><AddtlNtryInf>COMPLETE//0000//003//CREDIT</AddtlNtryInf></Ntry><Ntry><Amt Ccy="GBP">286.02</Amt><CdtDbtInd>CRDT</CdtDbtInd><Sts>BOOK</Sts><BookgDt><Dt>2018-09-14</Dt></BookgDt><BkTxCd><Prtry><Cd>FDP UKBA CR 40269</Cd></Prtry></BkTxCd><TxDtls><Refs><EndToEndId>NOREF</EndToEndId><TxId>35023236206289000N</TxId><Prtry><Tp>STO REF</Tp><Ref>0000</Ref></Prtry></Refs><RltdPties><Dbtr><Nm>CAREERMAKERS RECRU</Nm></Dbtr><DbtrAcct><Id><PrtryAcct><Id>01014218085407</Id></PrtryAcct></Id></DbtrAcct><Cdtr><Nm>ANDREEA-NICOLETA</Nm></Cdtr><CdtrAcct><Id><PrtryAcct><Id>23008200423900</Id></PrtryAcct></Id></CdtrAcct><Prtry><Tp>01014218085407</Tp><Pty/></Prtry></RltdPties><RmtInf><Strd><AddtlRmtInf>01014218085407</AddtlRmtInf></Strd><Strd><AddtlRmtInf>CAREERMAKERS RECRU//01014218085407</AddtlRmtInf></Strd></RmtInf><RltdDts><TxDtTm>2018-09-14T02:47:51</TxDtTm></RltdDts><AddtlTxInf>35023236206289000N4020180914826010142</AddtlTxInf></TxDtls><AddtlNtryInf>COMPLETE//0000//003//CREDIT</AddtlNtryInf></Ntry><Ntry><Amt Ccy="GBP">200.00</Amt><CdtDbtInd>CRDT</CdtDbtInd><Sts>BOOK</Sts><BookgDt><Dt>2018-09-14</Dt></BookgDt><BkTxCd><Prtry><Cd>SIP UKBA CR 40269</Cd></Prtry></BkTxCd><TxDtls><Refs><EndToEndId>NOREF</EndToEndId><TxId>25025120297205000R</TxId><Prtry><Tp>STO REF</Tp><Ref>0000</Ref></Prtry></Refs><RltdPties><Dbtr><Nm>MIROSLAV  HORVATH</Nm><PstlAdr><AdrLine>107 BOLSOVER ROAD;</AdrLine><AdrLine>SHEFFIELD;</AdrLine><AdrLine>SOUTH YORK     S5 6US</AdrLine><Ctry/></PstlAdr></Dbtr><DbtrAcct><Id><PrtryAcct><Id>16313021889464</Id></PrtryAcct></Id></DbtrAcct><Cdtr><Nm>M HORVATH</Nm></Cdtr><CdtrAcct><Id><PrtryAcct><Id>23008200206438</Id></PrtryAcct></Id></CdtrAcct><Prtry><Tp>MIROSLAV HORVATH</Tp><Pty/></Prtry></RltdPties><RmtInf><Strd><AddtlRmtInf>MIROSLAV HORVATH</AddtlRmtInf></Strd><Strd><AddtlRmtInf>MIROSLAV  HORVATH//MIROSLAV HORVATH</AddtlRmtInf></Strd></RmtInf><RltdDts><TxDtTm>2018-09-14T02:51:20</TxDtTm></RltdDts><AddtlTxInf>25025120297205000R1020180914826163130</AddtlTxInf></TxDtls><AddtlNtryInf>COMPLETE//0000//003//CREDIT</AddtlNtryInf></Ntry></Ntfctn></BkToCstmrDbtCdtNtfctnV01></Document>