<?xml version="1.0" encoding="UTF-8"?><Document xmlns:xsi="http://www.w3.org/2001/XMLSchema-instance" xmlns="urn:iso:std:iso:20022:tech:xsd:camt.054.001.01"><BkToCstmrDbtCdtNtfctnV01><GrpHdr><MsgId>80309K//12371</MsgId><CreDtTm>2018-09-03T17:00:00</CreDtTm></GrpHdr><Ntfctn><Id>80309K//12371//1</Id><CreDtTm>2018-09-03T17:00:00</CreDtTm><Acct><Id><PrtryAcct><Id>20594233939774</Id></PrtryAcct></Id><Ccy>GBP</Ccy></Acct><TxsSummry><TtlNtries><NbOfNtries>6</NbOfNtries><Sum>1116.00</Sum></TtlNtries><TtlCdtNtries><NbOfNtries>6</NbOfNtries><Sum>1116.00</Sum></TtlCdtNtries><TtlDbtNtries><NbOfNtries>0</NbOfNtries><Sum>0.00</Sum></TtlDbtNtries></TxsSummry><Ntry><Amt Ccy="GBP">105.00</Amt><CdtDbtInd>CRDT</CdtDbtInd><Sts>BOOK</Sts><BookgDt><Dt>2018-09-03</Dt></BookgDt><BkTxCd><Prtry><Cd>SIP UKBA CR 40269</Cd></Prtry></BkTxCd><TxDtls><Refs><EndToEndId>00151071632BBKYMGY</EndToEndId><TxId>00151071632BBKYMGY</TxId></Refs><RltdPties><Dbtr><Nm>EMMANUEL IKWUAKO</Nm></Dbtr><DbtrAcct><Id><PrtryAcct><Id>09012889231855</Id></PrtryAcct></Id></DbtrAcct><Cdtr><Nm>JEDIDIAH G L LTD</Nm></Cdtr><CdtrAcct><Id><PrtryAcct><Id>23008200032558</Id></PrtryAcct></Id></CdtrAcct><Prtry><Tp>mr Emmanuel cargo</Tp><Pty/></Prtry></RltdPties><RmtInf><Strd><AddtlRmtInf>NO REF</AddtlRmtInf></Strd><Strd><AddtlRmtInf>EMMANUEL IKWUAKO//mr Emmanuel cargo</AddtlRmtInf></Strd></RmtInf><RltdDts><TxDtTm>2018-09-03T16:36:55</TxDtTm></RltdDts><AddtlTxInf>00151071632BBKYMGY1020180903826090128</AddtlTxInf></TxDtls><AddtlNtryInf>COMPLETE//0000//002//CREDIT</AddtlNtryInf></Ntry><Ntry><Amt Ccy="GBP">50.00</Amt><CdtDbtInd>CRDT</CdtDbtInd><Sts>BOOK</Sts><BookgDt><Dt>2018-09-03</Dt></BookgDt><BkTxCd><Prtry><Cd>SIP UKBA CR 40269</Cd></Prtry></BkTxCd><TxDtls><Refs><EndToEndId>NOREF</EndToEndId><TxId>200000000383957030</TxId></Refs><RltdPties><Dbtr><Nm>E Donker</Nm></Dbtr><DbtrAcct><Id><PrtryAcct><Id>30155364864460</Id></PrtryAcct></Id></DbtrAcct><Cdtr><Nm>DANIL NOLAJI</Nm></Cdtr><CdtrAcct><Id><PrtryAcct><Id>23008200428135</Id></PrtryAcct></Id></CdtrAcct><Prtry><Tp>BAGS</Tp><Pty/></Prtry></RltdPties><RmtInf><Strd><AddtlRmtInf>NO REF</AddtlRmtInf></Strd><Strd><AddtlRmtInf>E Donker//BAGS</AddtlRmtInf></Strd></RmtInf><RltdDts><TxDtTm>2018-09-03T16:39:18</TxDtTm></RltdDts><AddtlTxInf>2000000003839570301020180903826301553</AddtlTxInf></TxDtls><AddtlNtryInf>COMPLETE//0000//002//CREDIT</AddtlNtryInf></Ntry><Ntry><Amt Ccy="GBP">499.00</Amt><CdtDbtInd>CRDT</CdtDbtInd><Sts>BOOK</Sts><BookgDt><Dt>2018-09-03</Dt></BookgDt><BkTxCd><Prtry><Cd>SIP UKBA CR 40269</Cd></Prtry></BkTxCd><TxDtls><Refs><EndToEndId>NOREF</EndToEndId><TxId>49164209148233000N</TxId><Prtry><Tp>STO REF</Tp><Ref>0000</Ref></Prtry></Refs><RltdPties><Dbtr><Nm>MR IAN F JONES</Nm></Dbtr><DbtrAcct><Id><PrtryAcct><Id>60700858683976</Id></PrtryAcct></Id></DbtrAcct><Cdtr><Nm>N BROOKS</Nm></Cdtr><CdtrAcct><Id><PrtryAcct><Id>23008200347440</Id></PrtryAcct></Id></CdtrAcct><Prtry><Tp>JONES</Tp><Pty/></Prtry></RltdPties><RmtInf><Strd><AddtlRmtInf>JONES</AddtlRmtInf></Strd><Strd><AddtlRmtInf>MR IAN F JONES//JONES</AddtlRmtInf></Strd></RmtInf><RltdDts><TxDtTm>2018-09-03T16:42:09</TxDtTm></RltdDts><AddtlTxInf>49164209148233000N1020180903826607008</AddtlTxInf></TxDtls><AddtlNtryInf>COMPLETE//0000//002//CREDIT</AddtlNtryInf></Ntry><Ntry><Amt Ccy="GBP">250.00</Amt><CdtDbtInd>CRDT</CdtDbtInd><Sts>BOOK</Sts><BookgDt><Dt>2018-09-03</Dt></BookgDt><BkTxCd><Prtry><Cd>SIP UKBA CR 40269</Cd></Prtry></BkTxCd><TxDtls><Refs><EndToEndId>00152636632BCHZWYW</EndToEndId><TxId>00152636632BCHZWYW</TxId></Refs><RltdPties><Dbtr><Nm>SAIMA KHAN</Nm></Dbtr><DbtrAcct><Id><PrtryAcct><Id>09012927864087</Id></PrtryAcct></Id></DbtrAcct><Cdtr><Nm>Ali Kamran</Nm></Cdtr><CdtrAcct><Id><PrtryAcct><Id>23008200386714</Id></PrtryAcct></Id></CdtrAcct><Prtry><Tp>S Khan</Tp><Pty/></Prtry></RltdPties><RmtInf><Strd><AddtlRmtInf>NO REF</AddtlRmtInf></Strd><Strd><AddtlRmtInf>SAIMA KHAN//S Khan</AddtlRmtInf></Strd></RmtInf><RltdDts><TxDtTm>2018-09-03T16:55:27</TxDtTm></RltdDts><AddtlTxInf>00152636632BCHZWYW1020180903826090129</AddtlTxInf></TxDtls><AddtlNtryInf>COMPLETE//0000//002//CREDIT</AddtlNtryInf></Ntry><Ntry><Amt Ccy="GBP">200.00</Amt><CdtDbtInd>CRDT</CdtDbtInd><Sts>BOOK</Sts><BookgDt><Dt>2018-09-03</Dt></BookgDt><BkTxCd><Prtry><Cd>SIP UKBA CR 40269</Cd></Prtry></BkTxCd><TxDtls><Refs><EndToEndId>PPWD00000000AKHPUE</EndToEndId><TxId>PPWD00000000AKHPUE</TxId></Refs><RltdPties><Dbtr><Nm>PayPal</Nm><PstlAdr><AdrLine>2211 N 1st Street San Jose CA 95131</AdrLine><Ctry/></PstlAdr></Dbtr><DbtrAcct><Id><PrtryAcct><Id>23526278959595</Id></PrtryAcct></Id></DbtrAcct><Cdtr><Nm>Oliver Johnson</Nm><PstlAdr><AdrLine>27 Brighton Road</AdrLine><Ctry/></PstlAdr></Cdtr><CdtrAcct><Id><PrtryAcct><Id>23008200221522</Id></PrtryAcct></Id></CdtrAcct><Prtry><Tp>PPWDL56C22AKRU2RJQ</Tp><Pty/></Prtry></RltdPties><RmtInf><Strd><RfrdDocInf><RfrdDocTp><Prtry>002</Prtry></RfrdDocTp></RfrdDocInf><AddtlRmtInf>NO REF</AddtlRmtInf></Strd><Strd><AddtlRmtInf>PayPal//PPWDL56C22AKRU2RJQ</AddtlRmtInf></Strd></RmtInf><RltdDts><TxDtTm>2018-09-03T16:57:38</TxDtTm></RltdDts><AddtlTxInf>PPWD00000000AKHPUE1020180903826235262</AddtlTxInf></TxDtls><AddtlNtryInf>COMPLETE//0000//002//CREDIT</AddtlNtryInf></Ntry><Ntry><Amt Ccy="GBP">12.00</Amt><CdtDbtInd>CRDT</CdtDbtInd><Sts>BOOK</Sts><BookgDt><Dt>2018-09-03</Dt></BookgDt><BkTxCd><Prtry><Cd>SIP UKBA CR 40269</Cd></Prtry></BkTxCd><TxDtls><Refs><EndToEndId>PPWD00000000AKHPYS</EndToEndId><TxId>PPWD00000000AKHPYS</TxId></Refs><RltdPties><Dbtr><Nm>PayPal</Nm><PstlAdr><AdrLine>2211 N 1st Street San Jose CA 95131</AdrLine><Ctry/></PstlAdr></Dbtr><DbtrAcct><Id><PrtryAcct><Id>23526278959595</Id></PrtryAcct></Id></DbtrAcct><Cdtr><Nm>Jorgia Darling</Nm><PstlAdr><AdrLine>Fernieside Avenue</AdrLine><Ctry/></PstlAdr></Cdtr><CdtrAcct><Id><PrtryAcct><Id>23008200407222</Id></PrtryAcct></Id></CdtrAcct><Prtry><Tp>PPWDL5DDJ2AKRU2YLC</Tp><Pty/></Prtry></RltdPties><RmtInf><Strd><RfrdDocInf><RfrdDocTp><Prtry>002</Prtry></RfrdDocTp></RfrdDocInf><AddtlRmtInf>NO REF</AddtlRmtInf></Strd><Strd><AddtlRmtInf>PayPal//PPWDL5DDJ2AKRU2YLC</AddtlRmtInf></Strd></RmtInf><RltdDts><TxDtTm>2018-09-03T16:57:58</TxDtTm></RltdDts><AddtlTxInf>PPWD00000000AKHPYS1020180903826235262</AddtlTxInf></TxDtls><AddtlNtryInf>COMPLETE//0000//002//CREDIT</AddtlNtryInf></Ntry></Ntfctn></BkToCstmrDbtCdtNtfctnV01></Document>