<?xml version="1.0" encoding="UTF-8"?><Document xmlns:xsi="http://www.w3.org/2001/XMLSchema-instance" xmlns="urn:iso:std:iso:20022:tech:xsd:camt.054.001.01"><BkToCstmrDbtCdtNtfctnV01><GrpHdr><MsgId>80309K//13488</MsgId><CreDtTm>2018-09-29T13:00:00</CreDtTm></GrpHdr><Ntfctn><Id>80309K//13488//1</Id><CreDtTm>2018-09-29T13:00:00</CreDtTm><Acct><Id><PrtryAcct><Id>20594233939774</Id></PrtryAcct></Id><Ccy>GBP</Ccy></Acct><TxsSummry><TtlNtries><NbOfNtries>10</NbOfNtries><Sum>1137.93</Sum></TtlNtries><TtlCdtNtries><NbOfNtries>10</NbOfNtries><Sum>1137.93</Sum></TtlCdtNtries><TtlDbtNtries><NbOfNtries>0</NbOfNtries><Sum>0.00</Sum></TtlDbtNtries></TxsSummry><Ntry><Amt Ccy="GBP">400.00</Amt><CdtDbtInd>CRDT</CdtDbtInd><Sts>BOOK</Sts><BookgDt><Dt>2018-10-01</Dt></BookgDt><BkTxCd><Prtry><Cd>SIP UKBA CR 40269</Cd></Prtry></BkTxCd><TxDtls><Refs><EndToEndId>NOREF</EndToEndId><TxId>100000000391640048</TxId></Refs><RltdPties><DbtrAcct><Id><PrtryAcct><Id>30937921923960</Id></PrtryAcct></Id></DbtrAcct><CdtrAcct><Id><PrtryAcct><Id>23008200222854</Id></PrtryAcct></Id></CdtrAcct><Prtry><Tp>ALEX</Tp><Pty/></Prtry></RltdPties><RmtInf><Strd><AddtlRmtInf>NO REF</AddtlRmtInf></Strd><Strd><AddtlRmtInf>309379 21923960//ALEX</AddtlRmtInf></Strd></RmtInf><RltdDts><TxDtTm>2018-09-29T12:32:38</TxDtTm></RltdDts><AddtlTxInf>1000000003916400481020180929826309379</AddtlTxInf></TxDtls><AddtlNtryInf>COMPLETE//0000//003//CREDIT</AddtlNtryInf></Ntry><Ntry><Amt Ccy="GBP">25.00</Amt><CdtDbtInd>CRDT</CdtDbtInd><Sts>BOOK</Sts><BookgDt><Dt>2018-10-01</Dt></BookgDt><BkTxCd><Prtry><Cd>SIP UKBA CR 40269</Cd></Prtry></BkTxCd><TxDtls><Refs><EndToEndId>NOREF</EndToEndId><TxId>000000000128804450</TxId></Refs><RltdPties><Dbtr><Nm>MR L A NEED</Nm></Dbtr><DbtrAcct><Id><PrtryAcct><Id>08910314185050</Id></PrtryAcct></Id></DbtrAcct><Cdtr><Nm>MR L NEED SAVING</Nm></Cdtr><CdtrAcct><Id><PrtryAcct><Id>23008200338418</Id></PrtryAcct></Id></CdtrAcct></RltdPties><RmtInf><Strd><AddtlRmtInf>NO REF</AddtlRmtInf></Strd><Strd><AddtlRmtInf>MR L A NEED//</AddtlRmtInf></Strd></RmtInf><RltdDts><TxDtTm>2018-09-29T12:36:41</TxDtTm></RltdDts><AddtlTxInf>0000000001288044501020180929826089103</AddtlTxInf></TxDtls><AddtlNtryInf>COMPLETE//0000//003//CREDIT</AddtlNtryInf></Ntry><Ntry><Amt Ccy="GBP">26.00</Amt><CdtDbtInd>CRDT</CdtDbtInd><Sts>BOOK</Sts><BookgDt><Dt>2018-10-01</Dt></BookgDt><BkTxCd><Prtry><Cd>SIP UKBA CR 40269</Cd></Prtry></BkTxCd><TxDtls><Refs><EndToEndId>NOREF</EndToEndId><TxId>RP4679962617126400</TxId></Refs><RltdPties><Dbtr><Nm>GWANGWAZO Z I M</Nm></Dbtr><DbtrAcct><Id><PrtryAcct><Id>20442243987450</Id></PrtryAcct></Id></DbtrAcct><Cdtr><Nm>RELIABLE SHOP LTD</Nm></Cdtr><CdtrAcct><Id><PrtryAcct><Id>23008200035589</Id></PrtryAcct></Id></CdtrAcct><Prtry><Tp>ZAINAB</Tp><Pty/></Prtry></RltdPties><RmtInf><Strd><AddtlRmtInf>NO REF</AddtlRmtInf></Strd><Strd><AddtlRmtInf>GWANGWAZO Z I M//ZAINAB</AddtlRmtInf></Strd></RmtInf><RltdDts><TxDtTm>2018-09-29T12:37:43</TxDtTm></RltdDts><AddtlTxInf>RP46799626171264001020180929826200026</AddtlTxInf></TxDtls><AddtlNtryInf>COMPLETE//0000//003//CREDIT</AddtlNtryInf></Ntry><Ntry><Amt Ccy="GBP">500.00</Amt><CdtDbtInd>CRDT</CdtDbtInd><Sts>BOOK</Sts><BookgDt><Dt>2018-10-01</Dt></BookgDt><BkTxCd><Prtry><Cd>SIP UKBA CR 40269</Cd></Prtry></BkTxCd><TxDtls><Refs><EndToEndId>NOREF</EndToEndId><TxId>180929123829086387</TxId></Refs><RltdPties><Dbtr><Nm>Norris Hillaire</Nm></Dbtr><DbtrAcct><Id><PrtryAcct><Id>30962900548645</Id></PrtryAcct></Id></DbtrAcct><Cdtr><Nm>Ben Moruthane</Nm></Cdtr><CdtrAcct><Id><PrtryAcct><Id>23008200209247</Id></PrtryAcct></Id></CdtrAcct><Prtry><Tp>Sutter Ranjiv</Tp><Pty/></Prtry></RltdPties><RmtInf><Strd><AddtlRmtInf>NO REF</AddtlRmtInf></Strd><Strd><AddtlRmtInf>Norris Hillaire//Sutter Ranjiv</AddtlRmtInf></Strd></RmtInf><RltdDts><TxDtTm>2018-09-29T12:38:26</TxDtTm></RltdDts><AddtlTxInf>1809291238290863871020180929826309629</AddtlTxInf></TxDtls><AddtlNtryInf>COMPLETE//0000//003//CREDIT</AddtlNtryInf></Ntry><Ntry><Amt Ccy="GBP">0.91</Amt><CdtDbtInd>CRDT</CdtDbtInd><Sts>BOOK</Sts><BookgDt><Dt>2018-10-01</Dt></BookgDt><BkTxCd><Prtry><Cd>SIP UKBA CR 40269</Cd></Prtry></BkTxCd><TxDtls><Refs><EndToEndId>000000FT1827103MKV</EndToEndId><TxId>000000FT1827103MKV</TxId></Refs><RltdPties><Dbtr><Nm>NATASHA POWELL</Nm><PstlAdr><AdrLine>57 MIDSUMEMR AVENUE;MIDDLESEX</AdrLine><Ctry/></PstlAdr></Dbtr><DbtrAcct><Id><PrtryAcct><Id>23058013529717</Id></PrtryAcct></Id></DbtrAcct><Cdtr><Nm>Miss Natasha powell</Nm><PstlAdr><AdrLine>WIRECARD;WIRECARD CARD SOLUTIONS</AdrLine><Ctry/></PstlAdr></Cdtr><CdtrAcct><Id><PrtryAcct><Id>23008200448753</Id></PrtryAcct></Id></CdtrAcct><Prtry><Tp>Arro</Tp><Pty/></Prtry></RltdPties><RmtInf><Strd><AddtlRmtInf>NO REF</AddtlRmtInf></Strd><Strd><AddtlRmtInf>NATASHA POWELL//Arro</AddtlRmtInf></Strd></RmtInf><RltdDts><TxDtTm>2018-09-29T12:42:43</TxDtTm></RltdDts><AddtlTxInf>000000FT1827103MKV1020180929826230580</AddtlTxInf></TxDtls><AddtlNtryInf>COMPLETE//0000//003//CREDIT</AddtlNtryInf></Ntry><Ntry><Amt Ccy="GBP">35.00</Amt><CdtDbtInd>CRDT</CdtDbtInd><Sts>BOOK</Sts><BookgDt><Dt>2018-10-01</Dt></BookgDt><BkTxCd><Prtry><Cd>SIP UKBA CR 40269</Cd></Prtry></BkTxCd><TxDtls><Refs><EndToEndId>PPWD00000000AR26PQ</EndToEndId><TxId>PPWD00000000AR26PQ</TxId></Refs><RltdPties><Dbtr><Nm>PayPal</Nm><PstlAdr><AdrLine>2211 N 1st Street San Jose CA 95131</AdrLine><Ctry/></PstlAdr></Dbtr><DbtrAcct><Id><PrtryAcct><Id>23526278959595</Id></PrtryAcct></Id></DbtrAcct><Cdtr><Nm>Marcus Tasker</Nm><PstlAdr><AdrLine>7 Wakefield Close</AdrLine><Ctry/></PstlAdr></Cdtr><CdtrAcct><Id><PrtryAcct><Id>23008200473365</Id></PrtryAcct></Id></CdtrAcct><Prtry><Tp>PPWDL5ZD22ALG9HN9S</Tp><Pty/></Prtry></RltdPties><RmtInf><Strd><RfrdDocInf><RfrdDocTp><Prtry>002</Prtry></RfrdDocTp></RfrdDocInf><AddtlRmtInf>NO REF</AddtlRmtInf></Strd><Strd><AddtlRmtInf>PayPal//PPWDL5ZD22ALG9HN9S</AddtlRmtInf></Strd></RmtInf><RltdDts><TxDtTm>2018-09-29T12:45:22</TxDtTm></RltdDts><AddtlTxInf>PPWD00000000AR26PQ1020180929826235262</AddtlTxInf></TxDtls><AddtlNtryInf>COMPLETE//0000//003//CREDIT</AddtlNtryInf></Ntry><Ntry><Amt Ccy="GBP">0.01</Amt><CdtDbtInd>CRDT</CdtDbtInd><Sts>BOOK</Sts><BookgDt><Dt>2018-10-01</Dt></BookgDt><BkTxCd><Prtry><Cd>SIP UKBA CR 40269</Cd></Prtry></BkTxCd><TxDtls><Refs><EndToEndId>PPRD00000000AR281K</EndToEndId><TxId>PPRD00000000AR281K</TxId></Refs><RltdPties><Dbtr><Nm>PAYPAL CODE 8832</Nm><PstlAdr><AdrLine>2211 N 1st Street San Jose CA 95131</AdrLine><Ctry/></PstlAdr></Dbtr><DbtrAcct><Id><PrtryAcct><Id>23526285010101</Id></PrtryAcct></Id></DbtrAcct><Cdtr><Nm>Jonathan Rose</Nm><PstlAdr><AdrLine>The Reddings Mibourne Lane</AdrLine><Ctry/></PstlAdr></Cdtr><CdtrAcct><Id><PrtryAcct><Id>23008200474716</Id></PrtryAcct></Id></CdtrAcct><Prtry><Tp>PAYPAL CODE 8832</Tp><Pty/></Prtry></RltdPties><RmtInf><Strd><RfrdDocInf><RfrdDocTp><Prtry>002</Prtry></RfrdDocTp></RfrdDocInf><AddtlRmtInf>NO REF</AddtlRmtInf></Strd><Strd><AddtlRmtInf>PAYPAL CODE 8832//PAYPAL CODE 8832</AddtlRmtInf></Strd></RmtInf><RltdDts><TxDtTm>2018-09-29T12:50:15</TxDtTm></RltdDts><AddtlTxInf>PPRD00000000AR281K1020180929826235262</AddtlTxInf></TxDtls><AddtlNtryInf>COMPLETE//0000//003//CREDIT</AddtlNtryInf></Ntry><Ntry><Amt Ccy="GBP">101.00</Amt><CdtDbtInd>CRDT</CdtDbtInd><Sts>BOOK</Sts><BookgDt><Dt>2018-10-01</Dt></BookgDt><BkTxCd><Prtry><Cd>SIP UKBA CR 40269</Cd></Prtry></BkTxCd><TxDtls><Refs><EndToEndId>NOREF</EndToEndId><TxId>100000000391645267</TxId></Refs><RltdPties><Dbtr><Nm>T Harland</Nm></Dbtr><DbtrAcct><Id><PrtryAcct><Id>11055111620867</Id></PrtryAcct></Id></DbtrAcct><Cdtr><Nm>MRS TRACEY HARLAND</Nm></Cdtr><CdtrAcct><Id><PrtryAcct><Id>23008200328937</Id></PrtryAcct></Id></CdtrAcct><Prtry><Tp>MY MONEY</Tp><Pty/></Prtry></RltdPties><RmtInf><Strd><AddtlRmtInf>NO REF</AddtlRmtInf></Strd><Strd><AddtlRmtInf>T Harland//MY MONEY</AddtlRmtInf></Strd></RmtInf><RltdDts><TxDtTm>2018-09-29T12:50:47</TxDtTm></RltdDts><AddtlTxInf>1000000003916452671020180929826110551</AddtlTxInf></TxDtls><AddtlNtryInf>COMPLETE//0000//003//CREDIT</AddtlNtryInf></Ntry><Ntry><Amt Ccy="GBP">50.00</Amt><CdtDbtInd>CRDT</CdtDbtInd><Sts>BOOK</Sts><BookgDt><Dt>2018-10-01</Dt></BookgDt><BkTxCd><Prtry><Cd>SIP UKBA CR 40269</Cd></Prtry></BkTxCd><TxDtls><Refs><EndToEndId>NOREF</EndToEndId><TxId>FP18272O12693420</TxId></Refs><RltdPties><Dbtr><Nm>Philpott Mathew</Nm></Dbtr><DbtrAcct><Id><PrtryAcct><Id>07043616681740</Id></PrtryAcct></Id></DbtrAcct><Cdtr><Nm>ARRO</Nm></Cdtr><CdtrAcct><Id><PrtryAcct><Id>23008200059187</Id></PrtryAcct></Id></CdtrAcct><Prtry><Tp>SAVINGS</Tp><Pty/></Prtry></RltdPties><RmtInf><Strd><AddtlRmtInf>NO REF</AddtlRmtInf></Strd><Strd><AddtlRmtInf>Philpott Mathew//SAVINGS</AddtlRmtInf></Strd></RmtInf><RltdDts><TxDtTm>2018-09-29T12:55:07</TxDtTm></RltdDts><AddtlTxInf>FP18272O12693420  1020180929826070436</AddtlTxInf></TxDtls><AddtlNtryInf>COMPLETE//0000//003//CREDIT</AddtlNtryInf></Ntry><Ntry><Amt Ccy="GBP">0.01</Amt><CdtDbtInd>CRDT</CdtDbtInd><Sts>BOOK</Sts><BookgDt><Dt>2018-10-01</Dt></BookgDt><BkTxCd><Prtry><Cd>SIP UKBA CR 40269</Cd></Prtry></BkTxCd><TxDtls><Refs><EndToEndId>PPRD00000000AR29ZU</EndToEndId><TxId>PPRD00000000AR29ZU</TxId></Refs><RltdPties><Dbtr><Nm>PAYPAL CODE 7373</Nm><PstlAdr><AdrLine>2211 N 1st Street San Jose CA 95131</AdrLine><Ctry/></PstlAdr></Dbtr><DbtrAcct><Id><PrtryAcct><Id>23526285010101</Id></PrtryAcct></Id></DbtrAcct><Cdtr><Nm>Steven Ball</Nm><PstlAdr><AdrLine>19 Gauntlett Road</AdrLine><Ctry/></PstlAdr></Cdtr><CdtrAcct><Id><PrtryAcct><Id>23008200474697</Id></PrtryAcct></Id></CdtrAcct><Prtry><Tp>PAYPAL CODE 7373</Tp><Pty/></Prtry></RltdPties><RmtInf><Strd><RfrdDocInf><RfrdDocTp><Prtry>002</Prtry></RfrdDocTp></RfrdDocInf><AddtlRmtInf>NO REF</AddtlRmtInf></Strd><Strd><AddtlRmtInf>PAYPAL CODE 7373//PAYPAL CODE 7373</AddtlRmtInf></Strd></RmtInf><RltdDts><TxDtTm>2018-09-29T12:57:34</TxDtTm></RltdDts><AddtlTxInf>PPRD00000000AR29ZU1020180929826235262</AddtlTxInf></TxDtls><AddtlNtryInf>COMPLETE//0000//003//CREDIT</AddtlNtryInf></Ntry></Ntfctn></BkToCstmrDbtCdtNtfctnV01></Document>