<?xml version="1.0" encoding="UTF-8"?><Document xmlns:xsi="http://www.w3.org/2001/XMLSchema-instance" xmlns="urn:iso:std:iso:20022:tech:xsd:camt.054.001.01"><BkToCstmrDbtCdtNtfctnV01><GrpHdr><MsgId>80309K//13545</MsgId><CreDtTm>2018-09-30T23:00:00</CreDtTm></GrpHdr><Ntfctn><Id>80309K//13545//1</Id><CreDtTm>2018-09-30T23:00:00</CreDtTm><Acct><Id><PrtryAcct><Id>20594233939774</Id></PrtryAcct></Id><Ccy>GBP</Ccy></Acct><TxsSummry><TtlNtries><NbOfNtries>5</NbOfNtries><Sum>324.55</Sum></TtlNtries><TtlCdtNtries><NbOfNtries>5</NbOfNtries><Sum>324.55</Sum></TtlCdtNtries><TtlDbtNtries><NbOfNtries>0</NbOfNtries><Sum>0.00</Sum></TtlDbtNtries></TxsSummry><Ntry><Amt Ccy="GBP">0.05</Amt><CdtDbtInd>CRDT</CdtDbtInd><Sts>BOOK</Sts><BookgDt><Dt>2018-10-01</Dt></BookgDt><BkTxCd><Prtry><Cd>SIP UKBA CR 40269</Cd></Prtry></BkTxCd><TxDtls><Refs><EndToEndId>NOREF</EndToEndId><TxId>500000000393634047</TxId></Refs><RltdPties><Dbtr><Nm>J Begum</Nm></Dbtr><DbtrAcct><Id><PrtryAcct><Id>11049300146925</Id></PrtryAcct></Id></DbtrAcct><Cdtr><Nm>RIYADH ALI</Nm></Cdtr><CdtrAcct><Id><PrtryAcct><Id>23008200469666</Id></PrtryAcct></Id></CdtrAcct><Prtry><Tp>ARRO</Tp><Pty/></Prtry></RltdPties><RmtInf><Strd><AddtlRmtInf>NO REF</AddtlRmtInf></Strd><Strd><AddtlRmtInf>J Begum//ARRO</AddtlRmtInf></Strd></RmtInf><RltdDts><TxDtTm>2018-09-30T22:30:38</TxDtTm></RltdDts><AddtlTxInf>5000000003936340471020180930826110493</AddtlTxInf></TxDtls><AddtlNtryInf>COMPLETE//0000//003//CREDIT</AddtlNtryInf></Ntry><Ntry><Amt Ccy="GBP">240.00</Amt><CdtDbtInd>CRDT</CdtDbtInd><Sts>BOOK</Sts><BookgDt><Dt>2018-10-01</Dt></BookgDt><BkTxCd><Prtry><Cd>SIP UKBA CR 40269</Cd></Prtry></BkTxCd><TxDtls><Refs><EndToEndId>NOREF</EndToEndId><TxId>RP4659985748018000</TxId></Refs><RltdPties><Dbtr><Nm>CAFE TESORO LTD</Nm></Dbtr><DbtrAcct><Id><PrtryAcct><Id>20454523136930</Id></PrtryAcct></Id></DbtrAcct><Cdtr><Nm>MILAD SHAKOURIFAR</Nm></Cdtr><CdtrAcct><Id><PrtryAcct><Id>23008200401228</Id></PrtryAcct></Id></CdtrAcct><Prtry><Tp>MEHDI</Tp><Pty/></Prtry></RltdPties><RmtInf><Strd><AddtlRmtInf>NO REF</AddtlRmtInf></Strd><Strd><AddtlRmtInf>CAFE TESORO LTD//MEHDI</AddtlRmtInf></Strd></RmtInf><RltdDts><TxDtTm>2018-09-30T22:31:58</TxDtTm></RltdDts><AddtlTxInf>RP46599857480180001020180930826200026</AddtlTxInf></TxDtls><AddtlNtryInf>COMPLETE//0000//003//CREDIT</AddtlNtryInf></Ntry><Ntry><Amt Ccy="GBP">64.00</Amt><CdtDbtInd>CRDT</CdtDbtInd><Sts>BOOK</Sts><BookgDt><Dt>2018-10-01</Dt></BookgDt><BkTxCd><Prtry><Cd>SIP UKBA CR 40269</Cd></Prtry></BkTxCd><TxDtls><Refs><EndToEndId>00151793632BBFXYJB</EndToEndId><TxId>00151793632BBFXYJB</TxId></Refs><RltdPties><Dbtr><Nm>DEBORAH BAXTER</Nm></Dbtr><DbtrAcct><Id><PrtryAcct><Id>09012682219919</Id></PrtryAcct></Id></DbtrAcct><Cdtr><Nm>DEBORAH BAXTER</Nm></Cdtr><CdtrAcct><Id><PrtryAcct><Id>23008200197261</Id></PrtryAcct></Id></CdtrAcct><Prtry><Tp>holiday</Tp><Pty/></Prtry></RltdPties><RmtInf><Strd><AddtlRmtInf>NO REF</AddtlRmtInf></Strd><Strd><AddtlRmtInf>DEBORAH BAXTER//holiday</AddtlRmtInf></Strd></RmtInf><RltdDts><TxDtTm>2018-09-30T22:33:25</TxDtTm></RltdDts><AddtlTxInf>00151793632BBFXYJB1020180930826090126</AddtlTxInf></TxDtls><AddtlNtryInf>COMPLETE//0000//003//CREDIT</AddtlNtryInf></Ntry><Ntry><Amt Ccy="GBP">20.00</Amt><CdtDbtInd>CRDT</CdtDbtInd><Sts>BOOK</Sts><BookgDt><Dt>2018-10-01</Dt></BookgDt><BkTxCd><Prtry><Cd>SIP UKBA CR 40269</Cd></Prtry></BkTxCd><TxDtls><Refs><EndToEndId>NOREF</EndToEndId><TxId>RP4659985748788800</TxId></Refs><RltdPties><Dbtr><Nm>STOGEVICIENE O</Nm></Dbtr><DbtrAcct><Id><PrtryAcct><Id>20466593153207</Id></PrtryAcct></Id></DbtrAcct><Cdtr><Nm>SANDRA AKSENCIUTE</Nm></Cdtr><CdtrAcct><Id><PrtryAcct><Id>23008200379362</Id></PrtryAcct></Id></CdtrAcct><Prtry><Tp>STOGEVICIENE</Tp><Pty/></Prtry></RltdPties><RmtInf><Strd><AddtlRmtInf>NO REF</AddtlRmtInf></Strd><Strd><AddtlRmtInf>STOGEVICIENE O//STOGEVICIENE</AddtlRmtInf></Strd></RmtInf><RltdDts><TxDtTm>2018-09-30T22:49:45</TxDtTm></RltdDts><AddtlTxInf>RP46599857487888001020180930826200026</AddtlTxInf></TxDtls><AddtlNtryInf>COMPLETE//0000//003//CREDIT</AddtlNtryInf></Ntry><Ntry><Amt Ccy="GBP">0.50</Amt><CdtDbtInd>CRDT</CdtDbtInd><Sts>BOOK</Sts><BookgDt><Dt>2018-10-01</Dt></BookgDt><BkTxCd><Prtry><Cd>SIP UKBA CR 40269</Cd></Prtry></BkTxCd><TxDtls><Refs><EndToEndId>NOREF</EndToEndId><TxId>FP18273O13835517</TxId></Refs><RltdPties><Dbtr><Nm>Morrish Jessica</Nm></Dbtr><DbtrAcct><Id><PrtryAcct><Id>07043626326183</Id></PrtryAcct></Id></DbtrAcct><Cdtr><Nm>JAMIE UNGER</Nm></Cdtr><CdtrAcct><Id><PrtryAcct><Id>23008200477308</Id></PrtryAcct></Id></CdtrAcct><Prtry><Tp>MONEY</Tp><Pty/></Prtry></RltdPties><RmtInf><Strd><AddtlRmtInf>NO REF</AddtlRmtInf></Strd><Strd><AddtlRmtInf>Morrish Jessica//MONEY</AddtlRmtInf></Strd></RmtInf><RltdDts><TxDtTm>2018-09-30T22:50:58</TxDtTm></RltdDts><AddtlTxInf>FP18273O13835517  1020180930826070436</AddtlTxInf></TxDtls><AddtlNtryInf>COMPLETE//0000//003//CREDIT</AddtlNtryInf></Ntry></Ntfctn></BkToCstmrDbtCdtNtfctnV01></Document>